|Nom|Format|Description|Prix/QTE|Prix
4|4 pains burgers bio classique|le paquet de 220g|[Origine : FRANCE, Farine de blé*, eau, sucre de canne roux*, graines de lin* (4,3%), huile de colza*, agent d'enrobage : gomme de guar, levure, gluten de blé*, sel, arôme. Farine de blé français. Traces possibles de soja, oeuf, lait, sésame, lupin et moutarde.]|"
8,65€ / Kg"|##
17|Bolo Balls|La box de 300g|[Origine : FRANCE]||##
18|Bolo Balls|La box de 300g|[Origine : FRANCE]||##
30|Taboulé au poulet grillé|La barquette de 500g|[Origine : FRANCE, ?Semoule de blé dur réhydraté ?(?57?%)?, ?poulet grillé traité en salaison ?(?8?%)(?viande de poulet?, ?matière grasse de poulet?, ?protéines de blé?, ?sel?, ?amidon de pomme de terre?, ?stabilisant ?: ?E?407?a?-?E?451?i?, ?dextrose?, ?arôme?)?, ?poivrons (?8?%)?, ?huile de colza?, ?maïs ?(?5?%)?, ?tomates ?(?5?%)?, ?petits pois ?(?4?%)?,?vinaigre d?'?alcool?, ?ciboulette?, ?sel?, ?sucre?, ?arômes naturels?, ?épices ?(?0?,?2?%)?, ?conservateur ?: ?sorbate de potassium?. Traces possibles de ?: ?céleri?, ?lait?, ?crustacé?, ?moutarde?, ?oeuf?, ?poisson?, ?soja.?, Valeur énergétique en Joules :  741kj, Valeur énergétique en Kcal : 177kcal, Glucides : 19,0g, Lipides : 8,0g, Protides :6,0g, A conserver entre 0°C et +4°C. A consommer rapidement après ouverture. Conditionné sous atmosphère protectrice.]|"
5,98€ / Kg"|##
42|Mortadelle de Bologne , IGP|la barquette de 70g|[Origine : ITALIE, Viande de porc, sel, sucre, arôme épices, antioxydant (ascorbate de sodium), conservateur (nitrite de sodium). Sans gluten., Valeur énergétique en Joules :  1187kj, Valeur énergétique en Kcal : 286kcal, Glucides : 0,1g, Lipides : 24g, Protides :17,5g, Conservation : +4°C. Produit emballé sous atmosphère protectrice.]|"
27,57€ / Kg"|##
61|##|##|[]|##|##
62|##|##|[]|##|##
63|##|##|[]|##|##
64|##|##|[]|##|##
65|Le Crémeux Normand|La piece de 200g|[Origine : FRANCE, LAIT DE VACHE PASTEURISE / SEL / FERMENTS LACTIQUES ET D'AFFINAGE, Valeur énergétique en Joules :  1416kj, Valeur énergétique en Kcal : 342kcal, Glucides : 1g, Lipides : 30g, Protides :17g]|"
11,50€ / Kg"|##
77|Fromage à raclette classique, -25% de sel|Le paquet de 400g|[Origine : FRANCE, LAIT DE VACHE PASTEURISE - SEL - FERMENTS LACTIQUES ET D'AFFINAGE - COAGULANT - CONSERVATEUR (E 235)]|"
11,53€ / Kg"|##
78|Fromage pour raclette, classique|Les 16 tranches, 400g|[Origine : FRANCE, Trente ans de tradition. Affinage sur Epicéa.La marque n°1 de la raclette., Valeur énergétique en Joules :  1361, Valeur énergétique en Kcal : 328, Glucides : 0,5, Lipides : 26, Protides :23, A CONSERVER ENTRE 4 C ET 6 C]|"
11,53€ / Kg"|##
79|Fromage pour raclette, goût nature et fumé|Les 16 tranches, 400g|[Origine : FRANCE, RACLETTE NATURE : LAIT DE VACHE PASTEURISE - SEL - COAGULANT - CHLORURE DE CALCIUM - FERMENT LACTIQUE ET D'AFFINAGE COLORANT DE SURFACE E 160b   E 120 - CONSERVATEURS E 235 - LYSOZYME E 1105 LAIT DE VACHE PASTEURISE - SEL - COAGULANT - CHLORURE DE CALCIUM - FERMENT LACTIQUE ET D'AFFINAGE RACLETTE FUME : LAIT DE VACHE PASTEURISE - SEL - COAGULANT - CHLORURE DE CALCIUM - FERMENT LACTIQUE ET D'AFFINAGE COLORANT DE SURFACE E 160b   E 120 - CONSERVATEURS E 235 - LYSOZYME E 1105- AROME DE FUMEE, Valeur énergétique en Joules :  1361, Valeur énergétique en Kcal : 328, Glucides : 0,5, Lipides : 26, Protides :23, A CONSERVER ENTRE 4 C ET 6 C]|"
11,53€ / Kg"|##
80|Fromage pour raclette sans croûte, au lait de montagne|Les 16 tranches, 400g|[Origine : FRANCE, Tout le plaisir sans la croûte.La marque n°1 de la raclette., Pour 3-4 personnes., LAIT DE VACHE PASTEURISE - SEL - COAGULANT - CHLORURE DE CALCIUM - FERMENT LACTIQUE ET D'AFFINAGE - CONSERVATEURS E 235 - LYSOZYME E 1105, Valeur énergétique en Joules :  1361, Valeur énergétique en Kcal : 328, Glucides : 0,5, Lipides : 26, Protides :23, A CONSERVER ENTRE 4 C ET 6 C]|"
11,53€ / Kg"|##
89|Yaourt à la Grecque sur lit aux framboises|Les 2 pots de 150g, soit 300g|[Origine : FRANCE, Yaourt brassé nature sucré sur préparation de framboises, aromatisée., Yaourt brassé nature sucré 80% (lait entier, crème, sucre 6%, ferments lactiques (dont lait), protéines de lait et lactose), préparation aux framboises et arômes 20% (framboises 12%, eau, sucre, fructose, amidon transformé de maïs, colorant : anthocyanes, arômes, épaississants : gomme guar, gomme xanthane, conservateur : sorbate de potassium)., Valeur énergétique en Joules :  527kj, Valeur énergétique en Kcal : 126kcal, Glucides : 14g, Lipides : 6,7g, Protides :2,2g, A conserver entre 0°C et +6°C.]|"
4,57€ / Kg"|"
1,37 €"
92|Minis danio framboise 4x100g|Les 4 pots de 100g|[Origine : FRANCE, Lait ÍcrÍmÍ  framboise (10%) crÈme (lait) sucre (6,3%) sucre liquide (1%) Ípaississants: amidon transformÍ (E1442), carraghÍnanes (E407), gomme guar(E412) jus de carotte pourpre concentrÍ ar«me naturel concentrÍ des minÍraux du lait ferments lactiques (lait) correcteur d'aciditÍ: citrate de calcium (E331) jus de citron concentrÍ, Glucides : 10,7G, Lipides : 2,4G, Protides :7,3G]|"
6,23€ / Kg"|##
93|Spécialité laitière sur lit de fraises, 0% de mat. Gr|Les 4 pots de 100g|[Origine : FRANCE, lait ÍcrÍmÍ  fraise (10%) sucre (6,3%) sucre liquide (2%) Ípaississants:amidon transformÍ  (E1442), carraghÍnanes (E407), gomme guar(E412) akÈnes de fraise jus de carotte concentrÍ ar«me naturel (lait) concentrÍ des minÍraux du lait ferments lactiques (lait) jus de citron concentrÍ correcteur d'aciditÍ: citrate de sodium, Glucides : 11,6G, Lipides : 0,1G, Protides :7,9G]|"
6,23€ / Kg"|##
94|Spécialité laitière sur lit de fruits de la passion, 0% de mat. Gr|Les 4 pots de 100g|[Origine : FRANCE, lait ÍcrÍmÍ  sucre (7,8%) fruits de la passion (5%) jus de fruits de lapassion Å base de concentrÍ (4,3%) Ípaississants: amidon modifiÍ (E1422), pectine  (E440), gomme guar(E412) jus de citron concentrÍ correcteur d'aciditÍ: citrate de sodium (E331)concentrÍ des minÍraux du lait ferments lactiques (lait) ar«me naturel, Glucides : 12,2G, Lipides : 0,1G, Protides :8,1G]|"
6,23€ / Kg"|##
95|Spécialité laitière sur lit de mangue, 0% de mat. Gr|Les 4 pots de 100g|[Origine : FRANCE, lait ÍcrÍmÍ  mangue(10%) sucre (6,3%) sucre liquide (1,3%) Ípaississants: amidon transformÍ (E1442), carraghÍnanes (E407), gomme guar(E412) jus concentrÍ de citron concentrÍ des minÍraux du lait concentrÍ de carotte et de citrouille ferments lactiques (lait) ar«me naturel (lait) correcteur d'aciditÍ: citrate de sodium (E331), Glucides : 11,6G, Lipides : 0,2G, Protides :7,9G]|"
6,23€ / Kg"|##
96|Spécialité laitière sur lit de myrtilles, 0% de mat. Gr|Les 4 pots de 100g|[Origine : FRANCE, lait ÍcrÍmÍ  myrtille(10%) sucre (7,9%) Ípaississants: amidon transformÍ(E1422), pectine (E440), gomme guar(E412) ar«me naturel jus de citron concentrÍ concentrÍ des minÍraux du lait correcteur d'aciditÍ: citrate de sdium (E331) ferments lactiques (lait), Glucides : 12,1G, Lipides : 0,1G, Protides :7,9G]|"
6,23€ / Kg"|##
99|Petit gervais aux fruits|Les 18 pots de 50g|[Origine : FRANCE]|"
2,99€ / Kg"|##
108|Choux-fleurs, carottes, pois gourmands et courgettes, cuisson vapeur|La boîte de 400g|[Origine : ALLEMAGNE, Découvrez cette sélection de légumes du jardin: choux-fleurs et jeunes carottes accompagnés de courgette et pois croquants en gousse, le tout délicatement assaisonné.  Cuisson vapeur: Les légumes cuisent à la vapeur dans leur sachet en quelques minutes au micro-ondes. Délicatement assaisonnés, leur goût et leur saveur sont parfaitement restitués., Préparation au micro-ondes: pour un résultat optimal. Inutile de décongeler. Placez le(s) sachet(s), sans le(s) percer, sur une assiette adaptée au micro-ondes la face imprimée tournée vers le haut. Chauffez selon le tableau. Sortez l'assiette du micro-ondes et laissez reposer quelques instants. Tenez le(s) sachet(s) par une extrémité et ouvrez-le(s) à l'aide de ciseaux. Mélangez bien l'assaisonnement et les légumes afin qu'ils se marient parfaitement. Attention, le contenu et le(s) sachet(s) sont très chauds. Préparation à la casserole: versez le contenu du sachet ou des sachets dans une casserole avec 1 à 2 cuillèrées d'eau, laissez cuire à feu moyen 3 à 4 mn pour un sachet, 5 à 6mn pour deux sachets.  Ne jamais recongeler un produit décongelé., Au réfrigérateur: +/- 24 heures. Dans le compartiment à glace: 1 semaine. Au congélateur à -18°C: plusieurs mois.]|"
7,28€ / Kg"|##
161|Gaufre de liege au chocolat|Le sachet de 7 pieces 362,6g|[Origine : FRANCE, Nos gaufres de Liège sont élaborées au coeur du terroir Belge, sans colorants ni conservateurs, à partir d'ingrédients sélectionnés avec soins pour leur qualité pâtissière., Farine de blé tendre, perles de sucre (18%), huiles végétales (palme, colza), chocolat belge (13%) (sucre, pâte de cacao, beurre de cacao, graisse butyrique (lait), émulsifiant (lécithine de soja et E476)), sirop de glucose-fructose, oeufs frais (4%), levure, émulsifiant (mono- et diglycérides d'acides gras, stéaroyl-2-lactylate de sodium, lécithine de soja), sel, arôme.  Recette garantie sans ajout de colorants ni conservateurs.]|"
8,02€ / Kg"|##
162|Gaufre de liege perles de sucre|le sachet 7x45g|[Origine : FRANCE, Nos gaufres de Liège sont élaborées au coeur du terroir Belge, sans colorants ni conservateurs, à partir d'ingrédients sélectionnés avec soins pour leur qualité pâtissière., Farine de blé tendre, perles de sucre (21%), huiles végétales (palme, colza), sirop de glucose-fructose, oeufs frais (5%), levure, émulsifiant (mono- et diglycérides d'acides gras, stéaroyl-2-lactylate de sodium, lécithine de soja), sel, arôme. Fabriqué dans un atelier qui utilise : lait. Recette garantie sans ajout de colorants ni conservateurs.]|"
7,65€ / Kg"|##
166|Ananas en tranches au sirop léger|Les 3 boîtes de 225g|[Origine : FRANCE, Pour une alimentation équilibrée , les experts recommandent de consommer 5 fruits et légumes par jour qu'ils soient frais , cuits , surgelés ou en conserve., Ananas , eau , sucre , acidifiant : acide citrique. Sans conservateur ., Valeur énergétique en Joules :  250Kj, Valeur énergétique en Kcal : 59Kcal, Glucides : 14g, Lipides : 0,2g, Protides :0,3g]|"
4,96€ / Kg"|"
3,35 €"
167|Pêches demi-fruits au sirop|La boîte de 850g|[Origine : FRANCE, Pour una alimentation équilibrée les experts recommandent de consommer 5 fruits et légumes par jour qu'ils soient frais , cuits , surgelés ou en conserve., Oreillons de pêches Pavie , eau , sirop de glucose-fructose , sucre , acidifiant : acide citrique.Sans conservateur., Valeur énergétique en Joules :  298Kj, Valeur énergétique en Kcal : 70KCal, Glucides : 17g, Lipides : 0,1g, Protides :0,3g]|"
3,21€ / Kg"|"
2,73 €"
170|Farine fluide|Le paquet de 1kg|[Origine : FRANCE, Cette farine associe tous les intérêts nutritionnels des meilleurs blés : des protéines végétales, des glucides d'assimilation lente et des fibres indispensables à notre équilibre alimentaire.]|"
1,10€ / Kg"|"
1,10 €"
171|Levure boulangère|La boîte de 6 sachets de 5g|[Origine : FRANCE, Levure boulangère spéciale pains et brioches., En machine à pain : 1 sachet de Ma Levure boulangère Francine pour un pain de 750 g. 2 sachets de Levure Boulangère Francine pour un pain de 1 kg et plus. Les conseils en cas de départ différé : respecter l'ordre des ingrédients indiqué dans les modes d'emploi des farines à pain Francine. Eviter que la levure ne rentre en contact avec le liquide ou le sel. A la main : 2 sachets de Levure Boulangère Francine pour un pain de 750 g et plus., Levure boulangère instantanée, émulsifiant : E491., A conserver dans un endroit sec et frais. Après ouverture, refermer soigneusement et conserver 12 h au réfrigérateur. Produit conditionné sous atmosphère protectrice.]|"
52,67€ / Kg"|"
1,58 €"
172|Préparation à base de sucre en grain arôme Guimauve|Le flacon de 80g|[Origine : FRANCE]|"
47,00€ / Kg"|"
3,76 €"
173|Gélifiant à la pectine de fruits pour confitures, gelées et pâtes de fruits|Les 5 sachets, 188g|[Origine : FRANCE, Vitpris contient de la pectine de fruits, un élément naturel pour des confitures bien prises. Une confiture réussie est une confiture bien prise. C'est la pectine contenue dans les fruits qui permet aux confitures de 'prendre', mais souvent, les fruits ne sont pas assez riches en pectine et une cuisson prolongée est donc nécessaire pour obtenir une confiture bien prise. Vitpris est un produit à base de pectine de fruits. Cette pectine ajoutée aux fruits au moment de la préparation de la confiture permet une prise rapide et facile. Le temps de cuisson est donc réduit., dextrose, gélifiant : pectine de fruits (18%), acidifiant : acide citrique, huile végétale. Traces : blé.]|"
21,86€ / Kg"|"
4,11 €"
174|Sucre de canne en poudre, brut non raffiné, certifié AB|Le paquet de 500g|[Origine : FRANCE, Blonvilliers étant aujourd'hui sa gamme en vous offrant un sucre biologique certifié commerce équitable. Blondvilliers Blond de Canne ne subit pas de raffinage., Sucre brut de canne bio.]|"
4,78€ / Kg"|"
2,39 €"
175|Sucre blanc de canne en petits morceaux, spécial café|La boîte de 1kg|[Origine : FRANCE, Sélection pure canne.]|"
2,38€ / Kg"|"
2,38 €"
177|Sucre blanc en morceau, 50% plus petit, aux extraits de plantes de Stévia|La boîte de 250g|[Origine : FRANCE, 1 morceau de Ligne aux extrais de plantes de Stévia sucre autant qu'un morceau de sucre habituel. La Stévia est une plante reconnue pour son pouvoir sucrant exceptionnel sans calories.50% plus petit qu'un morceau habituel pour le même pouvoir sucrant., Sucre (99,7%), édulcorant (0,3%) : rébaudioside A (extraits de Stévia Rebaudiana), arôme naturel., Valeur énergétique en Joules :  1700kj, Valeur énergétique en Kcal : 400kcal, Glucides : 99,7g, Lipides : 0g, Protides :0g]|"
11,76€ / Kg"|"
2,94 €"
178|Sirop d'Agave|Le flacon de 500ml|[Origine : FRANCE, Le sirop d'agave est la sève d'un cactus mexicain. C'est un sucre non raffiné qui représente une véritable alternative au sucre blanc., *100% sirop d'agave concentré. *Ingrédient d'origine agricole obtenu selon les règles de la production biologique., Valeur énergétique en Joules :  1800kj, Valeur énergétique en Kcal : 420kcal, Glucides : 106g, Lipides : 0,5g, Protides :0,5g]|"
15,22€ / L"|"
7,61 €"
179|Edulcorant de table, recharge pour distributeur|La boîte de 600 comprimés, 51g|[Origine : FRANCE, Grâce à sa recette unique, vous permet d'apporter un bon goût sucré à vos boissons chaudes en toute légèreté et en toute circonstance., Ouvrir la partie supérieure du boîtier vide. Verser le contenu du sachet puis refermer avec la partie supérieure rouge. Votre boîtier est prêt à l'emploi.]|"
0,01€ / Pce"|"
6,09 €"
180|Noisettes grillées en poudre, Sans colorant ni conservateur|Le sachet de 125g|[Origine : FRANCE, Vahiné a sélectionné ces noisettes pour garantir ce goût unique. Leur fine poudre apportera à vos préparations une saveur boisée et une consistance moelleuse. Vahiné, c'est gonflé !, Noisettes grillées en poudre. Conditionné dans un atelier travaillant d'autres fruits secs à coque., Après ouverture, nous vous conseillons de refermer le sachet, de le conserver dans un endroit frais et sec et de le consommer sous 15 jours.]|"
36,64€ / Kg"|"
4,58 €"
181|Gélatine alimentaire en feuilles|Les 9 feuilles, 17g|[Origine : FRANCE, Vahiné vous propose de la gélatine en feuilles pour vous permettre de réussir facilement vos mousses, bavarois, charlottes, gelées et terrines de fruits.La gélatine alimentaire vous aide à diminuer la valeur calorique de vos desserts : moins de sucre, moins de beurre. Gélatine propre à la consommation humaine., Faites tremper les feuilles de gélatine dans de l'eau froide pendant 5 à 10min. Egouttez-les quelques secondes dans une passoire. Incorporez-les à votre préparation chaude, mais non bouillante. Remuez jusqu'à complète dissolution., Gélatine alimentaire en feuilles origine porcine., A conserver à l'abri de la chaleur et de l'humidité.]|"
118,24€ / Kg"|"
2,01 €"
182|Levure chimique, poudre à lever|Les 5 sachets de 11g|[Origine : FRANCE, Poudres à lever : pyrophosphate disodique et bicarbonate de sodium, amidon de blé.]|"
12,91€ / Kg"|"
0,71 €"
183|Fruits au four caramel|La boite de 150g|[Origine : FRANCE, Un produit innovant et simple d'utilisation que le consommateur peut ajuster à sa guise (par le choix des fruits). Une utilisation du sachet cuisson particulièrement tendance actuellement., Eplucher 4 fruits selon le tableau de recommandation sur le pack. Verser l'intégralité du sachet de sauce dans un bol et ajouter de l'eau selon la quantité indiquée sur le pack. Mettre vos fruits et la sauce dans un sachet de cuisson et mettre le tout au micro-onde (respecter le temps indiqué sur le pack). Sortez l'assiette avec des gants et couper le sachet avec des ciseaux. Mettre le contenu du sachet dans une assiette., Sucre, caramel : 25% (sucre, eau), beurre : 2,5%, amidon, beurre de cacao, lait écrémé, épaississant, gomme de xanthane, arôme caramel., Valeur énergétique en Joules :  1800kj, Valeur énergétique en Kcal : 420kcal, Glucides : 94g, Protides :0,5g, A consommer dans les 48h qui suivent la préparation.]|"
22,60€ / Kg"|"
3,39 €"
184|Préparation Cookies Eclats de chocolat blanc & pralines roses|Le kit pour 12 cookies, soit 395g|[Origine : FRANCE, Kit pour 12 cookies prêt en 5 min., Ingrédients à ajouter : 75 g de beurre + 1 oeuf. Préchauffez le four à 180°C (th6) et recouvrez la grille avec du papier cuisson. Mélangez dans un saladier, le beurre fondu et l'oeuf, puis incorporer le contenu de la boite. Formez 12 boules de pâte et déposez les sur le papier en les espaçant de 4 cm. Enfournez et laissez cuire 12 à 15 min. Laissez refroidir avant de déguster le bon goût du fait maison., Farine de blé, sucre semoule, éclats de chocolat blanc (sucre, poudre de lait entier, beurre de cacao, lait écrémé en poudre, émulsifiant : lécithine de soja, vanille naturelle), pralines roses (sucre, amandes 20%, sirop de glucose, colorant E129, amidon, huile de palme), levure (pyrophosphate acide de sodium, bicarbonate de soude, amidon de blé). Sans conservateur, sans arôme artificiel., Valeur énergétique en Joules :  1772, Valeur énergétique en Kcal : 424, Glucides : 70.4, Lipides : 16.1, Protides :7.2, Conserver dans un endroit sec à l'abri de la chaleur.]|"
18,23€ / Kg"|"
7,20 €"
185|Pâte à sucre pour déco, rose pâle|Le sachet de 250g|[Origine : DANEMARK]|"
16,72€ / Kg"|"
4,18 €"
187|Alsa sucre petillant 30g|La boite de 30g-3sachets|[Origine : FRANCE, A saupoudrer juste avant de déguster sur vos fruits frais, vos mousses au chocolat et vos yaourts pour un crépitement en bouche qui fera sourire petits et grands., Sucre (60%), sirop de glucose, lactose (lait), dioxyde de carbone, amidon de riz., Produit sensible à l'humidité. A consommer en totalité juste après ouverture.]|"
112,33€ / Kg"|"
3,37 €"
188|Arôme amande amère|Le blister de 20ml|[Origine : FRANCE, A consommer, uniquement après dilution dans votre préparation. Ne pas verser l'arôme dans un récipient placé sur le feu., Arôme amande amère. Huile de tournesol, arômes.]|"
83,50€ / L"|"
1,67 €"
189|Arôme vanille|Le flacon de 200ml|[Origine : FRANCE, Vahiné vous propose une gamme de 6 arômes faciles à utiliser : café, citron, orange, amande amère, fleurs d'oranger et vanille.Délicieusement parfumés et faciles à utiliser, ils apportent une note magique à de nombreux desserts., Arôme alimentaire à consommer uniquement après dilution dans votre recette. Pour une préparation (pâte à crêpes, salades de fruits, compotes, quatre quarts, ) de 4 à 6 personnes, ajoutez 1 à 2 cuillères à soupe maximum d'arôme vanille., Eau, sucre, sirop de glucose, arôme, monopropylène glycol.]|"
21,00€ / L"|"
4,20 €"
190|Bougies effilées|Les 12 bougies|[Origine : FRANCE, Durée de combustion : 15min. Supports garantis contact alimentaire., Ne jamais laisser brûler les bougies sans surveillance ou à proximité d'objets inflammables. Tenir ce produit hors de la portée des enfants et des animaux domestiques. Veiller à ce que les supports ne soient pas avalés. Bien fixer les bougies de façon verticale sur le gâteau. S'assurer qu'il y a au moins 2.5cm entre chaque bougie. Eteindre les bougies quand elles atteignent 1cm. Vérifier qu'elles soient bien éteintes avant de les jeter. Ôter les gouttes de cire éventuellement tombées sur le gâteau.]|"
2,32€ / Pce"|"
2,32 €"
191|Crayon pâtissier au chocolat et noisette|Le tube de 23g|[Origine : FRANCE, Préparez un gâteau au yaourt ou au chocolat selon votre choix. Laissez refroidir. Pendant ce temps, préparez le glaçage blanc comme suit : Mélangez 1 blanc d'oeuf à 200g de sucre glace Vahiné. Ajoutez le jus d'1/2 citron. Mélangez vivement. Une foisle gâteau complétement refroidi, nappez-le avec ce glaçage. Décorez alors votre gâteau avec le crayon pâtissier vahiné et des décors en sucre ou des copeaux de chocolats Vahiné., Sucre, huile végétal, pâte de noisette 13,9%, lactosérum en poudre (lactose et protéines de lait), poudre de cacao maigre, émulsifiant : lécithine de soja, arômes.]|"
107,83€ / Kg"|"
2,48 €"
192|Gousse de vanille intense, origine Indonésie, certifié AB|Le blister de 3g|[Origine : FRANCE, Pour vous offrir une vanille d'exception, Vahiné a été chercher une vanille d'origine biologique, 100% naturelle, qui restituera dans vos desserts toute sa richesse.Cultivée dans la région SAVA (Sambava, Antalaha, Vohémar, Andapa) au Nord Est de Madagascar, cette vanille de type planifolia a été choisie pour son intensité aromatique et sa richesse en vanilline., Les petites graines de cette gousse d'exception égayeront et ensoleilleront vos desserts et plus spécialement vos entremets et crèmes brûlées. Fendez-la puis, à l'aide d'un couteau, détachez les grains noirs aromatiques qu'elle contient pour les répandre dans votre préparation. Si de petits cristaux blancs apparaissent sur votre vanille, ce n'est pas un problème de conservation de votre produit mais un phénomène naturel gage de son taux élevé en vanilline. Produit sujet à dessiccation., Gousse de vanille issue de l'agriculture biologique., Vous pouvez conserver une gousse de vanille en la laissant dans un pot de sucre.]|"
1180,00€ / Kg"|"
3,54 €"
193|Pate a sucre bleue|Le paquet de 250g|[Origine : DANEMARK, Facile à étaler et à modeler. Goût vanillé., Etalez la pâte avec un rouleau à pâtisserie, sur un plan de travail saupoudré de sucre glace pour éviter que la pâte ne colle., Sucre, sirop de glucose, matière grasse végétale (palme et palmiste), eau, stabilisants: glycérol, gomme xanthane, E466, émulsifiant : E472c, arôme, colorant : E133, conservateur : sorbate de potassium., Valeur énergétique en Joules :  1680kj, Valeur énergétique en Kcal : 400kcal, Glucides : 88g, Lipides : 5,g, Protides :0g, A conserver à l'abri de la chaleur, de la lumière et de l'humidité. Après ouverture, conserver dans une boîte hermétique et consommer rapidement.]|"
15,20€ / Kg"|"
3,80 €"
194|Pépites de chocolat|Le sachet de 100g|[Origine : FRANCE, Vahiné a sélectionné ces pépites de chocolat noir, à 50% de cacao d'origine Côte d'Ivoire, pour agrémenter d'un geste simple tous vos desserts : muffins, cakes, gâteaux au yaourt Idéales aussi pour réaliser une mousse au chocolat ou décorer une coupede glace. Vahiné c'est gonflé ! Nouvelle recette à la teneur en cacao supérieure (50% min au lieu de 44% min)., Le chocolat est un produit sensible aux écarts de température. Il est possible qu'il blanchisse. Ce changement de couleur n'altère en rien le goût et la qualité du produit., Sucre, pâte de cacao (origine Côte d'Ivoire), beurre de cacao, poudre de cacao maigre, émulsifiant : lécithine de soja, arôme naturel de vanille. Contient des traces de lait. Conditionné dans un atelier travaillant des fruits à coque., A conserver à l'abri de la chaleur et de l'humidité.]|"
28,70€ / Kg"|"
2,87 €"
195|Préparation pour fixer la chantilly|Les 3 sachets de 6,5g|[Origine : FRANCE, Vahiné vous propose Fixe Chantilly pour vous permettre de réaliser facilement une crème chantilly ferme et onctueuse., Pour 1 /4 de litre de crème fraîche liquide (ou épaisse) : fouettez la crème fraîche dans une terrine pendant 1 minute. Ajoutez 1 sachet de Fixe Chantilly mélangé à 50 g de sucre en poudre. Continuez de fouetter jusqu'à obtention d'une consistance ferme. Conservez au frais. Notre conseil : si vous souhaitez obtenir une crème Chantilly plus légère, utilisez 1 sachet de Fixe Chantilly pour 1 litre de crème fraîche., Dextrose, amidon modifié, gélifiant : E407, arôme. Préparation dans un atelier travaillant oeuf, lait, soja.]|"
53,16€ / Kg"|"
1,01 €"
196|Sucre doré|Le flacon de 82g|[Origine : FRANCE, Sucre coloré., Sucre, colorants E171, E172, agent d'enrobage : shellac, matière grasse végétale. Contient des traces de soja, lait, fruits à coque., A conserver à l'abri de la chaleur et de l'humidité.]|"
38,66€ / Kg"|"
3,17 €"
197|Sucre vanillé à l'extrait naturel de vanille|Les 10 sachets de 7,5g|[Origine : FRANCE, Sucre, extrait naturel de gousse de vanille, amidon de maïs.]|"
36,93€ / Kg"|"
2,77 €"
198|36 dosettes de café corsé et généreux pour machines à dosettes   souples et percolateurs|Le sachet de 250g|[Origine : FRANCE, Café moulu en dosettes souples individuelles., Dosettes spécialement adaptées aux machines à dosettes souples et percolateurs. Pour préparer votre tasse, introduisez une dosette dans le porte filtre de votre machine à dosettes ou de votre percolateur et pressez si nécessaire la dosette de façon àce qu'elle épouse bien la forme du porte filtre., Café 100%., Après ouverture, pour préserver le plus longtemps possible tout l'arôme de vos dosettes de café, refermez bien votre sachet à l'aide de l'adhésif et conservez-le de préférence au réfrigérateur. Conditionné sous atmosphère protectrice.]|"
12,96€ / Kg"|"
3,24 €"
199|Café moulu Laos et Guatemala robusta & arabica, certifié AB|Le paquet de 250g|[Origine : FRANCE, Café issu de l'agriculture biologique dont 66% robusta Laos et 34% arabica Guatemala.]|"
12,88€ / Kg"|"
3,22 €"
200|Café moulu pur arabica, Ethiopie|Le paquet de 250g|[Origine : FRANCE, Utilisez de préférence une eau non calcaire. Humectez le filtre. Dosez une cuillère à soupe de café plus ou moins pleine par tasse selon votre goût., Café moulu pur arabica d'Ethiopie., Valeur énergétique en Joules :  0, Valeur énergétique en Kcal : 0, Glucides : 0, Lipides : 0, Protides :0, A conserver à l'abri de la chaleur et de l'humidité. Après ouverture bien refermer le sachet et le conserver dans une boite hermétique. Emballé sous vide compensé par atmosphère protectrice.]|"
12,56€ / Kg"|"
3,14 €"
201|Café moulu pur arabica, intense|Les 2 paquets de 250g|[Origine : FRANCE, Nos équipes recherchent , sélectionnent et contrôlent les grands crus de par le monde pour vous garantir des instants d'intenses sensations .Ce café moulu est le résultat d'une alliance subtile des meilleurs crus d'arabicas d'origine., Humecter le filtre de votre cafetière à l'eau froide , utilisez de préférence une eau neutre ( ni calcaire , ni chlorée ). Versez une cuillère à soupe de café par tasse , plus ou moins pleine suivant la force désirée., Café moulu 100% arabica, A conserver à température ambiante . Après ouverture , pour préserver le plus longtemps possible tout l'arôme de votre café , conservez-le de préférence au réfrigérateur dans une boîte hermétique]|"
7,92€ / Kg"|"
3,96 €"
202|Café moulu pur arabica Brésil, équilibré et doux|Le paquet de 250g|[Origine : FRANCE, Ce café est le résultat d'une alliance de purs arabicas sélectionnés pour leur douceur et leur équilibre., Pour profiter pleinement des qualités de votre café, humectez le filtre de votre cafetière à l'eau froide, utilisez de préférence une eau neutre (ni calcaire, ni chlorée). Versez une cuillère à soupe de café par tasse, plus ou moins pleine, suivant la force désirée., Café arabica du Brésil 100%., Avant ouverture : à conserver à température ambiante. Après ouverture : pour préserver le plus longtemps possible tout l'arôme de votre café, conservez-le de préférence au réfrigérateur dans une boîtehermétique. Emballé sous vide.]|"
11,32€ / Kg"|"
2,83 €"
203|Café moulu pur arabica Espresso Doux, capsules biodégradables doux & harmonieux|La boite de 10 capsules soit 50g|[Origine : FRANCE, Toute la douceur et le parfum d'un pur arabica alliant intensité et rondeur, agrémenté de notes fruitées et délicatement épicées. Idéal pour le matin., Café moulu pur arabica., A conserver à l'abri de la chaleur et de l'humidité et à consommer de préférence dans le mois qui suit l'ouverture du sachet.]|"
57,40€ / Kg"|"
2,87 €"
204|Café pur Arabica, capsules biodégradables, corsé et intense|Les 10 capsules, 50g|[Origine : FRANCE, Tout le caractère d'un Pur Arabica rehaussé de notes fruitées pour un espresso de grande noblesse., Ces capsules compatibles avec les machines Nespresso ont été conçues et testées pour une utilisation sans risque de votre machine. Préchauffez votre tasse en faisant couler de l'eau. Insérez la capsule et abaissez fermement le levier. Ejectez la capsule après chaque utilisation et videz régulièrement le bac de récupération., Café moulu pur arabica., A conserver à l'abri de la chaleur et de l'humidité et à consommer de préférence dans le mois qui suit l'ouverture du film protecteur.]|"
50,60€ / Kg"|"
2,53 €"
205|Dosettes de café moulu, Ethiopie|Les 18 dosettes, 125g|[Origine : FRANCE, Pour machines à dosettes souples & percolateurs. Pour préparer votre tasse, introduisez votre dosette dans le porte-filtre de votre machine à dosettes ou de votre percolateur et pressez si nécessaire la dosette de façon à ce qu'elle épouse bien la forme du porte-filtre. Utilisez de préférence une eau non calcaire., 100% café arabica Ethiopie Sidamo., A conserver à l'abri de la chaleur et de l'humidité. Après ouverture pour préserver le plus longtemps possible tout l'arôme de vos dosettes de café, bien refermer le sachet à l'aide de l'adhésif et leconserver de préférence au réfrigérateur. Conditionné sous atmosphère protectrice.]|"
19,60€ / Kg"|"
2,45 €"
206|Dosettes de café moulu, Ethiopie|Les 18 dosettes, 125g|[Origine : FRANCE, Pour machines à dosettes souples & percolateurs. Pour préparer votre tasse, introduisez votre dosette dans le porte-filtre de votre machine à dosettes ou de votre percolateur et pressez si nécessaire la dosette de façon à ce qu'elle épouse bien la forme du porte-filtre. Utilisez de préférence une eau non calcaire., 100% café arabica Ethiopie Sidamo., A conserver à l'abri de la chaleur et de l'humidité. Après ouverture pour préserver le plus longtemps possible tout l'arôme de vos dosettes de café, bien refermer le sachet à l'aide de l'adhésif et leconserver de préférence au réfrigérateur. Conditionné sous atmosphère protectrice.]|"
19,60€ / Kg"|"
2,45 €"
207|Thé Earl Grey|Les 25 sachets, 50g|[Origine : FRANCE, C'est au début du 20ème siècle que le diplomate britannique Edouard Grey, comte de Fallodon, retrouva au cours d'une de ses missions une très ancienne recette chinoise de thé parfumé à la bergamote. Prenant le nom de son découvreur, ce thé aromatiséremarquable est devenu un très grand classique dans le monde entier., Versez de l'eau frémissante sur le sachet puis laissez infuser de 3 à 5 minutes selon votre goût. Consommez nature ou sucré à votre convenance., Thé noir 88,3%, arôme bergamote (dont maltodextrine de blé) 8%, écorces d'orange et de citron 3,7%., A conserver à l'abri de l'humidité.]|"
22,00€ / Kg"|"
1,10 €"
208|Thé vert aromatisé aux agrumes|Les 25 sachets, 50g|[Origine : FRANCE, Versez de l'eau frémissante sur le sachet puis laissez infuser de 3 à 5 minutes selon votre goût., Thé vert 87,8%, arômes pamplemousse et citron 10%, écorce de citron 2,2%., A conserver à l'abri de l'humidité.]|"
28,80€ / Kg"|"
1,44 €"
209|Infusion sans théine rooibois|La boîte de 40g|[Origine : FRANCE, Le rooibos est une infusion de couleur corail à la texture ronde et veloutée. Les profonds sols sablonneux, l'alternance des hivers froids et humides et des étés chauds et secs procurent à cette boisson son parfum doux et subtilement vanillé., Temps d'infusion : 4 min. Température de l'eau : 90°C. Sans théine, le rooibos peut se déguster à toute heure de la journée avec ou sans lait., 100% Rooibos issu de l'agriculture biologique. Rooibos récolté en Afrique du Sud et conditionné en France., Pour préserver toute sa saveur, conservez ce produit à l'abri de la lumière, dans un endroit frais et sec.]|"
85,25€ / Kg"|"
3,41 €"
212|Thé vert Bio au citron issue de l'agriculture biologique|La boîte de 20 sachets|[Origine : FRANCE, *Thé vert, *arôme naturel (5%), *écorces de citron (1%). *Ingrédients issus de l'agriculture biologique. Ingrédients conformes aux standards du commerce équitable Fairtrade/Max Havelaar : thé vert (94% du poids total).]|"
84,00€ / Kg"|"
2,94 €"
213|Infusion aux fruits rouges|Les 25 sachets, 45g|[Origine : FRANCE, La saveur gourmande dune alliance de fruits rouges., Eglantier, hibiscus, arôme (15,2%), fruits rouges ( fraise, framboise, groseille, mûre et cerise) sur maltodextrine : 6,7%.]|"
50,00€ / Kg"|"
2,25 €"
214|Craquelins au son d'avoine|Le paquet de 200g|[Origine : ISRAEL, Le craquelin au son d'avoine Monoprix est naturellement riche en fibres et constitue une délicieuse alternative au pain pour tous les repas de la journée., A l'apéritif, vous pourrez l'agrémenter de rondelles de concombre : pour un en-cas malin, un peu de fromage à tartiner et le tour est joué  délicieux !, Son d'avoine 51%, farine de blé, huile de palme non hydrogénée, sirop de glucose de maïs, sel, extrait de malt d'orge, son de blé 1% poudre à lever : E500ii, émulsifiant : lécithine de soja., Valeur énergétique en Joules :  1764Kj, Valeur énergétique en Kcal : 420Kcal, Glucides : 58g, Lipides : 12g, Protides :14g, A conserver à l'abri de la chaleur et de l'humidité.]|"
8,15€ / Kg"|"
1,63 €"
215|Galettes de riz complet|Le paquet de 115g|[Origine : FRANCE, Riz complet 97,9%, sésame 2%, sel marin 0,1%.                                  Traces de gluten., Valeur énergétique en Joules :  1678kj, Valeur énergétique en Kcal : 397kcal, Glucides : 82g, Lipides : 3g, Protides :8,3g, à protéger de la chaleur; à conserver à l'abri de l'humidité; Refermer soigneusement après utilisation.]|"
9,91€ / Kg"|"
1,14 €"
216|Galettes de riz nappées au chocolat noir|Le paquet de 90g|[Origine : FRANCE, Refermer le sachet après ouverture. A conserver à l'abri de la chaleur et de l'humidité., Chocolat noir 59% (pâte de cacao, sucre de canne roux, beurre de cacao), riz complet 41%., Valeur énergétique en Joules :  1978Kj, Valeur énergétique en Kcal : 472KCal, Glucides : 58g, Lipides : 24g, Protides :6,1g, A conserver à l'abri de la chaleur et de l'humidité.]|"
19,89€ / Kg"|"
1,79 €"
217|Galettes fines aux 3 céréales et sésame, certifié AB|Le paquet de 130g|[Origine : BELGIQUE, Si les galettes ont perdu de leur croquant, passez-les au four quelques instants., Céréales 93% (grains de blé* 49%, grains de maïs*, grains de riz complet*), graines de sésames* 5%, sel. Présence possible de soja. *ingrédients issus de l'agriculture biologique., Valeur énergétique en Joules :  1641kj, Valeur énergétique en Kcal : 388kcal, Glucides : 73g, Lipides : 4,1g, Protides :11g, Conserver dans un endroit sec, à l'abri de l'humidité. Refermer soigneusement l'emballage après chaque utilisation.]|"
11,62€ / Kg"|"
1,51 €"
218|Galettes fines aux 3 céréales et sésame, certifié AB|Le paquet de 130g|[Origine : BELGIQUE, Si les galettes ont perdu de leur croquant, passez-les au four quelques instants., Céréales 93% (grains de blé* 49%, grains de maïs*, grains de riz complet*), graines de sésames* 5%, sel. Présence possible de soja. *ingrédients issus de l'agriculture biologique., Valeur énergétique en Joules :  1641kj, Valeur énergétique en Kcal : 388kcal, Glucides : 73g, Lipides : 4,1g, Protides :11g, Conserver dans un endroit sec, à l'abri de l'humidité. Refermer soigneusement l'emballage après chaque utilisation.]|"
11,62€ / Kg"|"
1,51 €"
219|Mini toasts grillés, sachets fraîcheur|La boîte de 100g|[Origine : FRANCE, Farine de blé, levure, sel, émulsifiants : stearoyl-2-lactylate de sodium, farine de malt d'orge. Traces de sésame., Valeur énergétique en Joules :  1670kj, Valeur énergétique en Kcal : 394kcal, Glucides : 79g, Lipides : 2,5g, Protides :12g, A conserver dans un endroit sec et frais.]|"
13,40€ / Kg"|"
1,34 €"
220|Petits Pains grillés au blé complet|Le sachet de 225g|[Origine : FRANCE, Farine de blé complet et blé concassé 51%, farine de blé, huiles de colza et de palme, sucre, levure, sel, gluten de blé, agents de traitement de la farine : L-cystéine, acide ascorbique. Traces de sésame, de soja et d'oeufs., Valeur énergétique en Joules :  1659Kj, Valeur énergétique en Kcal : 393Kcal, Glucides : 70g, Lipides : 6,3g, Protides :11g, A conserver dans un endroit frais et sec.]|"
4,53€ / Kg"|"
1,02 €"
221|Petits pains grillés croustillants au froment|Le paquet de 225g|[Origine : FRANCE, Farine de blé* 92%, sucre*, matière grasse végétale* (palme), levure, sel, gluten de blé*, agent de traitement de la farine : acide ascorbique. Traces d'arachide, de fruits à coque, de lait, d'oeuf, de sésame et de soja. *Ingrédients issus de l'agriculture biologique., Valeur énergétique en Joules :  1704kj, Valeur énergétique en Kcal : 404kcal, Glucides : 72g, Lipides : 7,5g, Protides :10g, A conserver a l'abri de la chaleur et de l'humidité.]|"
6,93€ / Kg"|"
1,56 €"
222|Petits pains grillés croustillants au froment|Le paquet de 225g|[Origine : FRANCE, Farine de blé* 92%, sucre*, matière grasse végétale* (palme), levure, sel, gluten de blé*, agent de traitement de la farine : acide ascorbique. Traces d'arachide, de fruits à coque, de lait, d'oeuf, de sésame et de soja. *Ingrédients issus de l'agriculture biologique., Valeur énergétique en Joules :  1704kj, Valeur énergétique en Kcal : 404kcal, Glucides : 72g, Lipides : 7,5g, Protides :10g, A conserver a l'abri de la chaleur et de l'humidité.]|"
6,93€ / Kg"|"
1,56 €"
223|Tartines au froment croquantes, légères et croustillantes|La boîte de 250g|[Origine : ROYAUME UNI, Tartines grillées à la farine de blé., Farine de blé 97 g, sucre, lactosérum en poudre, huile de tournesol, sel., Valeur énergétique en Joules :  1598kj, Valeur énergétique en Kcal : 377kcal, Glucides : 77g, Lipides : 2,4g, Protides :9,9g, A conserver à l'abri de la chaleur et de l'humidité.]|"
5,16€ / Kg"|"
1,29 €"
224|Toast brioché au blé complet source de fibres, Certifié AB|Le paquet de 125g|[Origine : FRANCE, Ces toasts dorés et croustillants se dégustent à tout moment de la journée, nature, nappés de confiture ou bien accompagnés d'une portion de fromage. Source de fibres., Farine de blé complet* 80%, sirop de glucose*, levure, oeufs*, sucre*, sel, émulsifiant : lécithine de soja, huile de colza*. Traces de sésame. *ingrédients issus de l'agriculture biologique., Valeur énergétique en Joules :  1546kj, Valeur énergétique en Kcal : 365kcal, Glucides : 70g, Lipides : 1,7g, Protides :14g, A conserver à l'abri de la chaleur et de l'humidité.]|"
12,08€ / Kg"|"
1,51 €"
225|Toast brioché au blé complet source de fibres, Certifié AB|Le paquet de 125g|[Origine : FRANCE, Ces toasts dorés et croustillants se dégustent à tout moment de la journée, nature, nappés de confiture ou bien accompagnés d'une portion de fromage. Source de fibres., Farine de blé complet* 80%, sirop de glucose*, levure, oeufs*, sucre*, sel, émulsifiant : lécithine de soja, huile de colza*. Traces de sésame. *ingrédients issus de l'agriculture biologique., Valeur énergétique en Joules :  1546kj, Valeur énergétique en Kcal : 365kcal, Glucides : 70g, Lipides : 1,7g, Protides :14g, A conserver à l'abri de la chaleur et de l'humidité.]|"
12,08€ / Kg"|"
1,51 €"
226|Pain azyme, tranches extra-fines, sachets fraîcheur|La boîte de 200g|[Origine : FRANCE, Le Pain Azyme Minceur AUGA est composé exclusivement de farine de froment rigoureusement sélectionnée et d'eau sans aucune adjonction de sel, de sucres et de matière grasse, ni de levure. Son prédécoupage facilite la préparation de canapés ou toastset permet le contrôle de l'apport en calories. Ses deux étuis fraîcheur optimisent la conservation et la qualité gustative des produits., Farine de froment, eau. Sans aucune adjonction de sel, de sucres et de matière grasse, ni de levure., Valeur énergétique en Joules :  1614Kj, Valeur énergétique en Kcal : 380Kcal, Glucides : 82g, Lipides : 1,3g, Protides :10,1g, A conserver dans un endroit sec.]|"
7,90€ / Kg"|"
1,58 €"
227|Tartines craquantes 3 cereales bio|Le paquet de 150g|[Origine : FRANCE, Appréciez les bienfaits nutritionnels et la texture légère de nos Tartines Craquantes 3 céréales (maïs, riz, quinoa), sans gluten et sans sucres ajoutés. Elles peuvent être consommées en remplacement du pain à tout moment de la journée., Environ 28 tranches., Farine de maÕs* (39,7%), farine de riz* (30%), farine de quinoa* (30%), sel marin., Valeur énergétique en Joules :  1574, Valeur énergétique en Kcal : 371, Glucides : 77.6, Lipides : 2.2, Protides :8.9, A conserver à l'abri de la chaleur et de l'humidité. Refermer l'étui hermétiquement après son ouverture.]|"
20,60€ / Kg"|"
3,09 €"
228|Tartines craquantes sarrasin millet bio|La boite de 150g|[Origine : FRANCE, Appréciez les bienfaits nutritionnels et la texture légère de nos Tartines Craquantes sarrasin millet, sans gluten et sans sucres ajoutés. Elles peuvent être consommées en remplacement du pain à tout moment de la journée., Farine de riz*, farine de sarrasin* (25%), farine de millet* (15%), sel marin., Valeur énergétique en Joules :  1548, Valeur énergétique en Kcal : 365, Glucides : 75.1, Lipides : 1.6, Protides :9.2, A conserver à labri de la chaleur et de lhumidité. Refermer l étui hermétiquement après son ouverture.]|"
20,27€ / Kg"|"
3,04 €"
229|La Braisor dorée et savoureuse|La boite de 500g|[Origine : FRANCE, Le secret de la Braisor Heudebert, c'est sa cuisson bien spécifique. Après avoir été pétrie, la pâte est séparée en petites boules et disposée dans un moule qui reste ouvert dans le four, pour laisser la pâte lever et prendre ainsi cette forme généreuse. Et en plus, c'est une recette sans colorant et sans conservateur !, Farine de blé 95,8%, levure, matière grasse végétale, sirop de glucose-fructose, sel, agent de traitement de la farine (acide ascorbique). Contient blé, gluten., Valeur énergétique en Joules :  1720kj, Valeur énergétique en Kcal : 410kcal, Glucides : 70g, Lipides : 7,8g, Protides :12g, A conserver à l'abri de la chaleur et de l'humidité. Consommer rapidement après ouverture.]|"
6,58€ / Kg"|"
3,29 €"
230|Pains suédois, sans sucres ajoutés|Le paquet de 225g|[Origine : SUEDE, Krisprolls sans sucres ajoutés : des petits pains croustillants aussi bons pour votre palais que pour votre corps.Pour leur fabrication, nous sélectionnons uniquement des ingrédients d'origine naturelle et de meilleure qualité. Ils sont ensuite lentement grillées afin de créer ce croquant délicieux et ce goût naturellement bon !, En accompagnement de vos salades et de vos soupes : c'est simple et croquant. Pour l'apéritif : en toasts, tartinés de tapenade ou de fromage., Farine complète de blé (60%), farine de blé, matière grasse végétale, levure, sel. Sans conservateur, sans additif, sans utilisation de matières grasses hydrogénées., A conserver dans un endroit sec]|"
8,67€ / Kg"|"
1,95 €"
231|Céréales fourrées chocolat|Le paquet de 375g|[Origine : FRANCE, Spécialité céréalière chocolatée fourrée au chocolat riches en vitamines B3, E, B6, B2, B1, B9, B12 et en fer., Versez vos pétales de riz et de blé complet dans un bol. Ajoutez du lait froid afin d'en apprécier la croustillance des céréales., Céréales 44% (semoule de riz, farine de blé complet 14%, farine d'avoine), fourrage chocolat 40% (sucre, huiles végétales (tournesol, coprah), lactosérum en poudre, chocolat 5,4% (sucre, cacao en poudre, beurre de cacao), noisettes, émulsifiant : lécithine de tournesol, arôme), chocolat en poudre 10% (sucre, cacao en poudre), son de blé, lait entier en poudre, sucre, vitamines : niacine (PP), E, B6, riboflavine (B2), thiamine (B1), folacine (B9), B12, fer, sel. Traces éventuelles d'arachide, soja, autres fruits à coque et graines de sésame., Valeur énergétique en Joules :  1859Kj, Valeur énergétique en Kcal : 442Kcal, Glucides : 67g, Lipides : 15g, Protides :7,3g, Refermez le sachet intérieur après chaque utilisation et conservez dans un endroit sec et frais.]|"
5,81€ / Kg"|"
2,18 €"
232|Céréales Pépites croustillantes fruits rouges, Framboise - Fraise - Myrtille|la boite de 500g|[Origine : FRANCE, Valeur énergétique en Joules :  1860kj, Valeur énergétique en Kcal : 443kcal, Glucides : 64g, Lipides : 15g, Protides :9,1g]|"
6,48€ / Kg"|"
3,24 €"
233|Corn flakes croustillants au sucre de canne|Le paquet de 375g|[Origine : FRANCE, Versez les pétales de maïs dans un bol. Ajoutez du lait, froid de préférence, pour en conserver la texture croustillante. Vous pouvez aussi déguster les pétales de maïs avec du yaourt ou du fromage blanc., Maïs* 90%, sucre de canne* 4,5%, malt d'orge*, sel marin, émulsifiant : lécithine de soja*. Présence possible de blé, d'arachide, de fruits à coque et de produits laitiers. *Ingrédients issus de l'agriculture biologique., Valeur énergétique en Joules :  1560kj, Valeur énergétique en Kcal : 367kcal, Glucides : 81,7g, Lipides : 1g, Protides :7,9g, A conserver dans un endroit frais et sec. Après ouverture, bien refermer le sachet.]|"
5,25€ / Kg"|"
1,97 €"
234|Muesli aux 7 fruits, riche en fibre|La boite de 500g|[Origine : FRANCE, Mélange de céréales en pétales et en flocons et de fruits secs., Versez vos muesli 7 fruits dans un bol. Ajoutez du lait froid afin d'apprécier la croustillance des céréales., Céréales 67% (flocons d'avoine, pétales de maïs (maïs, sucre, extrait de malt d'orge, sel, émulsifiant : mono-et diglycérides d'acides gras), pétales de blé (blé, sucre, sel, extrait de malt d'orge, émulsifiant : mono-et diglycérides d'acides), flocons d'orge, flocons de blé), fruits secs (25%) (raisins (raisins, huile de tournesol), abricots (abricots, farine de riz, antioxydant : anhydride sulfureux), ananas sucrés (ananas, sucre, antioxydant : acide citrique), noix de coco en lamelles, pommes(pommes, conservateur : disulfite de sodium), noisettes, amandes), sucre, lactosérum en poudre, poudre de miel (maltodextrine, poudre de miel). Contient des sulfites. Traces d'arachide, soja, autres fruits à coque et graines de sésame., Valeur énergétique en Joules :  627kj, Valeur énergétique en Kcal : 149kcal, Glucides : 27g, Lipides : 2,2g, Protides :3,8g, Refermez le sachet intérieur après chaque utilisation et conservez dans un endroit sec et frais.]|"
5,56€ / Kg"|"
2,78 €"
235|Muesli croustillant Chocolat, Certifié Ab|Le paquet de 375g|[Origine : FRANCE, Mélange de céréales croustillantes au cacao et au chocolat issu de l'agriculture biologique., A consommer avec du lait, une boisson végétale, de la compote ou tel quel., Flocons d'avoine*45%, sucre de canne* 21%, noix de coco râpée*, billettes de céréales* 6%, (riz*, sirop de malt d'orge déshydraté*, blé*, avoine*, sucre de canne* 0,3%, sel), graisse de palme*, sirop de riz* 4,9% (extraits de riz* 3,9%, eau), cacao maigre en poudre* 2,6%, farine de soja*, chocolat noir* 0,9%, farine de blé* 0,8%, farine de riz* 0,8%, miel*. Présence possible de fruits à coque, d'arachide et de sésame. * Ingrédients issus de l'agriculture biologique., Valeur énergétique en Joules :  1798kj, Valeur énergétique en Kcal : 428kcal, Glucides : 63g, Lipides : 13g, Protides :9,9g, A conserver à l'abri de la chaleur et de l'humidité. Bien refermer le sachet après chaque utilisation.]|"
7,81€ / Kg"|"
2,93 €"
236|Muesli croustillant Chocolat, Certifié Ab|Le paquet de 375g|[Origine : FRANCE, Mélange de céréales croustillantes au cacao et au chocolat issu de l'agriculture biologique., A consommer avec du lait, une boisson végétale, de la compote ou tel quel., Flocons d'avoine*45%, sucre de canne* 21%, noix de coco râpée*, billettes de céréales* 6%, (riz*, sirop de malt d'orge déshydraté*, blé*, avoine*, sucre de canne* 0,3%, sel), graisse de palme*, sirop de riz* 4,9% (extraits de riz* 3,9%, eau), cacao maigre en poudre* 2,6%, farine de soja*, chocolat noir* 0,9%, farine de blé* 0,8%, farine de riz* 0,8%, miel*. Présence possible de fruits à coque, d'arachide et de sésame. * Ingrédients issus de l'agriculture biologique., Valeur énergétique en Joules :  1798kj, Valeur énergétique en Kcal : 428kcal, Glucides : 63g, Lipides : 13g, Protides :9,9g, A conserver à l'abri de la chaleur et de l'humidité. Bien refermer le sachet après chaque utilisation.]|"
7,81€ / Kg"|"
2,93 €"
237|Muesli croustillant Fruits rouges, Certifié Ab|Le paquet de 375g|[Origine : FRANCE, Monoprix a sélectionné pour vous, avec des entreprises partenaires, des produits issus de l'agriculture biologique. Leurs modes de production et de transformation sont contrôlés et certifiés par un organisme indépendant conformément à la réglementation en vigueur., A consommer avec du lait, une boisson végétale, de la compote ou tel quel., Flocons de céréales *50% (flocons d'avoine*, flocons de blé*, flocons de seigle, flocons d'orge*),  sucre de canne* 15%, graisse de palme*,  billettes de céréales* 8% (riz*, sirop de malt d'orge déshydraté*, blé*, avoine*, sucre de canne* 0,4%*, sel), sirop de riz* 7,6% (extraits de riz* 6%, eau), fruits rouges* 2,3% [canneberges*, sucre de canne* roux 0,8%), framboises*, fraises*, myrtilles*], farine de blé* 2,8%, noix de coco râpée*. Présence possible de fruits à coque, d'arachide, de soja etde sésame. * Ingrédients issus de l'agriculture biologique., Valeur énergétique en Joules :  1711kj, Valeur énergétique en Kcal : 406kcal, Glucides : 28g, Lipides : 3,6g, Protides :3,4g, A conserver à l'abri de la chaleur et de l'humidité. Bien refermer le sachet après chaque utilisation.]|"
7,81€ / Kg"|"
2,93 €"
238|Muesli croustillant Fruits rouges, Certifié Ab|Le paquet de 375g|[Origine : FRANCE, Monoprix a sélectionné pour vous, avec des entreprises partenaires, des produits issus de l'agriculture biologique. Leurs modes de production et de transformation sont contrôlés et certifiés par un organisme indépendant conformément à la réglementation en vigueur., A consommer avec du lait, une boisson végétale, de la compote ou tel quel., Flocons de céréales *50% (flocons d'avoine*, flocons de blé*, flocons de seigle, flocons d'orge*),  sucre de canne* 15%, graisse de palme*,  billettes de céréales* 8% (riz*, sirop de malt d'orge déshydraté*, blé*, avoine*, sucre de canne* 0,4%*, sel), sirop de riz* 7,6% (extraits de riz* 6%, eau), fruits rouges* 2,3% [canneberges*, sucre de canne* roux 0,8%), framboises*, fraises*, myrtilles*], farine de blé* 2,8%, noix de coco râpée*. Présence possible de fruits à coque, d'arachide, de soja etde sésame. * Ingrédients issus de l'agriculture biologique., Valeur énergétique en Joules :  1711kj, Valeur énergétique en Kcal : 406kcal, Glucides : 28g, Lipides : 3,6g, Protides :3,4g, A conserver à l'abri de la chaleur et de l'humidité. Bien refermer le sachet après chaque utilisation.]|"
7,81€ / Kg"|"
2,93 €"
239|Muesli de 4 céréales, 25% de fruits|Le paquet de 375g|[Origine : FRANCE, Mélange croustillant de céréales et de fruits séchés et secs, issu de l'agriculture biologique., A consommer avec du lait, une boisson végétale, de la compote ou tel quel., Céréales* 62% (flocons de seigle*, flocons de blé*, flocons d'avoine*, flocons d'orge*, pétales de blé*), fruits* séchés et secs 25% [raisins secs* (raisins*, huile de tournesol*), figues séchées*, abricots séchés* (abricots*, farine de riz*), noisettes*, amandes*, noix de coco séchée*, pommes séchées*], sucre de canne* 11%. Traces possibles d'autres fruits à coque, d'arachide, de soja et de sésame.*Ingrédients issus de l'agriculture biologique., Valeur énergétique en Joules :  1529Kj, Valeur énergétique en Kcal : 362Kcal, Glucides : 67g, Lipides : 1,3g, Protides :7,9g, A conserver à l'abri de la chaleur et de l'humidité. Bien refermer le sachet après chaque utilisation.]|"
5,73€ / Kg"|"
2,15 €"
240|Muesli de 4 céréales, 25% de fruits|Le paquet de 375g|[Origine : FRANCE, Mélange croustillant de céréales et de fruits séchés et secs, issu de l'agriculture biologique., A consommer avec du lait, une boisson végétale, de la compote ou tel quel., Céréales* 62% (flocons de seigle*, flocons de blé*, flocons d'avoine*, flocons d'orge*, pétales de blé*), fruits* séchés et secs 25% [raisins secs* (raisins*, huile de tournesol*), figues séchées*, abricots séchés* (abricots*, farine de riz*), noisettes*, amandes*, noix de coco séchée*, pommes séchées*], sucre de canne* 11%. Traces possibles d'autres fruits à coque, d'arachide, de soja et de sésame.*Ingrédients issus de l'agriculture biologique., Valeur énergétique en Joules :  1529Kj, Valeur énergétique en Kcal : 362Kcal, Glucides : 67g, Lipides : 1,3g, Protides :7,9g, A conserver à l'abri de la chaleur et de l'humidité. Bien refermer le sachet après chaque utilisation.]|"
5,73€ / Kg"|"
2,15 €"
241|Pétales de Mais sucrés riche en 8 vitamines et en fer|La boite de 375g|[Origine : FRANCE, Pétales de maïs glacés au sucre riche en vitamines B3, B5, B6, B2, B1, B9, B8, B12 et en fer., Versez vos pétales de maïs au sucre dans un bol. Ajoutez du lait froid afin d'apprécier la croustillance des céréales., Maïs 76%, sucre 29%, extrait de malt d'orge, sel, émulsifiant : mono- et diglycérides d'acides gras, vitamines : niacine (B3), acide pantothénique (B5), B6, B8, B12, fer. Traces d'arachide, soja, lait, fruits à coque et graines de sésames., Valeur énergétique en Joules :  1611kj, Valeur énergétique en Kcal : 380kcal, Glucides : 86g, Lipides : 0,5g, Protides :6g, Refermez le sachet intérieur après chaque utilisation et conservez dans un endroit sec et frais.]|"
5,63€ / Kg"|"
2,11 €"
242|Pétales Riz & blé complet aux copeaux de chocolat|Le paquet de 300g|[Origine : ALLEMAGNE, Pétales de riz et de blé complet avec des copeaux de chocolat noir., Versez vos pétales de riz & blé complet dans un bol. Ajoutez du lait, de préférence froid, afin d'apprécier la croustillance des céréales. Pour un petit déjeuner gourmand, vous pouvez aussi les déguster avec un yaourt ou du fromage blanc., Céréales 68% (riz 51%, blé complet 17%), copeaux de chocolat noir 19% (sucre, pâte de cacao, beurre de cacao, matière grasse laitière anhydre, émulsifiant : lécithine de tournesol, arôme naturel vanille), sucre, gluten de blé, germe de blé, sel, extrait de malt d'orge, lait écrémé en poudre, émulsifiant : mono- et diglycérides d'acides gras, arôme. Traces d'arachide, soja, fruits à coque et graines de sésames., Valeur énergétique en Joules :  1745kj, Valeur énergétique en Kcal : 413kcal, Glucides : 77g, Lipides : 6,9g, Protides :8,8g, A conserver dans un endroit sec et frais. Bien refermer le sachet intérieur après chaque utilisation.]|"
5,97€ / Kg"|"
1,79 €"
243|Flocons d'avoine, 4 graines et raisins, certifié AB|Le paquet de 375g|[Origine : ALLEMAGNE]|"
8,61€ / Kg"|"
3,23 €"
244|Flocons d'avoine, 4 graines et raisins, certifié AB|Le paquet de 375g|[Origine : ALLEMAGNE]|"
8,61€ / Kg"|"
3,23 €"
245|Flocons d'avoine bio|La boîte de 500g|[Origine : FRANCE, Découvrez les flocons d'avoine Bjorg biologiques*, le plaisir naturel du petit déjeuner pour bien démarrer la journée et faire le plein d'énergie. L'avoine est  naturellement riche en magnésium et en phosphore., Ce produit se consomme aussi bien cru que cuit., Avoine complet issue de l'agriculture biologique, Valeur énergétique en Joules :  1531,2, Valeur énergétique en Kcal : 363,7, Glucides : 57,9, Lipides : 7,1, Protides :11,4, A conserver à l'abri de l'humidité.]|"
5,66€ / Kg"|"
2,83 €"
246|Muesli aux fruits Bio|Le sachet de 750g|[Origine : FRANCE, Valeur énergétique en Joules :  1521kj, Valeur énergétique en Kcal : 1521kj, Glucides : 61,3g, Lipides : 6,3g, Protides :10,1g]|"
7,39€ / Kg"|"
5,54 €"
247|Muesli aux fruits Bio|Le sachet de 750g|[Origine : FRANCE, Valeur énergétique en Joules :  1521kj, Valeur énergétique en Kcal : 1521kj, Glucides : 61,3g, Lipides : 6,3g, Protides :10,1g]|"
7,39€ / Kg"|"
5,54 €"
248|Muesli croustillant et fruité, certifié AB|Le paquet de 375g|[Origine : FRANCE, Avec ses flocons d'avoine et son savoureux mélange de fruits, le Muesli Bjorg offre naturellement à votre corps des fibres pour bien démarrer la journée., ., Céréales* 69%: flocons d'avoine complet* (42%), flocons d'épeautre complet* (15%), cornflakes* (farine de mais*), pétales d'épeautre complet* (3%) (farine complète d'épeautre*, malt de mais*, sel de mer)  Fruits* 25%: raisins* 12% (huile de tournesol*), abricots* 8%, figues* 5%  Graines* 6%: graines de tournesol*, graines de lin*, graines de courge*., Valeur énergétique en Joules :  1523,7, Valeur énergétique en Kcal : 361,6, Glucides : 58,6, Lipides : 7,4, Protides :11,3, Pour préserver la croustillance de ce muesli, nous vous conseillons de le conserver à l'abri de l'humidité.]|"
9,01€ / Kg"|"
3,38 €"
249|Muesli aux graines gourmandes, mélange de céréales, graines et raisins secs bio|Le sachet zip de 375g|[Origine : FRANCE, Pour bien démarrer la journée, Jardin BiO' a sélectionné pour vous ce délicieux muesli sans sucres ajoutés, et y a incorporé un mélange de 5 graines et des raisins secs. Riche en fibres et minéraux, il est également source d'acide alpha-linoléique (ou ALA), un acide gras oméga-3 dont la consommation contribue au maintien d'une cholestérolémie normale., Verser dans un bol 40 g de muesli et ajouter du lait froid, un yaourt ou une boisson au soja. A consommer dans le cadre d'une alimentation variée, équilibrée et d'un mode de vie sain., CÍrÍales* en flocons et en pÍtales 67% (seigle*, blÍ*, orge*, avoine*, maÕs*), graines* 21% (lin*, tournesol*, sarrasin*, sÍsame*, courge*), raisins* secs (raisins* secs, huile de tournesol*)., Valeur énergétique en Joules :  1592kj, Valeur énergétique en Kcal : 380kcal, Glucides : 48,8g, Lipides : 10,7g, Protides :12,9g, A conserver à l'abri de l'humidité et de la chaleur. Bien refermer le sachet après ouverture. Conditionné sous atmosphère protectrice.]|"
8,61€ / Kg"|"
3,23 €"
250|Céréales au chocolat noir|La boîte de 550g|[Origine : ROYAUME UNI, Un bol de Plaisir. Succombez à une délicieuse recette de pépites de céréales croustillantes, alliées à la saveur intense des copeaux de chocolat noir 70% de cacao. Bonne dégustation !Un bol de céréales complètes. Dégustez une délicieuse recette de pépites croustillantes de céréales complètes, riche en fibres., Céréales complètes conservation Grade (54%) (flocons d'avoine, flocons d'orge, farine d'avoine), sucre de canne non raffiné, copeaux de chocolat noir (12%) (cacao : 70% minimum) (pâte de cacao, sucre, beurre de cacao, émulsifiant : lécithine de soja,arôme naturel), huiles végétales, farine de riz, noix de coco séchées, éclats de noisettes grillées, arôme naturel. Informations allergènes : contient de l'avoine, de l'orge, du soja et des noisettes. Peut contenir : du blé, du seigle, d'autres noixet du lait. Sans colorant ni conservateur et sans OGM., Après chaque utilisation, refermez bien le sachet intérieur et conservez-le dans un endroit sec et frais.]|"
7,36€ / Kg"|"
4,05 €"
257|Flocons d'avoine, de blé et d'orge complets, 32% de fruits|Le paquet de 750g|[Origine : ROYAUME UNI, Dégustez une délicieuse recette de muesli aux 3 céréales complètes, riche en fibres.Savourez un muesli délicieusement riche en fruits & noix : raisins, papaye, banane, pomme, noix de coco, noisettes, noix du Brésil et amandes, alliés à de savoureux flocons de céréales pour un petit-déjeuner savoureux et plein d'énergie. Bonne dégustation !, Convient aux végétariens., Céréales complètes conservation grade (66%) (flocons d'avoine, flocons de blé, flocons d'orge), fruits secs et noix (32%) (raisins secs (18,3%), dés de papaye séchée (4,1%) (papaye, sucre de canne), rondelles de banane (1,9%) (banane, huile de noix de coco), noix de coco grillée (1,9%), noisettes grillées (1,9%), noix du Brésil effilées (1,8%), tranches de pomme séchée (1,6%), amandes effilées (0,9%)), graines de tournesol. Information sur les allergènes : contient de l'avoine, du blé, de l'orge, des noisettes, des noix du Brésil et des amandes. Peut contenir du seigle, d'autres noix, du lait. Sans colorant ni conservateur. Non-OGM., Valeur énergétique en Joules :  1480Kj, Valeur énergétique en Kcal : 354,1Kc, Glucides : 58.9g, Lipides : 8.8g, Protides :9g, Après chaque utilisation, refermez bien le sachet intérieur et conservez-le dans un endroit sec et frais.]|"
5,00€ / Kg"|"
3,75 €"
258|Pépites de céréales à la fraise|La boite de 550g|[Origine : ROYAUME UNI, Valeur énergétique en Joules :  1894kj, Valeur énergétique en Kcal : 451kcal, Glucides : 66,8g, Lipides : 15,7g, Protides :7,6g]|"
6,96€ / Kg"|"
3,83 €"
259|Pétales de céréales complètes avec raisins, noix de coco, noisettes grillées et graines de tournesol, certifié AB|Le paquet de 500g|[Origine : ROYAUME UNI, Savourez un muesli à la texture unique et riche en goût avec des raisins onctueux, des copeaux de noix de coco et des noisettes grillées., Convient aux végétariens., Céréales complètes* (65%) (flocons de blé*, flocons d'avoine*, pétales de blé grillé*), fruits secs* et noix* (32%) (raisins secs*(26%), copeaux de noix de coco*, noisettes grillées*(3%)), graines de tournesol. *Ingrédients issus de l'agriculture biologique. Contient du blé, de l'avoine et des noisettes. Peut contenir de l'orge, du seigle, d'autres noix, des graines de sésame et du lait. Sans sucre, ni sel, ni additif artificiel ajouté. Sans conservateur, ni colorant., Valeur énergétique en Joules :  1477Kj, Valeur énergétique en Kcal : 350Kcal, Glucides : 58,4g, Lipides : 8,8g, Protides :9,3g, Après chaque utilisation, refermez bien le sachet intérieur et conservez-le dans un endroit sec et frais.]|"
7,00€ / Kg"|"
3,50 €"
260|Assortiment de minis paquets de céréales|Les 8 paquets, 215g|[Origine : FRANCE, Le meilleur de Kellogg's, ce sont 8 mini-paquets de céréales pour découvrir d'un seul coup les délicieuses céréales Kellogg's. Au petit déjeuner avec du lait ou à tout moment de la journée grâce à son format pratique qui se glisse partout, Le meilleur de Kellogg's est idéal pour varier les plaisirs des petits gourmands. Et en plus, Le meilleur de Kellogg's apporte les glucides, protéines, vitamines et le fer, nécessaires pour être en bonne forme., Smacks : blé, sucre, sirop de glucose, miel (1%), huile végétale, carbonate de calcium, caramel, vitamines (PP, B6, B2, B1, B9, B12), fer. Allergènes : blé. Frosties : maïs, sucre, arôme de malt d'orge, sel, carbonate de calcium, sirop de glucose, vitamines (PP, B6, B2, B1, B9, B12), fer. Allergènes : ingrédient issu de l'orge. Traces éventuelles d'arachide. Coco pops : riz, sucre, chocolat (6%) (sucre, pâte de cacao), cacao en poude, carbonate de calcium, sel, sirop de glucose, extrait de maltd'orge, arôme, vitamines (PP, B6, B2, B1, B9, B12), fer. Allergènes : ingrédient issu de l'orge. Miel pops : farine de maïs, sucre, sirop de glucose, miel (3.5%), sel, triphosphate de calcium, arôme de malt d'orge, colorants (caramel E150c, bêta-carotène), vitamines (PP, B6, B2, B1, B9, B12), fer. Allergènes : ingrédient issu de l'orge. Chocos : farine de blé, chocolat en poudre, sucre, sirop de glucose, arôme de malt d'orge, sel, carbonate de calcium, cannelle, arôme, vitamines (PP, B6, B2, B1,B9, B12), fer. Allergènes : blé, ingrédient issu de l'orge. Ces produits conviennent particulièrement aux enfants et aux adolescents en période de croissance.]|"
16,42€ / Kg"|"
3,53 €"
261|Céréales au son de blé All Bran pépites nature|La boite de 390g|[Origine : FRANCE, Valeur énergétique en Joules :  1701kj, Valeur énergétique en Kcal : 405kcal, Glucides : 62g, Lipides : 11g, Protides :8g]|"
10,64€ / Kg"|"
4,15 €"
262|Céréales chocolat duo choco|La boite de 400g|[Origine : EL SALVADOR, Céréales chocolatées avec un fourrage au chocolat blanc, enrichies en vitamines (B1, B2, PP, B6, B9, B12 et en fer)., Farines de céréales (51%) (riz, avoine, blé), fourrage au chocolat blanc (sucre, chocolat blanc (9%) (sucre, poudre de lait entier, beurre de cacao), huile végétale, poudre de lait écrémé, amidon modifié, poudre de petit lait, émulsifiant (lécithinede soja), arômes), sucre, cacao en poudre, sel, antioxydants (palmitate d'ascorbyle, alpha tocophérol), vitamines et minéraux : vitamines (PP, B6, B2, B1, B9, B12), fer. Allergènes : lait, soja, blé, avoine. Traces éventuelles de noisette et autres fruits à coque., Valeur énergétique en Joules :  1851kj, Valeur énergétique en Kcal : 440kcal, Glucides : 69g, Lipides : 14g, Protides :8g, Refermer le sachet intérieur après chaque usage et conserver dans un endroit sec.]|"
8,65€ / Kg"|"
3,46 €"
263|Barres Céréales amandes et noisettes|Les 6 barres, 125g|[Origine : FRANCE, Céréales 46,5% (flocons d'avoine, pétales de blé complet (blé, sel, extrait de malt d'orge), farine de blé, farine de riz), sirop de glucose, amandes 9,4%, huile de tournesol, pâte de noisette 4,1%, sucre, stabilisant : sorbitol, dextrose, sel, antioxydant : tocophérol, émulsifiant : lécithine de soja, arôme. Contient des sulfites. Traces éventuelles de lait, d'arachide et de fruits à coque., Valeur énergétique en Joules :  1778kj, Valeur énergétique en Kcal : 423kcal, Glucides : 63g, Lipides : 14g, Protides :8,8g, A conserver à l'abri de la chaleur et de l'humidité.]|"
12,48€ / Kg"|"
1,56 €"
264|Barres céréales pomme verte|La boîte de 6 barres, 125g|[Origine : FRANCE, Céréales 43% (flocons d'avoine, farine de blé, pétales de maïs (maïs, sel, extrait de malt d'orge), farine de riz), sirop de glucose de blé, pomme déshydratée 9,7% (pomme, conservateurs : sulfites), huile de palme, miel, stabilisant : sorbitol de blé, dextrose de blé, sucre, caramel, arôme, sel. Traces de lait, de soja, d'arachide et de fruits à coque., Valeur énergétique en Joules :  1616Kj, Valeur énergétique en Kcal : 383Kcal, Glucides : 74g, Lipides : 6,4g, Protides :5g, A conserver à l'abri de la chaleur et de l'humidité.]|"
11,44€ / Kg"|"
1,43 €"
265|Barres céréalières aux pépites à base de fruits rouges|Les 6 sachets, 125g|[Origine : FRANCE, Céréales 44,5% (flocons d'avoine, farine de blé, pétales de maïs (maïs, sel, extrait de malt d'orge), farine de riz), sirop de glucose, fruits 12,5% (pépite fruitée à la fraise 7,5% (sirop de fructose-glucose, humectant : glycérol, purée de fraise concentrée, fibres de blé, sucre, gélifiant : pectine, acidifiant : acide malique et citrique, extrait naturel de végétaux et de fruits, arôme), pépite fruitée à la framboise 5% (sirop de fructose-glucose, sucre, purée de framboise concentrée, fibre deblé, gélifiant : pectine, acidifiant : acide malique et citrique, extrait naturel de végétaux et de fruits, arôme)), huile de tournesol, stabilisant : sorbitol, dextrose, sucre, caramel, arôme, sel, émulsifiant : lécithine de soja, antioxydant : tocophérol. Contient des sulfites. Traces de lait, d'arachide et de fruits à coque., Valeur énergétique en Joules :  1626kj, Valeur énergétique en Kcal : 385kcal, Glucides : 75g, Lipides : 6,5g, Protides :4,8g, A conserver à l'abri de la chaleur et de l'humidité.]|"
14,08€ / Kg"|"
1,76 €"
266|Barres croustillantes riz et blé complet aux pépites de chocolat|La boîte de 125g|[Origine : ALLEMAGNE, Barres céréalières aux pétales de riz et blé complet avec pépites de chocolat., Pétales de riz et blé complet 57% (riz, blé complet, sucre, gluten de blé, malt d'orge, farine de blé, lait écrémé en poudre, sel, germes de blé), sirop de glucose-fructose, pépites de chocolat noir 15% (pâte de cacao, sucre, poudre de cacao, beurrede cacao, émulsifiant : lécithine de tournesol), huile de tournesol, maltodextrine, émulsifiant : lécithine de tournesol, sel. Traces d'arachides, de fruits à coque, de graines de sésame et de produits à base de soja., Valeur énergétique en Joules :  1684Kj, Valeur énergétique en Kcal : 399Kcal, Glucides : 74g, Lipides : 7,8g, Protides :6,7g, A conserver dans un endroit sec et frais.]|"
12,48€ / Kg"|"
1,56 €"
267|Barres gourmandes à l'abricot-chocolat et amande petit épeautre|Le paquet de 3, 120g|[Origine : FRANCE, Monoprix a sélectionné pour vous, avec des entreprises partenaires, des produits issus de l'agriculture biologique.Leurs modes de production et de transformation sont contrôlés et certifiés par un organisme indépendant conformément à la réglementation en vigueur. Les producteurs emploient des fertilisants respectueux de l'environnement et pratiquent la rotation des cultures afin de garder des sols vivants et une fertilité durable., Billettes de céréales* 18% (riz*, farine de blé*, avoine*, sucre de canne*, sirop de malt d'orge*, sel de mer), sirop de blé*, abricot sec* 12% (abricot*, farine de riz*), raisin sec* (raisin sultanine*, huile végétale de tournesol*), amande* 12%, chocolat noir* 12% (pâte de cacao*, sucre de canne*, beurre de cacao*), petit épeautre* 7,9%, miel*, stabilisant : gomme d'acacia*, sucre roux de canne*, arôme naturel. Présence possible de soja, oeuf, lait, sésame. *Ingrédients issus de l'agriculturebiologique., Valeur énergétique en Joules :  1754kj, Valeur énergétique en Kcal : 417kcal, Glucides : 66g, Lipides : 13g, Protides :6,5g, A conserver dans un endroit frais et sec.]|"
23,58€ / L"|"
2,83 €"
268|Barres gourmandes à l'abricot-chocolat et amande petit épeautre|Le paquet de 3, 120g|[Origine : FRANCE, Monoprix a sélectionné pour vous, avec des entreprises partenaires, des produits issus de l'agriculture biologique.Leurs modes de production et de transformation sont contrôlés et certifiés par un organisme indépendant conformément à la réglementation en vigueur. Les producteurs emploient des fertilisants respectueux de l'environnement et pratiquent la rotation des cultures afin de garder des sols vivants et une fertilité durable., Billettes de céréales* 18% (riz*, farine de blé*, avoine*, sucre de canne*, sirop de malt d'orge*, sel de mer), sirop de blé*, abricot sec* 12% (abricot*, farine de riz*), raisin sec* (raisin sultanine*, huile végétale de tournesol*), amande* 12%, chocolat noir* 12% (pâte de cacao*, sucre de canne*, beurre de cacao*), petit épeautre* 7,9%, miel*, stabilisant : gomme d'acacia*, sucre roux de canne*, arôme naturel. Présence possible de soja, oeuf, lait, sésame. *Ingrédients issus de l'agriculturebiologique., Valeur énergétique en Joules :  1754kj, Valeur énergétique en Kcal : 417kcal, Glucides : 66g, Lipides : 13g, Protides :6,5g, A conserver dans un endroit frais et sec.]|"
23,58€ / L"|"
2,83 €"
269|Cranberries, cajou quinoa, barres gourmandes croquantes, produit issu de l'agriculture biologique|Le paquet de 3 barres de 40g|[Origine : FRANCE, Gourmandes, croquantes., Sirop de blé*, billettes de céréales* 20% (riz*, farine de blé*, avoine*, sucre de canne*, sirop de malt d'orge*, sel de mer), noix de cajou* 16%, cranberries au jus de pomme* 13% (cranberries *(canneberges) 7%, jus de pomme concentré*, huile de tournesol*), raisins secs* (raisin sultanine*, huile végétale de tournesol*), flocons d'avoine* 6%, flocons de quinoa* 3,5%, miel*, stabilisant : gomme d'acacia*, sucre roux de canne*. Présence possible de soja, oeuf, lait, sésame. *Ingrédients issus del'agriculture biologique., Valeur énergétique en Joules :  1570kj, Valeur énergétique en Kcal : 373kcal, Glucides : 65g, Lipides : 8,5g, Protides :6,5g, A conserver dans un endroit frais et sec.]|"
23,58€ / Kg"|"
2,83 €"
270|Cranberries, cajou quinoa, barres gourmandes croquantes, produit issu de l'agriculture biologique|Le paquet de 3 barres de 40g|[Origine : FRANCE, Gourmandes, croquantes., Sirop de blé*, billettes de céréales* 20% (riz*, farine de blé*, avoine*, sucre de canne*, sirop de malt d'orge*, sel de mer), noix de cajou* 16%, cranberries au jus de pomme* 13% (cranberries *(canneberges) 7%, jus de pomme concentré*, huile de tournesol*), raisins secs* (raisin sultanine*, huile végétale de tournesol*), flocons d'avoine* 6%, flocons de quinoa* 3,5%, miel*, stabilisant : gomme d'acacia*, sucre roux de canne*. Présence possible de soja, oeuf, lait, sésame. *Ingrédients issus del'agriculture biologique., Valeur énergétique en Joules :  1570kj, Valeur énergétique en Kcal : 373kcal, Glucides : 65g, Lipides : 8,5g, Protides :6,5g, A conserver dans un endroit frais et sec.]|"
23,58€ / Kg"|"
2,83 €"
271|Barres aux fruits secs avec cacahuètes airelles, pistaches et chocolat au lait|Les 3 barres, 135g|[Origine : ROYAUME UNI]|"
27,78€ / Kg"|"
3,75 €"
272|Barres aux fruits secs avec noix du bresil, raisins secs amandes, cacahuétes et noisettes|La boîte de 3, 150g|[Origine : ROYAUME UNI]|"
27,07€ / Kg"|"
4,06 €"
273|Barres enrob{es aux fruits secs avec amandes, abricots secs et un goût de yaourt|La boite de 3x50g|[Origine : ROYAUME UNI]|"
27,13€ / Kg"|"
4,07 €"
274|Coeur fondant tout chocolat|La boîte de 120g|[Origine : ALLEMAGNE]|"
22,75€ / Kg"|"
2,73 €"
275|Barre de pétales de riz, Special K chocolat au lait Melkchocolade|La boîte de 120g|[Origine : ROYAUME UNI, Au bureau, adoptez la pause avec Spécial K., Céréales Kellogg's Spécial K (49%) (riz, blé (blé complet, farine de blé), sucre, gluten de blé, poudre de lait écrémé, germe de blé dégraissé, sel, arôme de malt d'orge, vitamines (C, PP, B6, B2,  B1, B9, B12), fer), chocolat au lait (14%) (sucre, beurre de cacao, poudre de lait entier, pâte de cacao, émulsifiant (lécithine de soja, E476), arôme), sirop de glucose, oligofructose, fructose, morceaux de chocolat au lait (2.5 %) (sucre, solides de lait, beurre de cacao, pâte de cacao, poudre de petit-lait, émulsifiant (lécithine de soja), arôme), humectants (sorbitol, glycérol), huile végétale, dextrose, émulsifiant (lécithine de soja), antioxydant (E320). Allergènes : lait, soja, blé, ingrédient issu de l'orge., Valeur énergétique en Joules :  1674kj, Valeur énergétique en Kcal : 398kcal, Glucides : 66g, Lipides : 9g, Protides :9g, Conserver dans un endroit sec.]|"
24,08€ / Kg"|"
2,89 €"
276|Barres de céréales au lait, riz soufflé au chocolat et au lait|Les 6 barres de 20g|[Origine : ROYAUME UNI, Coco Pops, le goût unique du riz soufflé et du chocolat de la jungle.C'est le mélange unique entre le riz soufflé, le chocolat et le lait qui donne aux barres de céréales Coco Pops leur super bon goût., Céréales Kellogg's Coco Pops (42%) (riz, sucre, chocolat (sucre, pâte de cacao), cacao maigre en poudre, carbonate de calcium, sel, arôme de malt d'orge, arôme, vitamines (PP, B6, B2, B1, B9, B12), fer), huile végétale, sucre, poudre de lait écrémé (8%), lait écrémé concentré sucré (8%) (lait écrémé, sucre), sirop de glucose, sirop de sucre inverti, poudre de petit-lait, fructose, humectants (glycérol, sorbitol), carbonate de calcium, lactose (du lait), cacao maigre en poudre, émulsifiant (lécithine de soja), arôme, antioxydants (palmitate d'ascorbyle, alpha-tocophérol). Allergènes : lait, soja, ingrédient issu de l'orge., Valeur énergétique en Joules :  1780Kj, Valeur énergétique en Kcal : 423KCal, Glucides : 70g, Lipides : 13g, Protides :7g, A conserver dans un endroit sec.]|"
20,08€ / Kg"|"
2,41 €"
277|Bicuits au caramel|La boîte de 5, 125g|[Origine : FRANCE, Biscuit avec un fourrage au caramel., Farine de blé, fourrage au caramel (33%) (fructose, humectant (glycérol), sirop de glucose, lait concentré sucré (lait partiellement déshydraté, sucre), dextrose, beurre doux, amidon modifié, gélifiant (pectine), émulsifiants (lécithine de soja, E471), colorants (caramel ordinaire, paprika), arômes, correcteur d'acidité (lactate de calcium), épaississant (gomme de xanthane)), sucre, huiles végétales (tournesol, palme, noix de coco), maltodextrine, amidon modifié, poudre de lait écrémé, poudre depetit-lait, sirop de sucre inverti, émulsifiants (lécithine de soja, E472e), poudres à lever (E500, E450, E341), sel, carbonate de calcium, arôme. Allergènes : lait, blé, soja., Valeur énergétique en Joules :  402kj, Valeur énergétique en Kcal : 96kcal, Glucides : 18g, Lipides : 2,3g, Protides :1,2g, A conserver dans un endroit sec.]|"
23,92€ / Kg"|"
2,99 €"
278|Biscuits aux fraises|Le paquet de 125g|[Origine : FRANCE]|"
22,24€ / Kg"|"
2,78 €"
279|Special k, biscuits chocolat|La boîte 5x2|[Origine : FRANCE, Biscuit fourré au chocolat., Farine de blé, fourrage au chocolat (33%) (fructose, humectant (glycérol), chocolat (6%) (pâte de cacao, sucre, beurre de cacao, cacao maigre en poudre, émulsifiant (lécithine de soja), dextrose, sirop de glucose, amidon modifié, cacao maigre en poudre, stabilisants (E460, E466), émulsifiant (lécithine de soja), arôme), sucre, huile végétale, maltodextrine, poudre de petit-lait, amidon modifié, émulsifiants (lécithine de soja, E472e), sirop de sucre inverti, poudres à lever (E500, E450a, E341a),poudre de caroube, poudre de lait écrémé, sel, colorants (E150c, E153), arôme, antioxydant (E320). Allergènes : lait, blé, soja., Valeur énergétique en Joules :  1658, Valeur énergétique en Kcal : 415, Glucides : 72, Lipides : 9, Protides :5, Conserver dans un endroit sec.]|"
22,72€ / Kg"|"
2,84 €"
280|Trésor Sticks, Barre de céréales fourrées au chocolat et aux     noisettes|La boite de 6 barres de 21g|[Origine : ITALIE, Farine de céréales (riz,maïs),sucre,huile végétale,noisettes (5,5%),poudre de  lait écrémé,maltodextrine,chocolat (4,5%) (sucre,pâte de cacao, cacao maigre   en poudre), cacao maigre en poudre, poudre de petit-lait,carbonate de calcium, émulsifiant (lécithine de soja),sel,arôme,colorant (carotènes),antioxydants    (palmitate d'ascorbyle,alphatocophérol).                                       Allergènes:noisette et autres fruits à coque,lait,soja.Traces éventuelles de   gluten., Valeur énergétique en Joules :  1897kj, Valeur énergétique en Kcal : 451kcal, Glucides : 71g, Lipides : 15g, Protides :7g]|"
22,14€ / Kg"|"
2,79 €"
281|Barres au riz soufflé et chocolat|La boite de 6 barres, 125g|[Origine : FRANCE, Le plaisir brut des céréales : blé, riz, maïs, seigle, avoine, selon les variétés. A saveur intense du chocolat. En sachets individuels, pratiques à emporter., Céréales 23,5% (flocons d'avoine 12,9%, pétales de blé 11,1% (grains de blé complet 10,6%, sel, sucre, extrait de malt)), sirop de glucose, chocolat 20% (sucre, pâte et beurre de cacao, lactose et protéines de lait, beurre pâtissier, émulsifiants : lécithine de soja, E476, arôme vanille), billettes au riz soufflé 18,9% (farine de riz 10,2%, farine de blé 6,2%, farine de blé malté 0,7%, sucre, gluten, dextrose, sel), stabilisant : sorbitol, matière grasse végétale, sucre, émulsifiant : sucroesters d'acide gras. Contient : gluten, soja, lait. Peut contenir des traces de fruits à coque. Sans colorant ni conservateur., Valeur énergétique en Joules :  1820kj, Valeur énergétique en Kcal : 430kcal, Glucides : 69g, Lipides : 14g, Protides :5,6g, A protéger de la chaleur. A conserver à l'abri de l'humidité.]|"
17,60€ / Kg"|"
2,20 €"
282|Barres aux 5 céréales et morceaux de pommes|La boîte de 6 barres, 125g|[Origine : FRANCE, Grany, le plaisir brut des céréales associées à de généreux morceaux de chocolat ou de fruit.Chez Lu, nous sélectionnons des ingrédients de qualité et nous les assemblons pour allier plaisir & alimentation équilibrée., En sachets individuels, faciles à emporter., Céréales 40,8% (flocons d'avoine 13,8%, grains de maïs 9,3%, flocons et farine de blé 8%, farine de riz 4,8%, flocons de seigle malté 4,6%, farine de blé malté 0,3%), sirop de glucose, stabilisant : sorbitol, pommes vertes déshydratées 10,6% (équivalent pommes vertes 63%), matière grasse végétale, sucre, arôme, sel, gluten, dextrose, extrait de malt, émulsifiant : lécithine de soja, correcteur d'acidité : acide citrique. Contient blé, gluten, soja. Peut contenir des traces de lait, de fruits à coque. Sans colorant ni conservateur., Valeur énergétique en Joules :  1775Kj, Valeur énergétique en Kcal : 425Kcal, Glucides : 71g, Lipides : 12g, Protides :4,5g, A conserver à l'abri de la chaleur et de l'humidité. Consommer rapidement après ouverture.]|"
17,36€ / Kg"|"
2,17 €"
283|Barres céréalières aux pruneaux|La boîte de 162g|[Origine : FRANCE, Fruitolu, le bon goût du fruit dans un biscuit., Farine de blé, fruits 25,7% (pruneaux 12,2%, purée de pruneaux 5,1%, purée concentrée de pommes 3% (équivalent pommes 8,4%)), sucre, sirop de glucose, matière grasse végétale, humectant : glycérol, correcteurs d'acidité : citrates de sodium, citratesde calcium, gélifiant : pectines, acidifiants : acide citrique, acide malique, sel, arômes, poudre à lever : carbonate acide de sodium, carbonate acide d'ammonium, émulsifiants : E482, lécithine de soja. Contient : blé, gluten, soja. Peut contenir des traces d'oeuf, lait, sésame. Sans colorants, sans conservateurs., Valeur énergétique en Joules :  1560, Valeur énergétique en Kcal : 372,7, Glucides : 72, Lipides : 7,5, Protides :3,5, A conserver à l'abri de la chaleur et de l'humidité.]|"
12,47€ / Kg"|"
2,02 €"
284|Barres de 5 céréales au chocolat|La boite de 6 barres, 125g|[Origine : FRANCE, Les barres de céréales Grany et Lu, ce sont des céréales croustillantes (blé, riz, maïs, seigle, avoine selon les variétés) et des morceaux de fruits ou de chocolat savoureux. Puisez dans les barres de céréales Grany l'énergie pour profiter pleinement de votre vie., Céréales 37.5% (flocons de maïs (grains de maïs 12.8%, sucre, sel, extrait de malt, émulsifiant: E471), farine de riz 9.3%, flocons d'avoine 6.2%, farine de blé 57%, flocons de seigle 2.8%, farine de blé malté 0.7%), chocolat 22% (pâte de cacao, sucre, {mulsifiant : l{cithine de soja, arôme vanille), sirop de glucose, stabilisant : sorbitol, matière grasse végétale, pâte de noisette, sucre, gluten, dextrose, sel, {mulsifiant : sucroesters d'acides gras, arôme vanille. Contient: gluten, soja, noisette; Fabriqu{ dans un atelier qui utilise: oeuf, lait, amande;, Valeur énergétique en Joules :  1865kj, Valeur énergétique en Kcal : 446,2kc, Glucides : 69g, Lipides : 16g, Protides :6g, A conserver à l'abri de la chaleur et de l'humidité,]|"
17,52€ / Kg"|"
2,19 €"
285|Grany moelleux fruits des bois|La boite de 192g|[Origine : FRANCE, Valeur énergétique en Joules :  1686kj, Valeur énergétique en Kcal : 400kcal, Glucides : 61g, Lipides : 14g, Protides :6,2g]|"
12,40€ / Kg"|"
2,38 €"
286|Barre à base de jus et purée de fruits concentrés, de céréales, noisette, d'amande et de graines de courges|La barre de 30g|[Origine : FRANCE, 100% issu de fruits, céréales, amandes et graines et c'est tout !, Jus de pommes concentré (34%), pétales de blé (17%) : farine de blé complet, fibres de blé, farine d'orge toasté, purée de pommes concentrée (16%), amandes (8%), graines de courges (11%), noisettes (8%), poudre de pommes (3%), purée de framboises concentrées (1,3%), gélifiant : pectine de fruits, fibres de fruits, jus de baies de sureau concentré, arôme naturel de framboise. Peut contenir des traces de lait, soja, oeuf et sésame. Sans sucres ajoutés, sans édulcorants, sans conservateurs., Valeur énergétique en Joules :  1538kj, Valeur énergétique en Kcal : 365kcal, Glucides : 63,1g, Lipides : 5,8g, Protides :10,3g, Conserver à l'abri de la chaleur et de l'humidité.]|"
48,00€ / Kg"|"
1,44 €"
287|Barre fruits rouge, pommes, amande|Le paquet de 30g|[Origine : FRANCE, 100% issu de fruits, céréales, amandes et graines et c'est tout !, Jus de pommes concentré (34%), pétales de blé (17%) : farine de blé complet, fibres de blé, farine d'orge toasté, purée de pommes concentrée (16%), amandes (16%), graines de courges (11%), poudre de pommes (3%), purée de fruits rouges concentrées (1,3%) : mûres, fraises, groseilles, gélifiant : pectine de fruits, fibres de fruits, jus de baies de sureau concentré, arôme naturel de fruits rouges. Peut contenir des traces de lait, soja, oeuf et sésame. Sans sucres ajoutés, sans édulcorants, sans conservateurs., Valeur énergétique en Joules :  1579kj, Valeur énergétique en Kcal : 375kcal, Glucides : 58,2g, Lipides : 8,7g, Protides :10,9g, Conserver à l'abri de la chaleur et de l'humidité.]|"
47,33€ / Kg"|"
1,42 €"
288|Barres céréales|Les 6 barres, 150g|[Origine : FRANCE, CÍrÍales Chocapic 50%: CÍrÍales 30.9% (blÍ complet 15.9 %, farine de blÍ, semoule de maÕs), chocolat en poudre 11.1% (sucre, cacao en poudre), sucre, sirop de glucose, extrait de malt d?orge, huile vÍgÍtale, Ímulsifiant : lÍcithine de tournesol   sel, ar«mes.  CÍrÍales fourrÍes 50% : CÍrÍales 23.4% (farine de blÍ complet 12,3 %, farine de riz, semoule de maÕs), fourrage (sucre, huile vÍgÍtale, amidon de maÕs, cacao maigre en poudre, poudre de lait ÍcrÍmÍ, Ímulsifiant : lÍcithine de tournesol   sel, ar«me), sucre, cacao maigre en poudre, poudre Å lever : phosphate de calcium   Ímulsifiant : lÍcithine de tournesol, sel, correcteur d?aciditÍ : phosphates de sodium   ar«me. Vitamines (D, PP, B5, B6, B2, B1, B9) et minÍraux (carbonate de calciumet fer). * total blÍ complet = 28.2%  Peut contenir des traces d?arachides, d?amandes et d?autres fruits Å coque., Valeur énergétique en Joules :  1720, Valeur énergétique en Kcal : 408, Glucides : 68,7, Lipides : 9,9, Protides :8, A conserver dans un endroit frais et sec]|"
16,20€ / Kg"|"
2,43 €"
289|Barres de céréles chocoalt au lait|Les 6 barres de 23,5g|[Origine : FRANCE, Avec des céréales complètes. 91 calories par barre., Céréales 42,8% (blé complet 26%, riz), chocolat au lait 15% (sucre, beurre de cacao, lait écrémé en poudre, pâte de cacao, lait en poudre, matière grasse de lait anhydre, petit lait en poudre, émulsifiant : lécithine de soja, arôme vanille), sirop deglucose, humectants : glycérol, sorbitol, extrait de malt dorge, sirop de sucre inverti, sucre : fructo-oligosaccharides, beurre de cacao, sirop de sucre roux inverti, sel, arôme, émulsifiants : lécithine de soja, mono- et diglycérides dacides gras, correcteur dacidité : phosphate de sodium, antioxygène : tocophérols. Vitamines ( PP, B5, B6, B2, B1, B9, B12) et minéraux (carbonate de calcium et fer). Peut contenir des traces d'arachides, d'amandes, d'autres fruits à coque., A conserver dans un endroit frais et sec.]|"
19,50€ / Kg"|"
2,75 €"
290|Blé complet et chocolat, barres de céréales|Les 6 barres de 23,5g|[Origine : FRANCE, Avec des céréales complètes. 91 calories par barre., Céréales 42,8% (blé complet 26%, riz), chocolat 15% (sucre, pâte de cacao, lait écrémé en poudre, petit lait en poudre, beurre de cacao, émulsifiants : lécithine de soja, E476, arôme vanille, cacao maigre en poudre), sirop de glucose, sucre, sirop desucre partiellement inverti, extrait de malt d'orge, humectant : glycérol, beurre de cacao, sirop de sucre roux partiellement inverti, sel, arôme, émulsifiants : lécithine de soja, mono- et diglycérides d'acides gras, correcteur d'acidité : phosphates de sodium, antioxygène : tocophérols. Vitamines (PP, B5, B6, B2, B1, B9, B12) et minéraux (carbonate de calcium et fer). Peut contenir des traces d'arachides, amandes et autres fruits à coque., Valeur énergétique en Joules :  1616Kj, Valeur énergétique en Kcal : 382Kcal, Glucides : 74,8g, Lipides : 7g, Protides :5,1g, A conserver dans un endroit frais et sec.]|"
19,29€ / Kg"|"
2,72 €"
291|Chocapic, céréales et lait|La boite de 150g|[Origine : FRANCE, Barres de céréales au chocolat, et au lait, enrichie en 7 vitamines calcium et fer., CÍrÍales Chocapic 50%: CÍrÍales 30.9% (blÍ complet 15.9 %, farine de blÍ, semoule de maÕs), chocolat en poudre 11.1% (sucre, cacao en poudre), sucre, sirop de glucose, extrait de malt d?orge, huile vÍgÍtale, Ímulsifiant : lÍcithine de tournesol   sel, ar«mes.  CÍrÍales fourrÍes 50% : CÍrÍales 23.4% (farine de blÍ complet 12,3 %, farine de riz, semoule de maÕs), fourrage (sucre, huile vÍgÍtale, amidon de maÕs, cacao maigre en poudre, poudre de lait ÍcrÍmÍ, Ímulsifiant : lÍcithine de tournesol   sel, ar«me), sucre, cacao maigre en poudre, poudre Å lever : phosphate de calcium   Ímulsifiant : lÍcithine de tournesol, sel, correcteur d?aciditÍ : phosphates de sodium   ar«me. Vitamines (D, PP, B5, B6, B2, B1, B9) et minÍraux (carbonate de calciumet fer). * total blÍ complet = 28.2%  Peut contenir des traces d?arachides, d?amandes et d?autres fruits Å coque., Valeur énergétique en Joules :  1720, Valeur énergétique en Kcal : 408, Glucides : 68,7, Lipides : 9,9, Protides :8, A conserver dans un endroit frais et sec]|"
15,27€ / Kg"|"
2,29 €"
292|Barres énergétique au malt et au chocolat|Les 5 barres de 20g|[Origine : FRANCE, Enrichi en 6 vitamines. Source de 4 minéraux., La température peut modifier l'aspect de la barre mais n'altère en aucun cas ses qualités nutritives., Chocolat au lait de couverture 32,4%* (sucre, pâte et beurre de cacao, lait entier et écrémé en poudre, noisettes, matières grasses du beurre, émulsifiant : lécithine de soja), lait écrémé concentré, extrait de malt d'orge (15,7% en matière sèche), lactosérum concentré, sucre, sirop de glucose, lait écrémé en poudre, cacao maigre, oeuf, huile végétale, levure, sel, vitamines (A, B1,  B2, PP, B6, B12), arôme (vanilline). *13% de cacao minimum. Peut contenir des traces d'amande., Valeur énergétique en Joules :  1832Kj, Valeur énergétique en Kcal : 436Kc, Glucides : 65,1g, Lipides : 1,5g, Protides :11,1g, A conserver dans un endroit frais et sec.]|"
27,20€ / Kg"|"
2,72 €"
293|Boisson instantanée goût Choco|Le pot de 800g|[Origine : FRANCE, Préparation pour boisson instantanée diététique de l'effort et d'apport glucidique au cacao maigre., Ce produit est destiné, dans le cadre d'une alimentation normale, à répondre aux besoins d'un effort musculaire immédiat effectué notamment lors d'une compétition ou dans des conditions d'environnement spéciales. Verser 5 à 6 cuillères à café de granulés (20 g) pour un bol de lait demi-écrémé chaud mais non bouillant (200 ml) ou pour un grand verre de lait demi-écrémé froid (200 ml). Mélanger, c'est prêt !, Sucre, cacao maigre en poudre 21%, émulsifiant : lécithines de tournesol, sel, carbonate de calcium, arôme, vitamines : C, E, niacine (PP), B6, acide pantothénique (B5), thiamine (B1), acide folique (B9). Traces de lait et de soja., Valeur énergétique en Joules :  1598kj, Valeur énergétique en Kcal : 378kcal, Glucides : 79g, Lipides : 3,3g, Protides :4,7g, A conserver à l'abri de la chaleur et de l'humidité. Bien refermer la boite après chaque utilisation.]|"
4,43€ / Kg"|"
3,54 €"
294|Cacao maigre en poudre Amérique latine|La boîte de 250g|[Origine : FRANCE, Pour un chocolat très onctueux, versez 3 cuillères à café de cacao dans une casserole, du sucre de canne et faites chauffer avec du lait. Laissez frémir durant 5 minutes et savourez votre boisson., Valeur énergétique en Joules :  1411kj, Valeur énergétique en Kcal : 340kcal, Glucides : 15g, Lipides : 12g, Protides :24g, Cacao maigre en poudre conforme aux standards internationaux du commerce équitable (100% du volume total). Teneur en beurre de cacao : 12%. Présence possible de gluten, d'oeuf et de lait., A conserver à l'abri de la chaleur et de l'humidité. Bien refermer le sachet après ouverture.]|"
12,40€ / Kg"|"
3,10 €"
295|préparation pour boisso cacaotée bio, certifié AB|La boîte de 500g|[Origine : SLOVENIE, Préparation pour boisson au cacao maigre., Mettez dans un bol 3 à 4 cuillères à café de poudre cacaotée, versez votre lait chaud et remuez afin d'obtenir une boisson homogène., Sucre de canne* **, cacao fortement dégraissé* ** 32%, arôme naturel vanille (dont dextrose et maltodextrine de blé). Traces possibles de gluten, soja, lait, oeufs et fruits à coque. * Ingrédients issus de l'agriculture biologique. ** : ingrédients issus du commerce équitable (99.8% du poids total)., Valeur énergétique en Joules :  1549kj, Valeur énergétique en Kcal : 367kcal, Glucides : 71g, Lipides : 3,5g, Protides :8g, A conserver à l'abri de la chaleur et de l'humidité.]|"
6,40€ / Kg"|"
3,20 €"
296|préparation pour boisso cacaotée bio, certifié AB|La boîte de 500g|[Origine : SLOVENIE, Préparation pour boisson au cacao maigre., Mettez dans un bol 3 à 4 cuillères à café de poudre cacaotée, versez votre lait chaud et remuez afin d'obtenir une boisson homogène., Sucre de canne* **, cacao fortement dégraissé* ** 32%, arôme naturel vanille (dont dextrose et maltodextrine de blé). Traces possibles de gluten, soja, lait, oeufs et fruits à coque. * Ingrédients issus de l'agriculture biologique. ** : ingrédients issus du commerce équitable (99.8% du poids total)., Valeur énergétique en Joules :  1549kj, Valeur énergétique en Kcal : 367kcal, Glucides : 71g, Lipides : 3,5g, Protides :8g, A conserver à l'abri de la chaleur et de l'humidité.]|"
6,40€ / Kg"|"
3,20 €"
297|poudre chocolatée arôme intense 32% de cacao|La boite de 1kg|[Origine : FRANCE, Sucre, cacao fortement dÍgraissÍ (32%), cÍrÍales biscuitÍes (farine de froment, d'orge, de blÍ maltÍ), flocons de bananes, miel, ar«me vanille, sel. Contient du gluten., Valeur énergétique en Joules :  1525kj, Valeur énergétique en Kcal : 361kcal, Glucides : 70g, Lipides : 3,4g, Protides :7,7g]|"
5,37€ / Kg"|"
5,37 €"
298|Poudre instantanée au chocolat|La boîte de 400g|[Origine : FRANCE, 1 bocal = environ 20 boissons. Verse directement Benco dans ton bol ou dans ton verre de lait chaud ou froid, remue et régale-toi., Sucre, cacao fortement dégraissé, céréales biscuitées (farine de froment, d'orge, de blé malté), sel, arôme : vanilline, miel, vitamine B1. Contient du gluten., Valeur énergétique en Joules :  1661, Valeur énergétique en Kcal : 396,8, Glucides : 87, Lipides : 2,3, Protides :5,6, A conserver dans un endroit sec.]|"
5,53€ / Kg"|"
2,21 €"
299|Cacao poudre brute non sucrée, 100% cacao|La boîte de 250g|[Origine : FRANCE, Osez la touche 100% cacao!, Ingrédients : Cacao en poudre (100%).]|"
11,56€ / Kg"|"
2,89 €"
300|Le chocolat onctueux et fin|La boîte de 500g|[Origine : FRANCE, Le plaisir chocolaté d'une pause gourmande associée aux bienfaits du lait., Ingrédients: Chocolat en poudre 98% (sucre, cacao), émulsifiant : lécithine de SOJA, arôme, cannelle., A conserver dans un endroit frais et sec.]|"
6,80€ / Kg"|"
3,40 €"
301|Nesquik Poudre instantanée au chocolat|La boîte de 250g|[Origine : FRANCE, Nesquik complète les bienfaits du lait pour bien grandir ! Avec de la vitamine D pour contribuer à l'absorption du calcium et du phosphore du lait, nécessaires pour la croissance et le développement des os. Et du fer et du zinc pour contribuer au fonctionnement de la mémoire et de la concentration., La dose idéale : 2 cuillère + 200 ml de lait., Ingrédients : Sucre, cacao maigre 20,3%, dextrose, émulsifiant : lécithine de soja, minéraux : carbonate de magnésium, pyrophosphate de fer, sulfate de zinc, vitamines : C, B1, D - sel, cannelle, arômes., A conserver dans un lieu frais et sec.]|"
6,48€ / Kg"|"
1,62 €"
302|Nesquik stick|La boite de 12x13,5g =162g|[Origine : FRANCE, De la vitamine D pour contribuer à l'absorption du calcium et du phosphore du lait, nécessaires pour la croissance et le développement des os. Du fer et du zinc pour contribuer au fonctionnement de la mémoire et de la concentration., La dose idéale : 1 stick + 200 ml de lait = 1 mug ou 1 bol., Ingrédients : Sucre, cacao maigre (20,3%), dextrose, émulsifiant : lécithine de soja, minéraux : carbonate de magnésium, pyrophosphate de fer, sulfate de zinc, vitamines : C, B1, D, sel, cannelle, arômes., A conserver dans un lieu frais et sec.]|"
15,37€ / Kg"|"
2,49 €"
304|Tonimalt, pour un petit déjeuner|Le pot de 450g|[Origine : FRANCE, Tonimalt, pour un petit déjeuner plein de saveur et de vitalité !, Mettez 3 cuillerées à soupe de poudre Tonimalt dans un bol, verser le lait chaud ou froid. Remuez, c'est prêt., Ingrédients : Lactosérum concentré, extrait de malt d'orge (28%), sucre, cacao maigre (9%), lait écrémé en poudre, miel (0,4%), lait entier en poudre, émulsifiant : lécithine de soja, correcteur d'acidité : E500, huile végétale, sel. Traces : oeuf.]|"
7,78€ / Kg"|"
3,50 €"
305|Poudre instantanée au malt d'orge et au cacao|Le pot de 400g|[Origine : FRANCE, Appréciez le mix unique céréale et chocolat source d'énergie et de plaisir au quotidien.La force d'Ovo provient de l'orge, céréale contenant des vitamines et minéraux. 47% d'extrait de malt d'orge., Par bol : 20g d'Ovomaltine + 200ml de lait 1/2 écrémé., Extrait de malt d'orge 47%, lait écrémé concentré, lactosérum concentré, sucre, cacao maigre (9%), levure, carbonate de magnésium, phosphate de calcium, huile végétale, vitamines (A, E, B1, B2, PP, B5, B6, B8, B9, B12, C), sel, arôme (vanilline). Peut contenir des traces d'oeuf., Valeur énergétique en Joules :  1528Kj, Valeur énergétique en Kcal : 360Kcal, Glucides : 75g, Lipides : 1,7g, Protides :11,2g, A conserver dans un endroit frais et sec.]|"
9,43€ / Kg"|"
3,77 €"
306|Chocolat façon bistrot|La boîte de 8 sachets, 160g|[Origine : FRANCE, sucre, cacao fortement dÍgraissÍ en poudre (18%), poudre de cacao (18%), Ímulsifiant (lÍcithine de tournesol), antiagglomÍrant (E341 iii), sel, ar«me. Peut contenir: lait, gluten, soja]|"
21,25€ / Kg"|"
3,40 €"
307|Chocolat façon bistrot|La boîte de 8 sachets, 160g|[Origine : FRANCE, sucre, cacao fortement dÍgraissÍ en poudre (18%), poudre de cacao (18%), Ímulsifiant (lÍcithine de tournesol), antiagglomÍrant (E341 iii), sel, ar«me. Peut contenir: lait, gluten, soja]|"
21,25€ / Kg"|"
3,40 €"
308|Poudre de cacao non sucrée, pour pâtisseries et boissons chocolatées|La boîte de 250g|[Origine : FRANCE, En pâtisserie : vous pouvez intégrer directement votre cacao Van Houten à votre préparation, sachant que 50g de chocolat en carrés correspondent à 2 cuillères à soupe de cacao en poudre. En boisson : pour vos enfants, Van Houten est un excellent cacao de petit-déjeuner. Deux cuillères à café de cacao, un peu de sucre, rajoutés au lait chaud suffisent pour obtenir une tasse vraiment savoureuse. En décoration : avant de servir votre gâteau, saupoudrez-le de cacao Van Houten, cela ajoutera une touche décorative et soignée à votre préparation., 100% de cacao. Peut contenir : lait, gluten, soja., A conserver au sec et à l'abri de la chaleur.]|"
13,76€ / Kg"|"
3,44 €"
309|Coeur de fruits cuits au chaudron, mirabelle, au sucre de canne|Le pot de 305g|[Origine : FRANCE, Toute la générosité des fruits., Mirabelles 65g*, sucre de canne 40g*, jus de citron concentré, gélifiant : pectines. (* quantité mise en oeuvre pour 100g de produit fini). Présence possible de beurre. Préparée avec 65g de fruits pour 100g de produit fini. Teneur totale en sucres :50g pour 100g de produit fini., Valeur énergétique en Joules :  938Kj, Valeur énergétique en Kcal : 221Kc, Glucides : 55g, Lipides : 0Traces, Protides :0.2g, A conserver au frais. Après ouverture, à conserver au réfrigérateur et à consommer rapidement.]|"
6,92€ / Kg"|"
2,11 €"
310|Confiture au griottes au sucre de canne, cuite au chaudron|Le pot de 305g|[Origine : FRANCE, Toute la générosité des fruits., Griottes 65g*, sucre de canne 40g*, gélifiant : pectine, jus de citron concentré. (* quantité mise en oeuvre pour 100g de produit fini). Présence possible de beurre. Préparée avec 65g de fruits pour 100g de produit fini. Teneur totale en sucres : 50gpour 100g de produit fini., Valeur énergétique en Joules :  850Kj, Valeur énergétique en Kcal : 200Kc, Glucides : 49g, Lipides : 0.1g, Protides :0.8g, A conserver au frais. Après ouverture, à conserver au réfrigérateur et à consommer rapidement.]|"
7,84€ / Kg"|"
2,39 €"
311|Confiture d'abricot au sucre de canne|Le pot de 270g|[Origine : FRANCE, Sucre de canne 55%*, abricots*, acidifiant : acide citrique, gélifiant : pectine de fruits (dont dextrose de blé), antioxygène : acide ascorbique. Préparée avec 50 g de fruits pour 100 g. Teneur totale en sucres : 60 g pour 100 g.* Issus de l'agriculture biologique., Valeur énergétique en Joules :  1020kj, Valeur énergétique en Kcal : 240kcal, Glucides : 59g, Lipides : 0,1g, Protides :0,5g, A conserver au frais après ouverture.]|"
8,00€ / Kg"|"
2,16 €"
312|Confiture d'abricot au sucre de canne|Le pot de 270g|[Origine : FRANCE, Sucre de canne 55%*, abricots*, acidifiant : acide citrique, gélifiant : pectine de fruits (dont dextrose de blé), antioxygène : acide ascorbique. Préparée avec 50 g de fruits pour 100 g. Teneur totale en sucres : 60 g pour 100 g.* Issus de l'agriculture biologique., Valeur énergétique en Joules :  1020kj, Valeur énergétique en Kcal : 240kcal, Glucides : 59g, Lipides : 0,1g, Protides :0,5g, A conserver au frais après ouverture.]|"
8,00€ / Kg"|"
2,16 €"
313|Confiture d'orange, cuite au chaudron|Le pot de 305g|[Origine : FRANCE, Pulpe de fruits avec écorces (orange douce 36g*, orange amère 20g*), sucre de canne 44g*, gélifiant : pectine, acidifiant : acide citrique.  *quantité mise en oeuvre pour 100g de produit fini. présence possible de fruits à coque et lait., Valeur énergétique en Joules :  832Kj, Valeur énergétique en Kcal : 196Kcal, Glucides : 48g, Lipides : 0,2g, Protides :0,5g, Après ouverture, à conserver au réfrigérateur et à consommer rapidement.]|"
6,49€ / Kg"|"
1,98 €"
314|Confiture d'oranges|Le pot de 360g|[Origine : FRANCE, Sucre de canne , oranges , gélifiant : pectine de fruits , acidifiant : acide citrique . Traces éventuelles d'amandes et de noix . Préparée avec 35g de fruits pour 100g .Teneur totale en sucres : 60g pour 100g., Valeur énergétique en Joules :  949kj, Valeur énergétique en Kcal : 224kcal, Glucides : 55g, Lipides : 0,1g, Protides :0,3g, A conserver au frais après ouverture .]|"
3,39€ / Kg"|"
1,22 €"
315|Confiture d'oranges allégée en sucres|Le pot de 350g|[Origine : FRANCE, Confiture extra d'oranges allégée en sucres (30% de sucres en moins)., Sucre, oranges, gélifiant : pectine de fruits, acidifiant : acide citrique. Préparée avec 35g de fruits pour 100g., Valeur énergétique en Joules :  729kj, Valeur énergétique en Kcal : 172kcal, Glucides : 42g, Lipides : 0,1g, Protides :0,4g, A conserver au frais après ouverture.]|"
3,60€ / Kg"|"
1,26 €"
316|Confiture de châtaigne cuite au chaudron|Le pot de 325g|[Origine : FRANCE, Châtaigne 55%, sucre de canne. Préparée avec 55g de fruits pour 100g de produit fini. Teneur totale en sucres 62g pour 100g de produit fini., A conserver au frais après ouverture.]|"
8,62€ / Kg"|"
2,80 €"
317|Confiture de figues rouges au sucre de canne, cuite au chaudron|Le pot de 305g|[Origine : FRANCE, Toute la générosité des fruits., Figues rouges  65g*, sucre de canne 40g*, jus de citron concentré, gélifiant : pectine. (* quantité mise en oeuvre pour 100g de produit fini). Présence possible de beurre. Préparée avec 65g de fruits pour 100g de produit fini. Teneur totale en sucres: 50g pour 100g de produit fini., Valeur énergétique en Joules :  894Kj, Valeur énergétique en Kcal : 210Kc, Glucides : 51g, Lipides : 0.4g, Protides :0.7g, A conserver au frais. Après ouverture, à conserver au réfrigérateur et à consommer rapidement.]|"
6,92€ / Kg"|"
2,11 €"
318|Confiture de fraises, framboises et cassis au sucre de canne, cuite au charbon|Le pot de 305g|[Origine : FRANCE, Fruits (fraises 29g*, framboise 21g*, cassis 14g*) sucre de canne 43g, gélifiant : pectine, extrait naturel de vanielle. *quantité mise en oeuvre pour 100g de produit fini. Présence possible de fruits à coque et lait., Valeur énergétique en Joules :  832KJ, Valeur énergétique en Kcal : 196Kcal, Glucides : 48g, Lipides : 0,2g, Protides :0,5g, Après ouverture, à conserver au réfrigérateur et à consommer rapidement.]|"
9,25€ / Kg"|"
2,82 €"
319|Confiture de fraises des bois au sucre de canne, cuite au chaudron|Le pot de 305g|[Origine : FRANCE, Toute la générosité des fruits., Fruits (fraises 54g*, fraises des bois 10g*), sucre de canne 43g, gélifiant : pectine, acidifiant : acide citrique. *Quantité mise en oeuvre pour 100g de produit fini. Présence possible de fruits à coque et lait. Préparée avec 64g de fruits pour 100gde produit fini. Teneur totale en sucre : 48g pour 100g de produit fini., Valeur énergétique en Joules :  832Kj, Valeur énergétique en Kcal : 196Kcal, Glucides : 48g, Lipides : 0,2g, Protides :0,5g, Après ouverture, à conserver au réfrigérateur et à consommer rapidement.]|"
9,31€ / Kg"|"
2,84 €"
320|Confiture de lait au bon goût de caramel|Le pot de 350g|"[Origine : FRANCE, Gourmandise au bon goût de caramel , la confiture de lait servait à conserver l'excédent de production des grandes régions laitières.En Argentine elle se nomme ""dulce de leche"",douceur de lait., Lait entier frais 57%  , sucre , eau , lait écrémé en poudre 7%., A garder dans un endroit  sec à l'abri de la lumière et de la chaleur. A conserver au frais après ouverture et à consommer rapidement.]"|"
7,91€ / Kg"|"
2,77 €"
321|Confiture de mûres au sucre de canne, cuite au charbon|Le pot de 305g|[Origine : FRANCE, fruits (mûres 35g*, purée de mûres 29g), sucre de canne 43g, gélifiant: pectine, acidifiant : acide citrique. * quantité mise en oeuvre pour 100G de produit fini. Présence possibme de fruits à coque et lait., Valeur énergétique en Joules :  832Kj, Valeur énergétique en Kcal : 196Kcal, Glucides : 48g, Lipides : 0,2g, Protides :0,5g, Après ouverture, à conserver au réfrigératuer et à consommer rapidement.]|"
8,66€ / Kg"|"
2,64 €"
322|Confiture de myrtilles au sucre de canne|Le pot de 270g|[Origine : FRANCE, Confiture extra de myrtilles issue de l'agriculture biologique., Sucre de canne 55%*, myrtilles*, gélifiant : pectine de fruits (dont dextrose de blé), acidifiant : acide citrique. Préparée avec 50 g de fruits pour 100 g. Teneur totale en sucres : 60 g pour 100 g. * Issus de l'agriculture biologique., Valeur énergétique en Joules :  1004Kj, Valeur énergétique en Kcal : 236Kcal, Glucides : 58g, Lipides : 0,3g, Protides :0,3g, A conserver au frais après ouverture.]|"
13,59€ / Kg"|"
3,67 €"
323|Confiture de myrtilles au sucre de canne|Le pot de 270g|[Origine : FRANCE, Confiture extra de myrtilles issue de l'agriculture biologique., Sucre de canne 55%*, myrtilles*, gélifiant : pectine de fruits (dont dextrose de blé), acidifiant : acide citrique. Préparée avec 50 g de fruits pour 100 g. Teneur totale en sucres : 60 g pour 100 g. * Issus de l'agriculture biologique., Valeur énergétique en Joules :  1004Kj, Valeur énergétique en Kcal : 236Kcal, Glucides : 58g, Lipides : 0,3g, Protides :0,3g, A conserver au frais après ouverture.]|"
13,59€ / Kg"|"
3,67 €"
324|Confiture extra d'abricots|Le pot de 360g|[Origine : FRANCE, Sucre de canne , abricots ,  gélifiant : pectine de fruits , acidifiant : acide citrique. Traces éventuelles d'amandes et de noix . Préparée avec 50g de fruits pour 100g  . Teneur totale en sucres : 60g pour 100g, Valeur énergétique en Joules :  995kj, Valeur énergétique en Kcal : 225kcal, Glucides : 55g, Lipides : 0,1g, Protides :0,5g, A conserver au frais après ouverture.]|"
3,14€ / Kg"|"
1,13 €"
325|Confiture extra d'abricots|Le pot de 730g|[Origine : FRANCE, Abricots, sucre, sucre roux de canne, jus de citron concentré, gélifiant : pectine de fruits. Préparée avec 50g de fruits pour 100g. Teneur totale en sucres : 55g pour 100g. Cette confiture peut contenir un noyau., Valeur énergétique en Joules :  955kj, Valeur énergétique en Kcal : 225kcal, Glucides : 55g, Lipides : 0,1g, Protides :0,5g, A conserver au frais après ouverture.]|"
3,08€ / Kg"|"
2,25 €"
326|Confiture extra d'abricots allégée en sucres|Le pot de 350g|[Origine : FRANCE, Confiture extra d'abricots allégée en sucres (30% de sucres en moins)., Malgré tous nos soins, ce produit peut contenir un noyau., Abricots , sucre de canne , eau , gélifiant:pectine de fruits , acidifiant:lactate de calcium .Traces d'amandes et de noix.Préparée avec 55g de fruits pour 100g .Teneur totale en sucres :45g pour 100g ., Valeur énergétique en Joules :  733Kj, Valeur énergétique en Kcal : 173KCal, Glucides : 42g, Lipides : 0,1g, Protides :0,5g, A conserver au frais après ouverture.]|"
3,80€ / Kg"|"
1,33 €"
327|Confiture extra de fraises|Le pot de 270g|[Origine : FRANCE, Confiture extra de fraises issue de l'agriculture biologique., Sucre de canne 56%*, fraises*, acidifiant : acide citrique, gélifiant : pectine de fruits (dont dextrose de ble). Préparée avec 50 g de fruits pour 100g. Teneur totale en sucres : 60 g pour 100 g *Issus de l'agriculture biologique., Valeur énergétique en Joules :  1014kj, Valeur énergétique en Kcal : 239kcal, Glucides : 59g, Lipides : 0,2g, Protides :0,4g, A conserver au frais après ouverture.]|"
8,63€ / Kg"|"
2,33 €"
328|Confiture extra de fraises|Le pot de 270g|[Origine : FRANCE, Confiture extra de fraises issue de l'agriculture biologique., Sucre de canne 56%*, fraises*, acidifiant : acide citrique, gélifiant : pectine de fruits (dont dextrose de ble). Préparée avec 50 g de fruits pour 100g. Teneur totale en sucres : 60 g pour 100 g *Issus de l'agriculture biologique., Valeur énergétique en Joules :  1014kj, Valeur énergétique en Kcal : 239kcal, Glucides : 59g, Lipides : 0,2g, Protides :0,4g, A conserver au frais après ouverture.]|"
8,63€ / Kg"|"
2,33 €"
329|Confiture extra de fraises|Le pot de 360g|[Origine : FRANCE, Fraises , sucre roux de canne , gélifiant : pectine de fruits , acidifiant : acide citrique.  Préparée avec 50g de fruits pour 100g  . Teneur totale en sucres : 60g pour 100g, Valeur énergétique en Joules :  957kj, Valeur énergétique en Kcal : 225kcal, Glucides : 55g, Lipides : 0,2g, Protides :0,4g, A conserver au frais après ouverture.]|"
3,53€ / Kg"|"
1,27 €"
330|Confiture extra de fraises|Le pot de 730g|[Origine : FRANCE, Fraises, sucre, sucre roux de canne, jus de citron concentré, gélifiant : pectine de fruits. Préparée avec 50g de fruits pour 100g .Teneur totale en sucres : 55g pour 100g ., Valeur énergétique en Joules :  957kj, Valeur énergétique en Kcal : 225kcal, Glucides : 55g, Lipides : 0,2g, Protides :0,4g, A conserver au frais après ouverture.]|"
3,23€ / Kg"|"
2,36 €"
331|Confiture extra de fraises allégée en sucres|Le pot de 350g|[Origine : FRANCE, Confiture extra de fraises allégée en sucres (30% de sucres en moins)., Fraises, sucre de canne, eau, gélifiant : pectine de fruits, acidifiant : lactate de calcium. Préparée avec 55g de fruits pour 100g. Teneur totale en sucre : 45g pour 100g.  Traces d'amandes et de noix., Valeur énergétique en Joules :  735Kj, Valeur énergétique en Kcal : 173KCal, Glucides : 42g, Lipides : 0,2g, Protides :0,4g, A conserver au frais après ouverture.]|"
4,03€ / Kg"|"
1,41 €"
332|Confiture extra de framboises|Le pot de 360g|[Origine : FRANCE, Framboises, sucre, sucre roux de canne, gélifiant : pectine de fruits, acidifiant : acide citrique. Préparée avec 50g de fruits pour 100g. Teneur totale en sucres : 60g pour 100g., Valeur énergétique en Joules :  985kj, Valeur énergétique en Kcal : 232kcal, Glucides : 55g, Lipides : 0,5g, Protides :0,7g, A conserver au frais après ouverture.]|"
5,03€ / Kg"|"
1,81 €"
333|Confiture extra de myrtilles|Le pot de 360g|[Origine : FRANCE, Myrtilles , sucre , sirop de glucose-fructose , gélifiant : pectine de fruits , acidifiant : acide citrique . . Préparée avec 50g de fruits pour 100g . Teneur totale en sucres : 60g pour 100g., Valeur énergétique en Joules :  973kj, Valeur énergétique en Kcal : 229kcal, Glucides : 55g, Lipides : 0,3g, Protides :0,3g, A conserver au frais après ouverture .]|"
5,47€ / Kg"|"
1,97 €"
334|Confiture extra de reines-claudes allegée en sucres|Le pot de 350g|[Origine : FRANCE, Confiture extra de reines-claudes allégée en sucres (30% de sucres en moins)., Reines-Claudes, sucre, gélifiant : pectine de fruits, acidifiant : acide citrique. Préparée avec 50g de fruits pour 100g., Valeur énergétique en Joules :  730kj, Valeur énergétique en Kcal : 172kcal, Glucides : 42g, Lipides : 0g, Protides :0,4g, A conserver au frais après ouverture.]|"
4,51€ / Kg"|"
1,58 €"
335|Confiture figues rouges au sucre de canne|Le pot de 270g|[Origine : FRANCE, Confiture extra de figues rouges issue de l'agriculture biologique., Sucre de canne 54%*, figues*, gélifiant : pectine de fruits (dont dextrose de blé), acidifiant : acide citrique, Préparée avec 50 g de fruits pour 100 g. Teneur totale en sucres : 60 g pour 100 g. * Issus de l'agriculture biologique., Valeur énergétique en Joules :  1021kj, Valeur énergétique en Kcal : 240kcal, Glucides : 59g, Lipides : 0,3g, Protides :0,7g, A conserver au frais après ouverture.]|"
7,48€ / Kg"|"
2,02 €"
336|Confiture orange au sucre de canne|Le pot de 270g|[Origine : FRANCE, Sucre de canne 57%*, oranges amères avec écorces coupées en lamelles*, acidifiant : acide citrique, gélifiant : pectine de fruits (dont dextrose de blé). Préparée avec 35 g de fruits pour 100 g. Teneur totale en sucres : 60 g pour 100 g. *Issus de l'agriculture biologique., Valeur énergétique en Joules :  1029kj, Valeur énergétique en Kcal : 242kcal, Glucides : 60g, Lipides : 0,1g, Protides :0,4g, A conserver au frais après ouverture.]|"
6,78€ / Kg"|"
1,83 €"
337|Confiture orange au sucre de canne|Le pot de 270g|[Origine : FRANCE, Sucre de canne 57%*, oranges amères avec écorces coupées en lamelles*, acidifiant : acide citrique, gélifiant : pectine de fruits (dont dextrose de blé). Préparée avec 35 g de fruits pour 100 g. Teneur totale en sucres : 60 g pour 100 g. *Issus de l'agriculture biologique., Valeur énergétique en Joules :  1029kj, Valeur énergétique en Kcal : 242kcal, Glucides : 60g, Lipides : 0,1g, Protides :0,4g, A conserver au frais après ouverture.]|"
6,78€ / Kg"|"
1,83 €"
338|Gelée extra aux groseilles|Le pot de 360g|[Origine : FRANCE, Jus de groseilles, sucre, gélifiant : pectine de fruits, acidifiant : acide citrique. Préparée avec 50g de jus de groseilles pour 100g. Teneur totale en sucres : 55g pour 100g de produit fini., Valeur énergétique en Joules :  963kj, Valeur énergétique en Kcal : 227kcal, Glucides : 55g, Lipides : 0,1g, Protides :0,6g, A conserver au frais après ouverture.]|"
3,36€ / Kg"|"
1,21 €"
339|Préparation de fruits : mandarine, fruit de la passion|Le bocal de 305g|[Origine : FRANCE, Préparation de fruits : mandarine, fruit de la passion., Fruits (pulpe et écorces de mandarine 49g*, jus de fruits de la passion 14g*), sucre de canne 42g*, gélifiant : pectines, acidifiant : acide citrique. *Quantité mise en oeuvre pour 100g de produit fini. Présence possible de fruits à coque et lait. Préparée avec 63g de fruits pour 100g de produit fini. Teneur totale en sucres 48g pour 100g de produit fini., Valeur énergétique en Joules :  832kj, Valeur énergétique en Kcal : 196kcal, Glucides : 48g, Lipides : 0,2g, Protides :0,5g, Après ouverture, à conserver au réfrigérateur et à consommer rapidement.]|"
7,66€ / Kg"|"
2,68 €"
340|Préparation de fruits : pêche, mangue|Le bocal de 305g|[Origine : FRANCE, Préparation de fruits : pêche, mangue., Fruits (pêche 41g*, purée de mangue 20g*), sucre de canne 41g*, gélifiant : pectines, acidifiant : acide citrique. *Quantité mise en oeuvre pour 100g de produit fini. Présence possible de fruits à coque et lait. Préparée avec 61g de fruits pour 100gde produit fini. Teneur totale en sucres 48g pour 100g de produit fini., Valeur énergétique en Joules :  832kj, Valeur énergétique en Kcal : 196kcal, Glucides : 48g, Lipides : 0,2g, Protides :0,5g, Après ouverture, à conserver au réfrigérateur et à consommer rapidement.]|"
8,75€ / Kg"|"
2,67 €"
341|Préparation de fruits coing cuit au chaudron|Le pot de 305g|[Origine : FRANCE, Coings 55%, sucre de canne 44%, jus de citron concentré, gélifiant : pectine. Présence possible de beurre. Préparée avec 55g de fruits pour 100g de produit fini. Teneur totale en sucres : 50g pour 100g de produit fini., Valeur énergétique en Joules :  971Kj, Valeur énergétique en Kcal : 229Kc, Glucides : 56.6g, Lipides : 0.1g, Protides :0.3g, A conserver au réfrigérateur après ouverture et à consommer rapidement.]|"
8,39€ / Kg"|"
2,56 €"
342|Préparation de fruits poires vanillées|Le bocal de 305g|[Origine : FRANCE, Coeur de fruits cuits au chaudron., Fruits (poires Williams 50 g*, pomme 15 g*), sucre de canne 39 g*, gélifiant : pectines, jus de citron concentré, arôme naturel de vanille 0,17 g*, arôme naturel, gousses de vanille épuisées broyées 0,01 g*. *Quantité mise en oeuvre pour 100 g de produit fini. Préparée avec 65 g de fruits pour 100 g de produit fini. Teneur totale en sucres : 45 g pour 100 g de produit fini., Valeur énergétique en Joules :  774kj, Valeur énergétique en Kcal : 182kcal, Glucides : 45g, Lipides : 0,1g, Protides :0,3g, Après ouverture, à conserver au réfrigérateur et à consommer rapidement.]|"
8,39€ / Kg"|"
2,56 €"
343|Clémentine corse en tranches|Le pot de 370g|[Origine : FRANCE, Marmelade de clémentine en tranches. Preparée traditionnellement dans un chaudron ouvert et travaillée par un cuiseur, cette marmelade est élaborée avec des clémentines de Corse. Les tranches de clémentine confies restent entières après leur cuissonet sont disposées une à une à la main afin de les conserver intactes et savoureuses., sucre de canne, clémentines. Gélifiant: pectine de fruit. Acidifiant: acide citrique. Peut contenir du gluten., A conserver au frais après ouverture]|"
19,89€ / Kg"|"
7,36 €"
344|Confiture de figue violette|Le pot de 370g|[Origine : FRANCE, Les fruits sélectionnés sont travaillés selon une recette traditionnelle par un cuiseur dans un chaudron ouvert. Toutes leurs qualités gustatives sont ainsi préservées., Au-delà des desserts, cette délicieuse confiture relevée par une pointe de vanille, accompagne merveilleusement le foie gras., Figues violettes, sucre de canne, extrait de vanille, gélifiant (pectine de fruits), acidifiant (acide citrique)., Conserver au frais après ouverture.]|"
19,46€ / Kg"|"
7,20 €"
345|Confiture de fraise|Le pot de 370g|[Origine : FRANCE, Cette confiture est élaborée avec des fraises de la variété Senga sengana rigoureusement sélectionnées pour leur qualité gustative.Les fruits sont confits avant d'être cuits afin de préserver leur goût. Ils sont ensuite travaillés par un cuiseur dansun chaudron ouvert, comme le veut la tradition., Fraises, sucre de canne, gélifiant (pectine de fruits), acidifiant (acide citrique)., Conserver au frais après ouverture.]|"
16,43€ / Kg"|"
6,08 €"
346|Confiture de framboise épépinée|Le pot de 370g|[Origine : FRANCE, Préparée traditionnellement dans un chaudron ouvert et travaillée par un cuiseur, cette confiture est élaborée à partir de framboises rigoureusement sélectionnées auxquelles on a ôté les pépins.Cette recette permet d'obtenir une texture très onctueuse tout en préservant le goût du fruit., framboises épépinées, sucre, gélifiant (pectine de fruits)., A conserver au frais après ouverture.]|"
19,46€ / Kg"|"
7,20 €"
347|Miel cremeux de fleurs|Le pot de 500g|[Origine : FRANCE, Le miel crémeux de fleurs de France Monoprix peut se déguster tel quel ou dans vos boissons chaudes., Miel de Fleurs de France., Valeur énergétique en Joules :  1365Kj, Valeur énergétique en Kcal : 321Kcal, Glucides : 80g, Lipides : 0g, Protides :0,3g, A conserver à l'abri de la chaleur et de l'humidité.]|"
8,76€ / Kg"|"
4,38 €"
348|Miel d'acacia, certifié AB|Le pot de 375g|[Origine : HONGRIE, Certifié Ecocert., Miel d'Acacia de Hongrie issu de l'agriculture biologique., Valeur énergétique en Joules :  1365Kj, Valeur énergétique en Kcal : 321Kcal, Glucides : 80g, Lipides : 0g, Protides :0,3g, A conserver à l'abri de la chaleur et de l'humidité.]|"
13,60€ / Kg"|"
5,10 €"
349|Miel d'acacia, certifié AB|Le pot de 375g|[Origine : HONGRIE, Certifié Ecocert., Miel d'Acacia de Hongrie issu de l'agriculture biologique., Valeur énergétique en Joules :  1365Kj, Valeur énergétique en Kcal : 321Kcal, Glucides : 80g, Lipides : 0g, Protides :0,3g, A conserver à l'abri de la chaleur et de l'humidité.]|"
13,60€ / Kg"|"
5,10 €"
350|Miel d'oranger|Le pot de 500g|[Origine : ESPAGNE, Le miel d'oranger d'Espagne a une couleur orangé clair et des arômes fleuris et délicats. Idéal avec des crêpes pour la délicatesse de ses arômes., Miel d'oranger, A conserver à l'abri de la chaleur et de l'humidité.]|"
9,72€ / Kg"|"
4,86 €"
351|Miel de forêt, origine Italie, certifié AB|Le bocal de 375g|[Origine : FRANCE, Miel de forêt d'Italie, issu de l'agriculture biologique., Valeur énergétique en Joules :  1365Kj, Valeur énergétique en Kcal : 321Kcal, Glucides : 80g, Lipides : 0g, Protides :0,3g, A conserver à température ambiante.]|"
12,80€ / Kg"|"
4,80 €"
352|Miel de forêt, origine Italie, certifié AB|Le bocal de 375g|[Origine : FRANCE, Miel de forêt d'Italie, issu de l'agriculture biologique., Valeur énergétique en Joules :  1365Kj, Valeur énergétique en Kcal : 321Kcal, Glucides : 80g, Lipides : 0g, Protides :0,3g, A conserver à température ambiante.]|"
12,80€ / Kg"|"
4,80 €"
353|Miel de montagne|Le pot de 500g|[Origine : FRANCE, Ce miel à la robe sombre développe en bouche des arômes fruités et légèrement corsés., Idéal dans une tisane., Miel de montagne du Chili., Valeur énergétique en Joules :  1365kj, Valeur énergétique en Kcal : 321kcal, Glucides : 80g, Lipides : 0g, Protides :0,3g, A conserver à l'abri de la chaleur et de l'humidité.]|"
8,24€ / Kg"|"
4,12 €"
354|Miel de romarin d'Espagne|Le pot de 500g|[Origine : FRANCE, Miel de Romarin d'Espagne., Valeur énergétique en Joules :  1365Kj, Valeur énergétique en Kcal : 321Kcal, Glucides : 80g, Lipides : 0g, Protides :0,3g, A conserver à l'abri de la chaleur et de l'humidité.]|"
12,30€ / Kg"|"
6,15 €"
355|Miel liquide d'acacia|Le pot de 375g|[Origine : FRANCE, Le miel d'acacia Monoprix au goût délicat apportera une note sucrée légèrement fleurie à vos boissons chaudes ou vos desserts lactés., Miel d'acacia de Hongrie., Valeur énergétique en Joules :  1365Kj, Valeur énergétique en Kcal : 321Kcal, Glucides : 80g, Lipides : 0g, Protides :0,3g, A conserver à température ambiante.]|"
10,99€ / Kg"|"
4,12 €"
356|Miel saveur douce et fruité|Le flacon de 250g|[Origine : FRANCE, Bien refermer le flacon après chaque utilisation., Mélange de miels originaires et non originaires de la CE., A conserver à température ambiante.]|"
10,04€ / Kg"|"
2,51 €"
357|Pâte à tartiner au cacao et à la pâte de noisettes, sucre brut de canne, certifié AB|Le pot de 400g|[Origine : FRANCE, Sucre brut de canne* 48%, huile de tournesol* (dont antioxydant : extrait riche en tocophérols d'origine naturelle), pâte de noisettes* 12%, poudre de lait écrémé*, cacao maigre en poudre* 6%, émulsifiant : lécithine de soja. Présence possible de sésame et arachide. Pourcentage total d'ingrédients issus de l'agriculture biologique : 99,5%. *Ingrédients issus de l'agriculture biologique., Valeur énergétique en Joules :  2326Kj, Valeur énergétique en Kcal : 558Kcal, Glucides : 53g, Lipides : 35g, Protides :6,3g, A conserver à température ambiante, à l'abri de la chaleur. Ne pas mettre au réfrigérateur. Après ouverture, à consommer dans les 2 mois.]|"
9,18€ / Kg"|"
3,67 €"
358|Pâte à tartiner aux noisettes, sans huile de palme|Le pot de 400g|[Origine : FRANCE, Sucre, huiles végétales (colza, tournesol), noisettes 13%, cacao maigre en poudre, poudre de  lait écrémé 6%, lactosérum, lactose,  émulsifiant : lécithine de tournesol, arôme. Traces de soja. Fabriqué et conditionné en Italie., Valeur énergétique en Joules :  2280Kj, Valeur énergétique en Kcal : 546Kcal, Glucides : 56g, Lipides : 32g, Protides :6,5g, A conserver à température ambiante, à l'abri de la chaleur. Ne pas mettre au réfrigérateur.]|"
4,33€ / Kg"|"
1,73 €"
359|Pâte à tartiner aux noisettes, sans huile de palme|Le pot de 750g|[Origine : FRANCE, Sucre, huiles végétales (colza, tournesol), noisettes 13%, cacao maigre        en poudre, poudre de  lait écrémé 6%, lactosérum, lactose,  émulsifiant : lécithine de tournesol, arôme. Traces de soja. Fabriqué et conditionné en Italie., Valeur énergétique en Joules :  2254Kj, Valeur énergétique en Kcal : 539KCal, Glucides : 62g, Lipides : 29g, Protides :6g, A conserver à température ambiante, à l'abri de la chaleur. Ne pas mettre au réfrigérateur.]|"
4,19€ / Kg"|"
3,14 €"
360|Préparation de fruits :framboise avec pépin et purée de framboise|Le pot de 305g|[Origine : FRANCE, Préparation de fruits : framboises avec pépins et purée de framboises., Fruits (morceaux de framboises avec pépins 32,5 g, purée de framboises 32,5 g), sucre de canne 40 g, gélifiant : pectines, beurre concentré. Préparée avec 65 g de fruits pour 100 g de produit fini. Teneur totale en sucres : 45 g pour 100 g de produitfini., Valeur énergétique en Joules :  779Kj, Valeur énergétique en Kcal : 183Kc, Glucides : 45g, Lipides : 0,1g, Protides :0,6g, A conserver au réfrigérateur après ouverture et à consommer rapidement.]|"
8,89€ / Kg"|"
2,71 €"
361|Pur sirop d'érable Canada, n°1 médium|Le flacon de 250ml|[Origine : CANADA, Le sirop d'érable est obtenu par concentration de la sève récoltée en incisant l'écorce des arbres entre mars et avril, il existe plusieurs catégories de sirops fonction du goût et de la couleur : plus il est clair, plus sa saveur est délicate., La plus classique : sur des pancakes. La plus originale : dans une sauce barbecue sur des travers de porc., 100% sirop d'érable., Valeur énergétique en Joules :  1105Kj, Valeur énergétique en Kcal : 264Kcal, Glucides : 65g, Lipides : 0g, Protides :0g, A conserver à l'abri de la chaleur et de l'humidité.]|"
20,16€ / L"|"
5,04 €"
362|Pâte à tartiner avec des pépites croustillantes d'ovomaltine|Le bocal de 400g|[Origine : FRANCE, Sucre, poudre d'Ovomaltine 33,7% dont 7,5% sous forme de granulés croustillants (extrait de malt d'orge (51%), lait écrémé concentré, lactosérum concentré, sucre, cacao maigre, fructose, carbonate de magnésium, phosphate de calcium, huile végétale, vitamines (A, E, B1, B2, PP, B5, B6, b8, B9, B12, C), sel, arômes : vanilline), huile végétale, noisettes (2,6%), phosphate de calcium, cacao maigre, émulsifiant : lécithine de tournesol, arôme : vanilline. Peut contenir des traces de noix de cajou, amande, oeuf et soja., Valeur énergétique en Joules :  544kj, Valeur énergétique en Kcal : 2273kcal, Glucides : 60,2g, Lipides : 31,6g, Protides :4,0g, Conserver au frais et au sec (ne pas conserver au réfrigérateur).]|"
8,20€ / Kg"|"
3,28 €"
363|Miel d'acacia de France|Le pot de 500g|[Origine : FRANCE, Ce miel de printemps est issu des fleurs du robinier. Récolté en France, ce miel liquide à forte sucrosité révèle des notes prononcées de fleurs d'acacia, au parfum suave et délicat., Le miel est un produit naturel, sa texture peut évoluer dans le temps., Miel d'acacia de France.]|"
21,64€ / Kg"|"
10,82 €"
364|Miel de France crémeux|Le pot de 500g|[Origine : FRANCE]|"
17,40€ / Kg"|"
8,70 €"
365|Pâte à tartiner aux noisettes bio et équitable|Le bocal de 400g|[Origine : PEROU, Une pâte à tartiner pas comme les autres ! Une pâte à tartiner gourmande et respectueuse de la planète ? c'est possible ! Grâce au travail des producteurs de cacao bio du Pérou ! Avec la prime du Commerce Equitable, ils ont également la possibilité de choisir ensemble les projets sociaux et environnementaux., Sucre de canne**, huile végétale* (tournesol*, palme biologique*(Colombie)), noisettes* (13%), cacao maigre** (7%), lait écrémé en poudre*, émulsifiant : lécithine de tournesol, arôme naturel de vanille**. Présence de lait et noisettes. Peut contenirdes traces de soja, gluten et arachides. *Ingrédients agricoles issus de l'agriculture biologique. **Ingrédients agricoles issus de l'agriculture biologique et ingrédients issus du Commerce Equitable (54,5% du volume total)., Conserver dans un endroit sec et ne pas mettre au froid.]|"
10,88€ / Kg"|"
4,35 €"
366|Pâte à tartiner aux noisettes bio et équitable|Le bocal de 400g|[Origine : PEROU, Une pâte à tartiner pas comme les autres ! Une pâte à tartiner gourmande et respectueuse de la planète ? c'est possible ! Grâce au travail des producteurs de cacao bio du Pérou ! Avec la prime du Commerce Equitable, ils ont également la possibilité de choisir ensemble les projets sociaux et environnementaux., Sucre de canne**, huile végétale* (tournesol*, palme biologique*(Colombie)), noisettes* (13%), cacao maigre** (7%), lait écrémé en poudre*, émulsifiant : lécithine de tournesol, arôme naturel de vanille**. Présence de lait et noisettes. Peut contenirdes traces de soja, gluten et arachides. *Ingrédients agricoles issus de l'agriculture biologique. **Ingrédients agricoles issus de l'agriculture biologique et ingrédients issus du Commerce Equitable (54,5% du volume total)., Conserver dans un endroit sec et ne pas mettre au froid.]|"
10,88€ / Kg"|"
4,35 €"
367|Confiture chataignes à la vanille|Le bocal de 370g|[Origine : FRANCE, Sucre, purée de chataîgnes, sucre roux de canne, extrait pur de vanille]|"
4,95€ / Kg"|"
1,83 €"
368|Crème de marrons de l'ardèche|Le lot de 4 boîtes de 100g, soit 400g|[Origine : FRANCE, Châtaignes, sucre, débris de marrons glacés, eau, sirop de glucose, arôme naturel vanille. Préparé avec 45g de fruits pour 100g. Teneur totale en sucres : 60g pour 100g.]|"
9,80€ / Kg"|"
3,92 €"
369|Crème de marrons de l'Ardèche vanillée|La boîte de 500ml|[Origine : FRANCE, Châtaignes, sucre, débris de marrons glacés écrasés (marrons, sucre, sirop de glucose, arôme naturel vanille), eau, sirop de glucose, arôme naturel vanille. Préparé avec 45g de fruits pour 100g. Teneur totale en sucres 60g pour 100g., A conserver au frais après ouverture.]|"
5,20€ / Kg"|"
2,60 €"
370|Crème de marrrons|Le paquet de 3 tubes de 78g|[Origine : FRANCE, Chataîgnes, sucre, débris de marrons glacés écrasés (marrons, sucre, sirop de glucose, arôme naturel vanille), eau, sirop de glucose, arôme naturel vanille]|"
12,39€ / Kg"|"
2,90 €"
371|Fraise à tartiner|Le flacon de 285g|[Origine : FRANCE, Douceur de la fraise qui rappelle l'enfance. Parfum le plus plébiscité par les petits et les grands donc incontournable. Se tartine facilement., Pour vos toasts, crêpes, yaourts  Lors que le squeezer est presque terminé, ôtez le bouchon et passer le flacon 10 secondes au micro-ondes afin de le vider complètement., Valeur énergétique en Joules :  1509, Valeur énergétique en Kcal : 358, Glucides : 66, Lipides : 9,5, Protides :1,2, Jus de fraise reconstitué 26%, sucre, sirop de glucose, crème fraiche (LAIT), protéine de LAIT, arome naturel, acidifiant : acide citrique, denrée alimentaire colorante (concentré de carotte, pomme)., A conserver à moins de 25°C.]|"
14,42€ / Kg"|"
4,11 €"
372|Pâte à tartiner, noisettes et cacao|Le pot de 350g|[Origine : FRANCE]|"
13,11€ / Kg"|"
4,59 €"
373|Pâte à tartiner, noisettes et cacao|Le pot de 350g|[Origine : FRANCE]|"
13,11€ / Kg"|"
4,59 €"
374|Miel du gatinais|Le bocal de 375g|[Origine : FRANCE, Miel crémeux d'un blond doré, facile à tartiner, qui vous rappellera les délicates odeurs végétales des plaines du Gâtinais en été. Son onctuosité et sa délicatesse en font le compagnon idéal du petit déjeuner. Quatrième génération d'apiculteurs, nous sélectionnons des miels récoltés par des apiculteurs passionnés par leur métier et par un produit 100% naturels : le miel., Idéal pour sucer vos boissons chaudes.]|"
16,35€ / Kg"|"
6,13 €"
375|Miel eucalyptus|Le bocal de 375g|[Origine : FRANCE, Miel agréablement parfumé, à la personnalité affirmée. Goût légèrement malté et mentholé., Miel d'eucalyptus.]|"
14,80€ / Kg"|"
5,55 €"
376|Miel biologique issu du commerce équitable|Le flacon de 250g|[Origine : FRANCE]|"
14,52€ / Kg"|"
3,63 €"
377|Miel biologique issu du commerce équitable|Le flacon de 250g|[Origine : FRANCE]|"
14,52€ / Kg"|"
3,63 €"
378|Miel crémeux 100% pur et naturel, miel fleurs|Le pot de 750g|[Origine : FRANCE, Un miel aux goûts de toutes les fleurs qui lui ont donné naissance. 100% pur et naturel., Mélange de miels originaires et non originaires de la CE.]|"
9,75€ / Kg"|"
7,31 €"
379|Miel d'acacia|Le pot de 250g|[Origine : FRANCE, Notre miel est une merveille de la nature, il est récolté et extrait des alvéoles de cire avec  la plus grande attention pour préserver ses saveurs et toutes ses qualités. Le nectar des fleurs et le soleil ont permis aux abeilles d'élaborer ce bon miel d'acacia.]|"
21,64€ / Kg"|"
5,41 €"
380|Miel d'acacia, certifié AB|Le flacon de 250g|[Origine : FRANCE, Récolté sur des zones de butinage soigneusement sélectionnées pour leurs cultures et leur flore sauvage biologiques, ce miel d'acacia dévoile une douceur et une finesse incomparables., Miel d'acacia de Hongrie issu de l'Agriculture Biologique.]|"
22,80€ / Kg"|"
5,70 €"
381|Miel de fleurs, 100% pur et naturel|Le pot de 375g|[Origine : FRANCE, Mélange de miels de fleurs originaires et non originaires de la CE.]|"
8,45€ / Kg"|"
3,17 €"
382|Miel de France|Le pot de 500g|[Origine : FRANCE, Notre miel est une merveille de la nature, il est récolté et extrait des alvéoles de cire avec la plus grande attention pour préserver ses saveurs et toutes ses qualités.Le nectar des fleurs et le soleil ont permis aux abeilles d'élaborer ce bon mielde France., Miel de France.]|"
15,04€ / Kg"|"
7,52 €"
383|Miel de France|Le pot de 500g|[Origine : FRANCE, Notre miel est une merveille de la nature, il est récolté et extrait des alvéoles de cire avec la plus grande attention pour préserver ses saveurs et toutes ses qualités.Le nectar des fleurs et le soleil ont permis aux abeilles d'élaborer ce bon mielde France., Miel. Cristallisation fine.]|"
12,20€ / Kg"|"
6,10 €"
384|Miel de lavande de provence|Le bocal de 375g|[Origine : COMM. ECON EUROPEENN, 100% pur et naturel., Miel de lavande de Provence.]|"
21,49€ / Kg"|"
8,06 €"
385|Miel doux|La bouteille de 250g|[Origine : FRANCE, Le miel est le produit pur et naturel élaboré par les abeilles. Il est récolté de façon traditionnelle par l'apiculteur., Ce miel se distingue par sa très grande douceur et sa saveur délicatement fleurie., Miel. Mélange de miels originaires et non originaires de la CE.]|"
12,92€ / Kg"|"
3,23 €"
386|Miel et gelée royale, vitalité et dynamisme|Le flacon de 250g|[Origine : FRANCE, La gelée royale est l'unique source naturelle de 10-HDA. En étant mélangée au miel, elle conserve toutes ses propriétés originelles. Leurs composants agissent ainsi en harmonie et en synergie., Consommer chaque jour votre dose de tonus au petit-déjeuner (1,5 cuil à soupe = environ 25g de miel et gelée royale soit 1g de gelée royale)., Miel (96%), gelée royale (4% soit 10g).]|"
24,52€ / Kg"|"
6,13 €"
387|Miel fruité et fleuri, 100% pure et naturel|Le flacon de 340g|[Origine : FRANCE]|"
14,12€ / Kg"|"
4,80 €"
388|Miel l'apiculteur de montagne|Le pot de 500g|[Origine : FRANCE]|"
12,52€ / Kg"|"
6,26 €"
389|Miel liquide 100% pur et naturel|Le pot de 250g|[Origine : FRANCE, Ce miel est le fruit intact du travail des abeilles. Il est récolté de façon traditionnelle par l'apiculteur., 100% Miel, Valeur énergétique en Joules :  1360, Valeur énergétique en Kcal : 320, Glucides : 80, Lipides : 0,5, Protides :0,5, Température Ambiante]|"
12,16€ / Kg"|"
3,04 €"
390|Biscuits aux 5 céréales, abricot, pépites de chocolat et amandes, sachets fraîcheur|Le paquet de 400g|[Origine : FRANCE, Biscuits aux céréales, pépites de chocolat, abricots et amandes., Céréales 52% (farine de blé, flocons d'avoine, son de blé, farine de seigle, farine de sarrasin, farine d'orge), sucre, matières grasses végétales (palme et tournesol), pépites de chocolat 8% (sucre, pâte de cacao, beurre de cacao, émulsifiant : lécithine de soja, arôme), lait écrémé en poudre, miel, pépites d'abricots 2,5% (abricots, farine de riz, conservateur : anhydride sulfureux), amandes hachées 2%, poudres à lever : carbonate acide de sodium, carbonate acide d'ammonium, diphosphate tetrasodique, arômes, sel, émulsifiant : lécithine de colza, lactosérum en poudre. Traces d'oeufs et d'arachide., Valeur énergétique en Joules :  1987Kj, Valeur énergétique en Kcal : 474Kcal, Glucides : 63g, Lipides : 20g, Protides :8g, A conserver à l'abri de la chaleur et de l'humidité. Biscuits fragiles à manipuler avec précaution.]|"
4,78€ / Kg"|"
1,91 €"
391|Biscuits petit déjeuner 5 céréales et pépites de chocolat|Le paquet de 400g|[Origine : FRANCE, Biscuits aux céréales et aux pépites de chocolat., Céréales 50% (farine de blé, flocons d'avoine, son de blé, farine de seigle, farine de sarrasin, farine d'orge), sucre, matières grasses végétales (palme et tournesol), pépites de chocolat 12,5% (sucre, pâte de cacao, beurre de cacao, émulsifiant : lécithine de soja, arôme), cacao en poudre 3%, lait écrémé en poudre, poudres à lever : carbonate acide de sodium, carbonate acide d'ammonium, diphosphate tetrasodique, sel, arôme, émulsifiant : lécithine de colza. Traces d'oeufs, d'arachide et de fruits à coque., Valeur énergétique en Joules :  1987kj, Valeur énergétique en Kcal : 474Kcal, Glucides : 63g, Lipides : 20g, Protides :8g, A conserver à l'abri de la chaleur et de l'humidité. A consommer rapidement après ouverture. Biscuits fragiles à manipuler avec précaution.]|"
4,25€ / Kg"|"
1,70 €"
392|Biscuits aux cérales et chocolat, sachets fraîcheur|Le paquet de 400g|[Origine : FRANCE, Avec Lu Petit Déjeuner, Lu s'engage à vous proposer une recette spécialement conçue pour répondre aux besoins nutritionnels de toute la famille au petit déjeuner., Céréales 55,4% (céréales complètes 30,4% (farine complète de blé 20% et d'orge, flocons d'avoine 7%), farine de blé 21,5%, farine de seigle), sucre, pépites de chocolat 13% (sucre, pâte et beurre de cacao, émulsifiant: lécithine de soja), diphosphatedisodique, émulsifiants: lécithine de soja, E472e, arôme, sel, lait écrémé en poudre, minéraux: carbonate de magnésium, fer réduit, vitamines: E, B1, PP. Contient: gluten, soja, lait. Fabriqué dans un atelier qui utilise: oeuf, arachide, noisette, sésame, graines de pavot., Valeur énergétique en Joules :  1895Kj, Valeur énergétique en Kcal : 451Kc, Glucides : 67g, Lipides : 17g, Protides :7,5g, A conserver à l'abri de la chaleur et de l'humidité.]|"
5,73€ / Kg"|"
2,29 €"
393|Biscuits aux céréales, coeur fondant au chocolat et noisettes, sachets fraîcheur|Le paquet de 253g|[Origine : BELGIQUE, Une recette gourmande : un délicieux coeur fondant goût chocolat noisette entre deux biscuits croustillants., Céréales 55,1% (farine de blé 31,2% - Céréales complètes 23,9% (farine complètede blé 12%, flocons d'avoine 8,9%, farine complèe de seigle 1%, farine complèt e d'orge 1%, farine complète d'épeautre 1%), Matière grasse végétale- Sucre glace:sucre, amidon de maïs,fécule de pomme de terre-Sucre-Cacao maigre en poudre 4.3%- Amidon de blé- Poudre à lever:carbonate acide de sodium,diphosphate disodique,carbonate acide d'ammonium- Minéraux:fer,carbonates de magnésium- Arôme noisette-Sel- Emulsifiant:lécithine de soja,- Lait écrémé en poudre- Vitamines:E,B1,pp.CONTIENT BLE,GLUTEN,SOJA,LAIT.PEUT CONTENIR DES TRACES D'OEUF,FRUITS A COQUE., Valeur énergétique en Joules :  1970kj, Valeur énergétique en Kcal : 470kcal, Glucides : 66g, Lipides : 18g, Protides :7,7g, A conserver à l'abri de la chaleur et de l'humidité.]|"
10,71€ / Kg"|"
2,71 €"
394|Biscuits aux céréales, miel et pépites de chocolat, sachets fraîcheur|Le paquet de 435g|[Origine : FRANCE, Lu belVita Petit Déjeuner ce sont de délicieux biscuits spécialement conçus pour le petit déjeuner, avec toujours le goût que vous aimez ! Une recette riche en céréales et gourmande.Lu Petit Déjeuner devient belVita Petit Déjeuner. Parce que vos délicieux biscuits méritent un vrai nom, identique partout dans le monde. Toujours le goût que vous aimez. Toujours de de l'énergie pour toute la matinée., Céréales 59,8%(farine de blé 19,5%, céréales complètes 40,3% (farine d'épeautre 1,0%), sucre, matière grasse végétale, pépitres de chocolat 8,6% (sucre, pâte de cacao, beurre de cacao, émulsifiant : lécithine de soja), miel de fleurs 5% sirop de glucose-fructose, poudre à lever(carbonate acide de sodium, carbonate acide d'ammonium), arôme, sel, émulsifiant (lécithine de soja, E472e), lait écrémé en poudre, minéraux (carbonate de magnésium, fer réduit) sucre glace (sucre, amidon de maïs, fécule de pomme de terre), vitamines (E, B1, PP) CONTIENT BLE, GLUTEN, SOJA, LAIT. PEUT CONTENIR DES TRACES D'OEUF, FRUIT A COQUE, SESAME., Valeur énergétique en Joules :  1940kj, Valeur énergétique en Kcal : 460kcal, Glucides : 68,0g, Lipides : 17,0g, Protides :6,5g, A conserver à l'abri de la chaleur et de l'humidité. Consommer rapidement après ouverture.]|"
5,89€ / Kg"|"
2,56 €"
395|Biscuits aux céréales, sachets fraîcheur|Le paquet de 400g|[Origine : BELGIQUE, Une recette riche en céréales (au minimum 50%) rigoureusement sélectionnées. Une recette gourmande : de délicieux éclats de céréales et du sucre de canne roux. Extra riche en Céréales.Une sélection de 5 céréales complètes qui participent à une alimentation équilibrée., Céréales complétes 41,8% (flocons d'avoine 19,4%, flocons de seigle malté 19,4%, farine compléte d'épeautre 1%, farine compléte d'orge 1%, farine compléte de blé 1%)- Farine de blé 26,8%- Matiére grasse végétale- Sucre- Sucre de canne roux 7%- Sucreinverti- Poudre à lever: carbonate acide de sodium, carbonate acide d'ammonium, disphosphate disodique- Sel, lait {cr{m{ en poudre- Min{raux: fer, carbonate de magn{sium- Emulsifiant: l{cithine de soja- Vitamines: E, B1, PP.Contient bl{, gluten, soja, lait. Peut contenir des traces d'arachide, fruits à coque, oeuf, s{same., Valeur énergétique en Joules :  1870kj, Valeur énergétique en Kcal : 445kcal, Glucides : 67g, Lipides : 15g, Protides :7,9g, A conserver à l'abri de la chaleur et de l'humidité.]|"
6,83€ / Kg"|"
2,73 €"
396|Biscuits aux céréales avec nappage goût chocolat noisette|Le paquet de 250g|[Origine : FRANCE, Le Tartiné de Belvita Petit Déjeuner : c'est un savoureux biscuit riche en céréales, tartiné d'un délicieux nappage au goût choco-noisette., Céréales 58,6% (farine de blé 35%, céréales complètes 23,6% (farine de blé complet 10,7%, flocons d'avoine 7,9%, farine d'orge complète 3%, farine complète de seigle 1%, farine complète d'épeautre 1%), sucre, matières grasses végétales, lactose et protéines de lait, cacao maigre en poudre (1,5%), sirop de glucose, émulsifiants (lécithine de soja, E476), pâte de noisette 0,49%, minéraux (carbonate de magnésium, fer), poudre à lever (carbonate acide de sodium, diphosphate disodique, carbonate acide d'ammonium), sel, arômes, vitamines (E, PP, B1). Contient blé, gluten, soja, lait, noisette. Peut contenir des traces d'oeuf., Valeur énergétique en Joules :  1925kj, Valeur énergétique en Kcal : 460g, Glucides : 68g, Lipides : 18g, Protides :7,7g, A conserver à l'abri de la chaleur et de l'humidité.]|"
10,92€ / Kg"|"
2,73 €"
397|Crookie noisette|Le paquet de 120g|[Origine : FRANCE]|"
9,60€ / Kg"|"
2,88 €"
398|Amandes et flocons d'Avoine|La boite de 125g|[Origine : FRANCE, Pour être au plus près de la Nature et en restituer les bienfaits, notre biscuit aux Amandes et Flocons d'Avoine a été réalisé avec les conseils d'un naturopathe. Nous avons ainsi sélectionné les ingrédients les moins transformés, pour que leur arômeet leur richesse nutritionnelle soient les plus intacts possible, et nous les avons associés selon leur complémentarité : de l'avoine : source de magnésium et de phosphore, des amandes : source de vitamine E, de la farine de blé intégrale : qui conserve l'enveloppe protectrice du grain et ses précieux éléments nutritifs comme les fibres, les vitamines et les sels minéraux, du sucre de canne non raffiné, aucun arôme ajouté pour préserver une saveur authentique., *Farine de blé intégrale T150 (29,5%), *sucre de canne brut non raffiné (22%), *farine d'avoine (19,5%), *flocons d'avoine (9,5%), *matières grasses (*beurre, *huile de tournesol), *amandes (5,5%), *amidon de blé, poudres à lever : carbonate d'ammonium, carbonate acide de sodium, sel marin non raffiné. *100% des ingrédients d'origine agricole ont été obtenus selon les règles de la production biologique., Valeur énergétique en Joules :  2029kj, Valeur énergétique en Kcal : 484kcal, Glucides : 63g, Lipides : 21g, Protides :9g, A conserver dans un endroit frais et sec.]|"
19,28€ / Kg"|"
2,41 €"
399|Amandes et flocons d'Avoine|La boite de 125g|[Origine : FRANCE, Pour être au plus près de la Nature et en restituer les bienfaits, notre biscuit aux Amandes et Flocons d'Avoine a été réalisé avec les conseils d'un naturopathe. Nous avons ainsi sélectionné les ingrédients les moins transformés, pour que leur arômeet leur richesse nutritionnelle soient les plus intacts possible, et nous les avons associés selon leur complémentarité : de l'avoine : source de magnésium et de phosphore, des amandes : source de vitamine E, de la farine de blé intégrale : qui conserve l'enveloppe protectrice du grain et ses précieux éléments nutritifs comme les fibres, les vitamines et les sels minéraux, du sucre de canne non raffiné, aucun arôme ajouté pour préserver une saveur authentique., *Farine de blé intégrale T150 (29,5%), *sucre de canne brut non raffiné (22%), *farine d'avoine (19,5%), *flocons d'avoine (9,5%), *matières grasses (*beurre, *huile de tournesol), *amandes (5,5%), *amidon de blé, poudres à lever : carbonate d'ammonium, carbonate acide de sodium, sel marin non raffiné. *100% des ingrédients d'origine agricole ont été obtenus selon les règles de la production biologique., Valeur énergétique en Joules :  2029kj, Valeur énergétique en Kcal : 484kcal, Glucides : 63g, Lipides : 21g, Protides :9g, A conserver dans un endroit frais et sec.]|"
19,28€ / Kg"|"
2,41 €"
400|Nutri-Grain, croustillant de céréales, au chocolat|La boîte de 240g|[Origine : ESPAGNE]|"
12,13€ / Kg"|"
2,91 €"
401|Nutri-Grain, croustillant de céréales, biscuité|La boîte de 240g|[Origine : ESPAGNE]|"
12,13€ / Kg"|"
2,91 €"
402|Nutri-Grain à taoster, à la framboise|La boîte de 240g|[Origine : ESPAGNE]|"
12,21€ / Kg"|"
2,93 €"
403|Nutri-Grain à toaster, au chocolat|La boîte de 240g|[Origine : ESPAGNE]|"
12,25€ / Kg"|"
2,94 €"
404|Gâteau aux céréales et aux pépites de chocolat p'tit déj|Le paquet de 175g|[Origine : FRANCE, Une farine 5 céréales associée à toute la gourmandise des pépites de chocolat croquantes, avec Savane P'tit Dej, redécouvrez le plaisir d'un bon gâteau au petit déjeuner., Céréales 23,3% (farine de blé 12,9%, céréales complètes 8,3% (farine complète de blé 5,1%, farine complète de seigle 2%, farine complète de maïs 0,5%, farine complète d'orge 0,5%), farine de riz 2%, farine de blé malté), oeufs frais, sucre, huile decolza, pépites de chocolat 8,8% (sucre, pâte de cacao, beurre de cacao, cacao maigre en poudre, émulsifiant : lécithine de tournesol), stabilisant : glycérol, amidon de blé, eau, poudres à lever : diphosphates, carbonates de sodium, émulsifiant : mono- et diglycérides d'acides gras, sel. Contient : gluten, oeuf. Peut contenir : arachide, fruits à coque, lait, soja. 5 céréales. Sans huile de palme. Sans conservateur. Farine de blé français.]|"
16,57€ / Kg"|"
2,90 €"
405|Barre de son d'avoine|La boite de 150g|[Origine : FRANCE, Ces barres sont des recettes gourmandes sans sucres ajoutés pour vous permettre de faire attention au quotidien tout en vous faisant plaisir., Une consommation excessive peut avoir des effets laxatifs., Son d'avoine 33,5%, édulcorant : maltitol, céréales croustillantes (farine de blé, farine de riz, farine d'orge, farine de seigle, farine d'avoine), raisins (5,45%) (agent d'enrobage : huile végétale), flocons d'avoine, stabilisants : glycérol, billettes extrudées au soja (isolat de protéines de soja, amidon de tapioca, sel), fibres d'acacia, arôme., Valeur énergétique en Joules :  1368kj, Valeur énergétique en Kcal : 325kcal, Glucides : 69,8g, Lipides : 3,1g, Protides :9,9g, A conserver dans un endroit frais et sec.]|"
27,00€ / Kg"|"
4,05 €"
406|Barres à la noix de coco, pause hyperprotéinée|La boîte de 205g|[Origine : FRANCE, Finis les régimes tristes ! Gayelord Hauser vous aide à garder la ligne tout en vous faisant plaisir. 1 barre saveur noix de coco, pour une pause légère en milieu d'après-midi, vous garantit un apport optimum en protéines (45% de l'apport énergétiquetotal) et vous permet de prendre un dîner léger., Protéines de lait, édulcorant: maltitol, chocolat noir (pâte de cacao, sucre, beurre de cacao, matière grasse de lait anhydre, émulsifiant: lécithines (soja), arome naturel de vanille), stabilisant: glycérol, oligofructose, protéines de soja, blanc d'oeuf, hydrolysat de collagène, aromes, amidon, noix de coco (0,5%), sel, vitamines (C,E,B9)., Valeur énergétique en Joules :  1335,5, Valeur énergétique en Kcal : 317,8, Glucides : 36,5, Lipides : 6, Protides :38, À conserver dans un endroit frais et sec.]|"
45,95€ / Kg"|"
9,42 €"
407|Barres aux amandes|La boîte de 125g|[Origine : FRANCE, Les Barres amande Gayelord Hauser sont fabriquées à partir d'un subtil mélange d'amandes douces et d'amandes amères. Ces dernières sont ajoutées en petite quantité pour relever naturellement le goût délicat des amandes douces., Sucre de canne, amande (30%), sirop de glucose, sucre de canne roux, stabilisant : sorbitol, conservateur : sulfate de sodium, sucre inverti, vitamines B1, PP., Valeur énergétique en Joules :  1904Kj, Valeur énergétique en Kcal : 453Kcal, Glucides : 68g, Lipides : 16,5g, Protides :8,1g]|"
32,48€ / Kg"|"
4,06 €"
408|Pâte fruits grenade cranberry|La boite de 125g|[Origine : FRANCE, Pulpe de fruits 51% (poire William 29%, framboise 15%, cranberry 3,5%, grenade 3,5%), sucre, sirop de glucose de blÍ, stabilisant : glycÍrol, fibre de pomme, gÍlifiant : pectine, acidifiant : acide citrique, ar«me naturel de framboise, ar«me naturelde cranberry, ar«me naturel de grenade, vitamine C., Valeur énergétique en Joules :  1371kj, Valeur énergétique en Kcal : 323kcal, Glucides : 80,2g, Lipides : 0,5g, Protides :0,5g]|"
28,08€ / Kg"|"
3,51 €"
409|Pâtes de fruits en barres, fruits rouges, orange, abricot-pêche|La boîte de 125g|[Origine : FRANCE, Les Pâtes de fruits Gayelord Hauser, généreuses en pulpe de fruits, constituent une bonne source d'énergie. Une fois goûtées, vous ne pourrez plus vous passer de leur fondant !, Pâte de fruits orange : Pulpe de fruits 50% (pulpe de pomme, orange 12,5%, anti-oxydant : acide ascorbique), sucre, sirop de glucose, germe de blé 2,5%, gélifiant : pectine, acidifiant : acide citrique, arôme naturel orange, vitamines C et B1. Pâte de fruits rouges : Pulpe de fruits 50% (pulpe de pomme, framboise 6,25%, fraise 6,25%, anti-oxydant : acide ascorbique), sucre, sirop de glucose, germe de blé 2,5%, arôme naturel fruits rouges, gélifiant : pectine, acidifiant : acide citrique, vitamines C et B1. Pâte de fruits pêche/abricot : Pulpe de fruits 50% (pulpe de pomme, pêche 6,25%, abricot 6,25%, framboise, anti-oxydant : acide ascorbique), sucre, sirop de glucose, germe de blé 2,5%, gélifiant : pectine, arômes naturels pêche/abricot, acidifiant : acide citrique, vitamines C et B1., Valeur énergétique en Joules :  1377Kj, Valeur énergétique en Kcal : 324Kcal, Glucides : 78,8g, Lipides : 0,4g, Protides :1,3g]|"
26,72€ / Kg"|"
3,34 €"
410|Pause Chocolat aux éclats de noisettes caramélisées|La boite de 300g|[Origine : FRANCE, Riche en protéines, elle est subtilement enrobée de chocolat noir et convient parfaitement pour une pause minceur et gourmande., Prenez une pause avec la barre chocolat aux éclats de noisettes caramélisées accompagnée d'un grand verre d'eau. Nous recommandons aux femmes enceintes, aux personnes ayant des problème de santé et aux personnes âgées de consulter un médecin avant d'entreprendre un programme pour conserver la ligne., Chocolat noir 26% (pâte de cacao, sucre, beurre de cacao, matière grasse de lait anhydre, émulsifiant : lécithine de soja, arôme naturel de vanille), protéines de lait, stabilisant : sorbitol, sirop de glucose-fructose, sirop de glucose, fructose, oligofructose, éclats de noisettes caramélisées 3% (noisettes, sucre), huiles végétales (tournesol, palme, colza), amidon modifié, cacao en poudre, lait condensé sucré, hydrolysat de collagène, chocolat 1% (sucre, pâte de cacao, beurre de cacao, émulsifiant : lécithine de soja, mono-et diglycérides d'acides gras, arôme naturel (lait), antioxydant : alpha-tocophérol., Valeur énergétique en Joules :  1709kj, Valeur énergétique en Kcal : 408kcal, Glucides : 47,7g, Lipides : 14,7g, Protides :20,6g, A conserver dans un endroit frais et sec.]|"
26,97€ / Kg"|"
8,09 €"
411|Barres à l'abricot intense, riche en protéines|La boîte de 210g|[Origine : FRANCE, Richesse en protéines de lait pour aider à entretenir et à développer la masse musculaire., Lors d'un effort de courte ou moyenne durée, consommez une barre abricot Gerblé dès le début de l'échauffement. Lors d'efforts prolongés, pour vous redonner un coup de fouet consommez une barre toutes les 30 - 45 minutes., Abricots secs 41,7% (abricots, dextrose, conservateurs apportés par le fruit : anhydride sulfureux, acide sorbique), protéines de lait* (19,2%), sucre, sirop de glucose, crème de riz, matière grasse végétale non hydrogénée, stabilisants : glycérol dorigine végétale et sirop de sorbitol, arôme naturel, fécule de pomme de terre, jus de citron concentré, vitamines B1, B2, B6, C, E et PP.* 1 source de protéines., A conserver au frais et au sec.]|"
19,57€ / Kg"|"
4,11 €"
412|Barres à l'amande, riches en germes de blé|La boîte de 150g|[Origine : FRANCE, Les nutritionnistes ont conçu la barre Amande pour vous assurer la juste dose en énergie et en micro-nutriments nécessaire lors d'un effort physique.Particulièrement adaptée aux besoins nutritionnels des sportifs., Pour éviter les coups de fatigue pendant vos activités sportives, les diététiciennes Gerblé vous conseillent de consommer des glucides. Lors d'un effort de courte ou moyenne durée, consommez une barre dès le début de l'échauffement. Lors d'efforts prolongés, pour vous redonner un 'coup de fouet', consommez une barre toutes les 30-45 minutes., Sucre, amandes (27%), sirop de sucre inverti, sirop de glucose de blé, fructose, germe de blé (5,1%), stabilisant : glycérol d'origine végétale, dextrose, fécule de pomme de terre, arôme naturel vanille, vitamine b1.]|"
24,47€ / Kg"|"
3,67 €"
413|Barres aux figues, riches en glucides|La boîte de 150g|[Origine : FRANCE, La Barre Figue Gerblé a été conçue pour assurer la juste dose en énergie pour éviter les coups de pompe lors d'une activité physique.Riche en glucides rapides, indispensables aux muscles lors de leffort physique., Sucre, sirop de glucose de blé, flocons d'orge, miel, amandes (9,8%), figues (7,9%), germe de blé (6,9%), raisins secs (5%), poudre de cynorrhodon (cynorrhodon 2%, maltodextrine, amidon), noisettes (4,2%), Poudre de pommes (pommes 1,4%, émulsifiant :lécithine de soja), Abricots secs (1%), amidon de blé, stabilisant : sorbitol, conservateur : sorbate de potassium, sirop de glucose déshydraté de blé, fécule de pomme de terre, vitamines B1, B2, B6, E, PP, C, supports de vitamines : lactose, protéines de lait., Valeur énergétique en Joules :  1491Kj, Valeur énergétique en Kcal : 353Kcal, Glucides : 63,5g, Lipides : 8,1g, Protides :6,6g, A conserver dans un endroit frais et sec.]|"
23,80€ / Kg"|"
3,57 €"
414|Chocolat au lait hypoglucidique, objectif santé|La tablette de 80g|[Origine : FRANCE, Glucoregul est une gamme de produits gourmands spécifiquement conçus par les nutritionnistes Gerblé. Elle vous aide à limiter vos apports en sucre et en calories tout en vous faisant plaisir., Il est recommandé de le consommer dans le cadre d'une alimentation variée et équilibrée et d'un mode de vie sain.  Une consommation excessive peut avoir des effets laxatifs Destinée aux régimes hypoglucidiques. Ce chocolat peut être conseillé par lemédecin pour la composition du régime de certains diabétiques., Edulcorant : maltitol en poudre issu de blé, lait écrémé en poudre (20%), beurre de cacao, inuline en poudre, pâte de cacao, matière grasse laitière anhydre, pâte de noisette, émulsifiant : lécithine de soja, arôme naturel. Cacao : 31% minimum., Valeur énergétique en Joules :  1877Kj, Valeur énergétique en Kcal : 449KCal, Glucides : 39,1g, Lipides : 32,1g, Protides :9,1g]|"
35,13€ / Kg"|"
2,81 €"
415|Chocolat noir hypoglucidique, objectif santé|La tablette de 80g|[Origine : FRANCE, Le Chocolat noir GlucoRegul a été spécialement formulé pour contribuer au bon contrôle de la glycémie., Pâte de cacao, édulcorant : maltitol en poudre issu de blé, inuline en poudre, beurre de cacao, poudre de cacao maigre, émulsifiant : lécithine de soja, arôme naturel., A conserver dans un endroit frais et sec.]|"
31,00€ / Kg"|"
2,48 €"
416|Galettes au son d'avoine saveur Vanillées|La boite de 240g|[Origine : FRANCE, Une galette Son d'Avoine Gerblé apporte l'équivalent de 2 cuillères à soupe de son d'avoine, soit 10% des apports journaliers conseillés en fibres., Prêtes à consommer. Les galettes Gerblé peuvent être consommées froides ou réchauffées. Sortez-les de leur emballage plastique et faites-les chauffer 2 minutes au grille-pain ou 1 minute au micro-ondes à puissance maximale. Agrémentées selon vos envies, les galettes Gerblé peuvent être dégustées nature, avec des fruits, du fromage blanc ou tout autre accompagnement sucré., Eau, son d'avoine 26%, sucre de canne roux, lait écrémé en poudre, blanc d'oeuf en poudre, arôme naturel de vanille, poudres à lever (carbonate acide de sodium, crème de tartre), sel marin, amidon de blé. Fabriqué dans un atelier qui utilise du sésame, de la moutarde, du céleri et des fruits à coque. Sans colorant*, sans conservateur*, arômes exclusivement naturels. *conformément à la réglementation en vigueur., Valeur énergétique en Joules :  750kj, Valeur énergétique en Kcal : 178kcal, Glucides : 29,1g, Lipides : 1,9, Protides :8,5g]|"
18,96€ / Kg"|"
4,55 €"
417|Galettes de maïs, riches en fibres|Le paquet de 130g|[Origine : FRANCE, Gourmandes mais légères, les galettes de Maïs vous apportent seulement 18kcal par galette. Naturellement pleines de bienfaits nutritionnels, elles vous accompagneront sainement lors de vos repas ou à tout autre moment de la journée., Maïs complet (99,5%), sel. Sans conservateur, matière grasse hydrogénée, colorant et arôme artificiel., Valeur énergétique en Joules :  1517Kj, Valeur énergétique en Kcal : 358Kcal, Glucides : 73g, Lipides : 2,6g, Protides :10,6g]|"
13,77€ / Kg"|"
1,79 €"
418|Galettes germe de blé, objectif santé|Le paquet de 188g|[Origine : FRANCE, Farine de blé, sirop de sucre, germe de blé Gerblé 16.2%, crème d orge, fécule de pomme de terre, farine de soja, magnésium, sucre de canne roux, lactose, protéines de lait, émulsifiant : lécithine de soja, lait en poudre, sirop de glucose, miel, sel marin, arômes naturels, extrait de malt d orge, poudres levantes : tartrate de potassium Vitamines B1, B2, B6, B9 (acide folique), PP et E, extrait de Thé  vert, concentré de baies daronia, maltodextrines de pomme de terre. Teneur réduite en matière grasse, riche en ingrédients anti-oxydants., Valeur énergétique en Joules :  1566Kj, Valeur énergétique en Kcal : 369Kcal, Glucides : 74,6g, Lipides : 2,5g, Protides :12g, A conserver dans un endroit frais et sec.]|"
18,88€ / Kg"|"
3,55 €"
419|Galettes riz complet au chocolat noir|Le paquet de 105g|[Origine : FRANCE, Gourmandes mais légères, les Galettes Riz Complet Chocolat Noir vous aportent 83kcal. Délicatement chocolatées, elles accompagneront sainement vos pauses gourmandes., Chocolat noir de couverture 58% (sucre, masse de cacao, beurre de cacao, émulsifiant: lécithine de soja, vanilline, émulsifiant: E476), riz complet. Sans conservateur. Sans colorant. Sans matière grasse hydrogénée., Valeur énergétique en Joules :  1982Kj, Valeur énergétique en Kcal : 472Kcal, Glucides : 65,8g, Lipides : 20,3g, Protides :6,6g]|"
21,43€ / Kg"|"
2,25 €"
420|Barre repas chocolat coeur saveur coco|La boite de 372g|[Origine : FRANCE, Valeur énergétique en Joules :  986kj, Valeur énergétique en Kcal : 235kcal, Glucides : 28,2g, Lipides : 7,1g, Protides :15,2g]|"
22,18€ / Kg"|"
8,25 €"
421|Barre repas chocolat intense|La boîte de 372g|[Origine : FRANCE]|"
23,58€ / Kg"|"
8,77 €"
422|Barre repas chocolat intense|La boîte de 372g|[Origine : FRANCE]|"
23,58€ / Kg"|"
8,77 €"
423|Barre repas coeur savueur chocolat et amande|La boite de 6 repas minceur|[Origine : FRANCE, Valeur énergétique en Joules :  983kj, Valeur énergétique en Kcal : 234kcal, Glucides : 29g, Lipides : 6,8g, Protides :15g]|"
24,89€ / Kg"|"
9,26 €"
424|Barres au chocolat et noisette|La boîte de 160g|[Origine : FRANCE, Bouchées saveur noisette chocolat pour prendre soin de sa ligne, goûter équilibré ou combler un petit creux.Emballées individuellement., Protéines de lait et de soja, fibres (fructooligosaccharides, polydextrose), chocolat noir (25%) (pâte de cacao, sucre, beurre de cacao, matière grasse de lait, émulsifiant : lécithine de soja, arôme naturel de vanille), stabilisants : sorbitol et glycérol d'origine végétale, fructose, blanc d'oeuf en poudre, arôme naturel de noisette, poudre de cacao, émulsifiants : lécithine de colza et de soja, huiles de colza et de soja.., Valeur énergétique en Joules :  1436Kj, Valeur énergétique en Kcal : 342Kc, Glucides : 31,7g, Lipides : 9,4g, Protides :26,8g, A conserver dans un endroit sec et frais.]|"
35,63€ / Kg"|"
5,70 €"
425|Barres de régime hyperprotéinées, saveur chocolats noir et blanc|La boîte de 372g|[Origine : FRANCE, Les barres Gerlinéa sont emballées individuellement, vous pouvez ainsi les emporter partout.Elles sont riches en vitamines (E, B1, PP, B6, B9): 1 barre vous apporte entre 20 et 21% des apports journaliers recommandés., Destinées aux régimes nécessitant un apport protéique élevé., Chocolat noir (30%) (pâte de cacao, sucre, beurre de cacao, matière grasse de lait, émulsifiant : lécithine de soja, arôme naturel de vanille), produits du lait (lait écrémé en poudre, protéines de lait), sirop de sucre inverti, sirop de glucose, blanc d'oeuf en poudre, sucre, stabilisant : sorbitol, graisse de palme non hydrogénée, maltodextrine, gluten de blé, gélatine, arôme, sel, vitamines B1, B6, B9, PP et E (lactose), huiles végétales de colza et de soja., Valeur énergétique en Joules :  1658Kj, Valeur énergétique en Kcal : 396Kcal, Glucides : 45,6g, Lipides : 14,1g, Protides :22,9g]|"
20,73€ / Kg"|"
7,71 €"
426|Barres de régime hyperprotéinées au chocolat et à l'orange|La boîte de 372g|[Origine : FRANCE, Prendre soin de sa ligne grâce à un régime hyperprotéiné. Opter pour un goûter équilibré et gourmand. Complet un petit creux et être rassasiée jusqu'au repas.Elles sont hyperprotéinées (protéines reconnues pour leur action sur la satiété), riches envitamines et sont emballées individuellement. Les pauses Gerlinéa s'intègrent parfaitement à une alimentation légère et équilibrée pour prendre soin de sa ligne et également à un régime minceur basse calories., Les pauses Gerlinéa sont enrichies en protéines et en vitamines et sont destinées aux régimes nécessitant un apport protéique élevé., Chocolat noir 30% (pâte de cacao, sucre, beurre de cacao, matière grasse du lait, émulsifiant : lécithines de soja, arôme naturel de vanille), produits du lait (lait écrémé en poudre, protéines de lait), sirop de sucre inverti, cubes d'écorces d'orange 7.1% (orange 3,7%, sirop de glucose, sucre, acidifiant : acide citrique), blanc d'oeuf en poudre, sucre, sirop de glucose, stabilisant : sorbitol, graisse de palme non hydrogénée, maltodextrine, gluten de blé, gélatine, arôme naturel d'orange, vitamines B1, B6, B9, PP et E (lactose), colorant : extrait de paprika, huiles végétales de colza et de soja., Valeur énergétique en Joules :  1718Kj, Valeur énergétique en Kcal : 411Kcal, Glucides : 47g, Lipides : 15g, Protides :23g]|"
19,92€ / Kg"|"
7,41 €"
427|En-cas hypocaloriques au chocolat et menthe|La boîte de 160g|[Origine : FRANCE, Délice Minceur. Lorsque l'on est au régime et que l'on prend soin de sa ligne, la collation est un moment important de la journée. Elle a une triple fonction : participer à la bonne répartition quotidienne des apports caloriques, combler un p'tit creux pour éviter de grignoter avant le repas suivant, apporter un vrai moment de plaisir., Protéines de lait et de soja, chocolat noir (25%) (pâte de cacao, sucre, beurre de cacao, matière grasse de lait, émulsifiant : lécithine de soja, arôme naturel vanille, dextrose de blé), fibres (fructo-oligosaccharides, polydextrose de blé), stabilisants : sirop et poudre de sorbitol de blé et glycérol d'origine végétale, fructose, blanc d'oeuf en poudre, fibres de betterave, émulsifiant : lécithine de colza, arôme, huile essentielle de menthe, colorant : chlorophylle, huiles de soja et de colza., Valeur énergétique en Joules :  1411, Valeur énergétique en Kcal : 335, Glucides : 33,7g, Lipides : 8,3g, Protides :25,3g]|"
36,75€ / Kg"|"
5,88 €"
428|Goûter au chocolat noir|La boîte de 160g|[Origine : FRANCE, Biscuits Croustis légers saveur chocolat pour entretenir sa vitalité, goûter équilibré ou combler un petit creux., Chocolat noir (70%) (pâte de cacao, sucre, beurre de cacao, matière grasse de lait, émulsifiant: lécithine de soja, arôme naturel vanille), farine de blé, son de blé, lactosérum en poudre, sel, émulsifiant : lécithine de soja., À conserver dans un lieu frais et sec. A conserver dans un endroit sec et frais.]|"
26,56€ / Kg"|"
4,25 €"
429|Barres céréalières aux pruneaux|La boîte de 162g|[Origine : FRANCE, Fruitolu, le bon goût du fruit dans un biscuit., Farine de blé, fruits 25,7% (pruneaux 12,2%, purée de pruneaux 5,1%, purée concentrée de pommes 3% (équivalent pommes 8,4%)), sucre, sirop de glucose, matière grasse végétale, humectant : glycérol, correcteurs d'acidité : citrates de sodium, citratesde calcium, gélifiant : pectines, acidifiants : acide citrique, acide malique, sel, arômes, poudre à lever : carbonate acide de sodium, carbonate acide d'ammonium, émulsifiants : E482, lécithine de soja. Contient : blé, gluten, soja. Peut contenir des traces d'oeuf, lait, sésame. Sans colorants, sans conservateurs., Valeur énergétique en Joules :  1560, Valeur énergétique en Kcal : 372,7, Glucides : 72, Lipides : 7,5, Protides :3,5, A conserver à l'abri de la chaleur et de l'humidité.]|"
12,47€ / Kg"|"
2,02 €"
430|Barre goji|La boite de 2 barres|[Origine : FRANCE, Valeur énergétique en Joules :  1789kj, Valeur énergétique en Kcal : 427kcal, Glucides : 49g, Lipides : 18g, Protides :14g]|"
47,50€ / Kg"|"
2,85 €"
431|Barres fraise|La boite de 2 barres|[Origine : FRANCE, Valeur énergétique en Joules :  1888kj, Valeur énergétique en Kcal : 452kcal, Glucides : 46g, Lipides : 22g, Protides :14g]|"
47,50€ / Kg"|"
2,85 €"
432|Lait de Coco cuisine bio|La brick de 200ml|[Origine : ITALIE, Valeur énergétique en Joules :  816kj, Valeur énergétique en Kcal : 198kcal, Glucides : 2g, Lipides : 20,4g, Protides :1,1g]|"
10,10€ / L"|"
2,02 €"
433|Boisson diététique au nectar de pruneaux|La bouteille de 75cl|[Origine : FRANCE, Pruno de Gayelord Hauser est réalisé à partir de prunes d'Ente : mauves et à chaire dorée, elles sont réputées pour leur saveur.Pruno est un réel plaisir pour vos papilles : il vous procurera bien-être et fraîcheur., Boire très frais à votre convenance, le matin au lever ou à l'heure de l'apéritif., Jus de pruneau 70% (à base de purée et de concentré), eau, sucre, extrait de pruneau, jus de citron à base de concentré. Contient des sucres naturellement présents dans les fruits., Valeur énergétique en Joules :  337kj, Valeur énergétique en Kcal : 79Kcal, Glucides : 19g, Lipides : 0,2g, Protides :0,4g, Après ouverture, à conserver au frais et à consommer rapidement.]|"
4,65€ / L"|"
3,49 €"
434|Boisson diététique cranberry, anti-oxydant|La bouteille de 75cl|[Origine : FRANCE, 100% fruits et vitamines.Boisson source de vitamines C, E et bétacarotène, qui interviennent dans le fonctionnement du système de défenses anti-oxydantes. 100% fruits et vitamines sans sucres ajoutés., Un verre de 200 ml de cranberry vous apporte 40% des apports journaliers recommandés en vitamines C, E, et 30% en bétacarotène., Jus de fruits à base de concentrés : pomme (41%), cranberry (vaccinium macrocarpon) (20%), raisin rouge (20%)e, purées concentrées: mangue, poire, vitamines C et E, béta-carotène. Contient des sucres naturellement présents dans les fruits., Valeur énergétique en Joules :  195Kj, Valeur énergétique en Kcal : 46Kcal, Glucides : 10,5g, Lipides : 0,1g, Protides :0,8g, A conserver au frais et à consommer rapidement après ouverture.]|"
4,92€ / L"|"
3,69 €"
435|Boisson diététique grenade|La bouteille de 75cl|[Origine : FRANCE, La boisson grenade est source de vitamines C, E et de bétacarotène. Un verre de 100ml de grenade contribue à vos besoins journaliers en vitamines., Jus de fruits (à base de concentrés) 20%, de raisin rouge 16%, de raisin blanc 16%, de cerise, jus à base de purées de pêche et de fraise, jus de citron à base de concentré, vitamines C, E, bétacarotène., Valeur énergétique en Joules :  164, Valeur énergétique en Kcal : 39, Glucides : 9g, Lipides : 0,2g, Protides :0,2g, A conserver au frais et à consommer rapidement après ouverture.]|"
5,00€ / L"|"
3,75 €"
436|Jus carottes et oranges, anti-oxydants|La bouteille de 75cl|[Origine : FRANCE, Boisson diététique à base de jus de carotte et d'orange et de jus de citron à base de concentré, enrichie en vitamines C et E naturellement riche en B-carotène, destiné aux seniors (personnes de 65 ans et plus)., 100% fruits et vitamines sans sucres ajoutés un verre de 200ml de carotina vous apporte 32% des apports journaliers recommandés en vitamines C et E et 128% des apports journaliers recommandés en B-carotène., Jus de carotte (69%), jus d'orange (30%), jus de citron à base de concentré, vitamines C et E., Valeur énergétique en Joules :  131Kj, Valeur énergétique en Kcal : 31KCal, Glucides : 7g, Lipides : 0,1g, Protides :0,5g, A conserver au frais et à consommer rapidement après ouverture.]|"
4,65€ / L"|"
3,49 €"
437|Boisson instantanée Cérécof, sans caféine, riche en fibres|La boîte de 125g|[Origine : FRANCE, Dégustez cette délicieuse boisson instantanée à base de céréales & de chicorée torréfiée, en substitution du café. Facile à préparer, elle saura vous séduire par sa saveur unique & réconfortante.Cérécof est riche en chicorée, elle-même riche en inuline. Choisir Cérécof vous aide à limiter vos apports en caféine., Versez une cuillerée à café de Cérécof, ou plus si vous aimez le goût corsé, dans une tasse d'eau chaude ou de lait chaud. Sucrez à volonté. Cérécof remplace le café dans toutes les préparations culinaires. Instantané, il se dissout dans un liquide chaud ou froid., Chicorée, seigle*, orge*, malt*, figues, glands. * Céréales garanties non traitées. Aucun colorant, Aucun conservateur, aucune matière grasse. Sans caféine., Valeur énergétique en Joules :  1483Kj, Valeur énergétique en Kcal : 354Kcal, Glucides : 83g, Lipides : 0,05g, Protides :4,1g, Tenir la boîte bien fermée au sec.]|"
38,72€ / Kg"|"
4,84 €"
438|Boisson énergétique arômatisée orange, apport glucidique|La boîte de 400g|[Origine : FRANCE, Glucides (saccharose, sirop de glucose déshydraté, maltodextrine), acidifiant : acide citrique, citrate de sodium, arôme naturel, phosphate de calcium, carbonate de magnésium, chlorure de sodium, chlorure de potassium, antioxydant : acide ascorbique,stabilisant : gomme d'acacia, huile végétale hydrogénée de soja, colorant : béta-carotène, vitamine B1., Valeur énergétique en Joules :  1580Kj, Valeur énergétique en Kcal : 6604Kcal, Glucides : 87g]|"
21,95€ / Kg"|"
8,78 €"
439|Carotte-Orange cocktail bio|La bouteille de 50cl|[Origine : FRANCE, Valeur énergétique en Joules :  151kj, Valeur énergétique en Kcal : 36kcal, Glucides : 7,68g, Lipides : 0,14g, Protides :0,89g]|"
5,32€ / L"|"
2,66 €"
440|Carotte-Orange cocktail bio|La bouteille de 50cl|[Origine : FRANCE, Valeur énergétique en Joules :  151kj, Valeur énergétique en Kcal : 36kcal, Glucides : 7,68g, Lipides : 0,14g, Protides :0,89g]|"
5,32€ / L"|"
2,66 €"
441|Pain grillé|La boîte de 250g|[Origine : FRANCE, Le pain grillé Bio Campanel est un savoureux mélange de farine de blé et de farine de seigle, qui lui donne cette saveur originale.Nature, légèrement beurré, ou comme base de toast salé ou sucré, le pain grillé Bio Campanel se consomme à tout momentde la journée., Farine de froment*, Farine de seigle*, levain de blé* dévitalisé, graisse de palme non hydrogénée*, extrait de malt d'orge*, sel de Guérande, levure de boulanger, émulsifiant : lécithine de colza, agent de traitement de la farine : acide ascorbique.*ingrédients agricoles issus de l'agriculture biologique. Fabriqué dans un atelier qui utilise du lait, du soja, du sésame et de l'oeuf., Refermer l'étui après ouverture pour une conservation optimale du produit. A conserver à l'abri de la chaleur et de l'humidité.]|"
7,36€ / Kg"|"
1,84 €"
442|Pain grillé|La boîte de 250g|[Origine : FRANCE, Le pain grillé Bio Campanel est un savoureux mélange de farine de blé et de farine de seigle, qui lui donne cette saveur originale.Nature, légèrement beurré, ou comme base de toast salé ou sucré, le pain grillé Bio Campanel se consomme à tout momentde la journée., Farine de froment*, Farine de seigle*, levain de blé* dévitalisé, graisse de palme non hydrogénée*, extrait de malt d'orge*, sel de Guérande, levure de boulanger, émulsifiant : lécithine de colza, agent de traitement de la farine : acide ascorbique.*ingrédients agricoles issus de l'agriculture biologique. Fabriqué dans un atelier qui utilise du lait, du soja, du sésame et de l'oeuf., Refermer l'étui après ouverture pour une conservation optimale du produit. A conserver à l'abri de la chaleur et de l'humidité.]|"
7,36€ / Kg"|"
1,84 €"
443|Pépites de son d'avoine saveur caramel|La boite de 350g|[Origine : FRANCE, Des céréales pour tous croquantes et savoureusement aromatisées, préparées avec du son d'avoine., CÍrÍales 67% Ýson d?avoine 62.8%, extrudÍs de soja (isolat protÍine de soja, farine de riz, extrait de malt, sel)~, agent de charge : polydextrose, huile de tournesol 2.6%, ar«me, Ímulsifiant : lÍcithine de soja, antioxydant : tocophÍrol, Ídulcorant: sucralose., Valeur énergétique en Joules :  1030, Valeur énergétique en Kcal : 247, Glucides : 26.8, Lipides : 7.3, Protides :10, Pour préserver tout le croustillant de ces pépites, conservez-les à l'abri de l'humidité, de la lumière et de la chaleur.]|"
14,29€ / Kg"|"
5,00 €"
444|Choco matin pepites de chocolat|La boite de 150g|[Origine : FRANCE, Choco Matin pépites de chocolat* sans sucres ajoutés vous offre l'alliance gourmande des céréales complètes avec des pépites de chocolat pour un biscuit savoureux. *Avec édulcorant., Une consommation excessive peut avoir des effets laxatifs., CÍrÍales 50,5% (farine de blÍ, cÍrÍales complÈtes 20% (flocons d'avoine, farine complÈte de blÍ), farine de seigle, farine d'orge), Ídulcorant : maltitol, agent de charge : polydextrose, huile de palme non hydrogÍnÍe, pÍpites de chocolat avec Ídulcorant 12% (Ídulcorant : maltitol, pÇte de cacao, Ímulsifiant : lÍcithine de soja, cacao maigre en poudre, ar«me naturel de vanille), amidon de blÍ, poudre de lait entier, poudres Å lever : diphosphate disodique - carbonate acide de sodium - carbonate d'ammonium, extrait de cacao, Ímulsifiant : lÍcithine de tournesol, cacao maigre en poudre 0,5%, sel marin,oeufs en poudre, poudre de lait ÍcrÍmÍ., Valeur énergétique en Joules :  1821kcal, Valeur énergétique en Kcal : 436kcal, Glucides : 60g, Lipides : 20g, Protides :7,5, A conserver dans un endroit frais et sec.]|"
19,13€ / Kg"|"
2,87 €"
445|Son d'avoine|Le paquet de 500g|[Origine : ALLEMAGNE, Son d'avoine 100%, Valeur énergétique en Joules :  1502kj, Valeur énergétique en Kcal : 358kcal, Glucides : 47,1g, Lipides : 0,3g, Protides :16,1g]|"
6,14€ / Kg"|"
3,07 €"
446|Crousti muesli aux fruits rouges|Le paquet de 375g|[Origine : FRANCE, Mariant délicieusement de croustillantes pépites et pétales de céréales à de savoureux morceaux de fruits, les Crousti Mueslis de Gerblé feront de votre petit déjeuner un moment de plaisir sain et gourmand. Avec cette variété aux fruits rouges à teneur réduite en sucres, craquez pour la saveur acidulée des framboises, des mûres et des groseilles et laissez la gourmandise s'inviter à la table de votre petit déjeuner., Flocons d'avoine, Flocons de maïs (maïs, sel, jus de pomme concentré, émulsifiant : lécithine de tournesol), Flocons de blé, Fibres végétales : fructo-oligosaccharides, Farines de blé et de seigle, Pulpe de datte (6%), Huile végétale, Blé soufflé, Framboises lyophilisées (0,5%),Groseilles rouges lyophilisées (0,5%), Cassis lyophilisés (0,5%), Mûres lyophilisées (0,5%), Sel., Valeur énergétique en Joules :  1607, Valeur énergétique en Kcal : 381, Glucides : 58,3g, Lipides : 10g, Protides :11g]|"
10,13€ / Kg"|"
3,80 €"
447|Muesli sans sucres ajoutés|La boîte de 375g|[Origine : FRANCE, Gerblé Muesli aux fruits c'est le délicieux mariage de flocons de céréales et de savoureux fruits et fruits secs : pomme, raisin, noisette, datte, banane et amande.Depuis plus de 80 ans, Gerblé extrait de la nature le meilleur de ses ingrédients. Lesproduits Gerblé vous livrent leurs nutriments essentiels qui contribuent à votre bien-être., Flocons d'avoine*, flocons de blé*, flocons d'orge*, raisins secs 8%, farine complète de blé*, de seigle* et d'orge*, pommes séchées 4%, noisettes 4%, pulpe de dattes 3,5%, purée de bananes 1,5%, amandes 1%, vitamines (B1, B2, B6, B9 et E), amidon depomme de terre, huile de tournesol. Céréales 78%-Fruits 22%. *Céréales garanties non traitées. Aucun colorant ni conservateur. Pas de matières grasses ajoutées. Sans sucres ajoutés., Valeur énergétique en Joules :  1423Kj, Valeur énergétique en Kcal : 337Kcal, Glucides : 57,8g, Lipides : 6,8g, Protides :11,1g, Conditionné sous atmosphère protectrice.]|"
9,17€ / Kg"|"
3,44 €"
448|Pain d'épices, sachets fraîcheur|Le paquet de 350g|[Origine : FRANCE, Les nutritionnistes Céréal ont conçu le pain d'épices Multiparts pour vous assurer les apports en énergie et en micro-nutriments nécessaires lors d'un effort de moyenne ou longue durée., Sirop de glucose-fructose de blé, farine de seigle*, sucre perlé, poudres à lever (carbonate acide de sodium, diphosphate disodique), arômes naturels, maltodextrine de maïs, vitamines B1, B2, PP, B5 et B6, émulsifiant : lécithine de soja. *Céréales non traitées. Aucun conservateur, aucun colorant. Dans le cadre d'une alimentation normale, le Pain d'Epices Multiparts Céréal est destiné à répondre aux besoins d'un effort musculaire immédiat effectué notamment lors d'une compétition ou dans des conditions d'environnement spéciales., Valeur énergétique en Joules :  1323, Valeur énergétique en Kcal : 316,1, Glucides : 73, Lipides : 0,7, Protides :3,3]|"
9,09€ / Kg"|"
3,18 €"
449|Biscuits de régime hyperprotéinés, aux muesli et biscuits|La boîte de 200g|[Origine : FRANCE, Biscuits moelleux pour prendre soin de sa ligne, goûter équilibré ou combler un petit creux., Farine de blé, pomme (concentré, purée, cubes), protéines (blé, pois, lait, soja), sucre de canne, sirop de glucose-fructose, stabilisant : glycérol d'origine végétale, muesli 6% (flocons de blé, flocons d'avoine, raisins secs 1,3%, abricots secs 1,2%, noix de coco râpée 0,7%), stabilisant : sorbitol, graisse de palme non hydrogénée, oeuf concentré, agent de charge : erythritol, lactosérum en poudre, inuline, pulpe d'orange, farine de riz, gélatine, arômes naturels, émulsifiant : sucroester d'acides gras, calcium, magnésium, acidifiants (acide malique, acide citrique), poudres à lever (diphosphate disodique, carbonate acide de sodium), sel marin, vitamines B1, B6, B9 et E (lactose),  sirop de glucose, fer, conservateur : anhydride sulfureux., Valeur énergétique en Joules :  1486Kj, Valeur énergétique en Kcal : 352Kcal, Glucides : 50,8g, Lipides : 7,3g, Protides :18,7g, A conserver dans un endroit sec et frais.]|"
20,15€ / Kg"|"
4,03 €"
450|Cocktail superfruits biologique|La boite de 200g|[Origine : FRANCE, La Canneberge est reconnue pour ses vertus antioxydantes, antibactériennes et sa forte teneur en PAC. Le Physalis a des vertus antioxydantes diurétiques et améliore l'élimination des toxines et renforce la vision. Le Goji possède la source la plus importante d'antioxydants, ce qui en fait l'un des aliments les plus nutritifs au monde. La Mulberry est riche en resvératrol qui procure un effet cardioprotecteur, idéal pour les sportifs., Conserver au sec et à l'abri de la lumière. Bien refermer après ouverture.]|"
32,65€ / Kg"|"
6,53 €"
451|Ginseng vitalisant, vertus drainantes ancestrales|La boîte de 40g|[Origine : FRANCE, Dynamisme & vitalité. Le Ginseng : pouvoirs, associés à ceux du thé Yunnan Tuocha permettent d'augmenter les performances physiques et intellectuelles.Les feuilles de thé noir Yunnan Tuocha sont récoltées et triées à la main selon une tradition ancestrale. Elles subissent ensuite une triple fermentation qui confère au thé sa couleur brun foncé et son goût fumé. Les bienfaits du thé noir Yunnan Tuocha : vertus drainantes (dans le cadre d'un régime minceur). Boire chaque jour ce thé contribue à une bonne hydratation de l'organisme., Mettre un sachet dans une tasse (20cl environ), verser l'eau bouillante et laisser infuser 3-4 minutes. Vous obtiendrez ainsi un thé d'un beau rouge foncé. Vous pouvez éventuellement y ajouter une tranche de citron, une feuille de menthe ou un peu demiel. Nous vous recommandons d'en boire 2 à 4 tasses par jour., Thé Yunnan Tuocha nature 80%, Ginseng 20%.]|"
110,00€ / Kg"|"
4,40 €"
452|Thé de Chine, lotus relaxant, vertus drainantes ancestrales|Les 20 sachets, 40g|[Origine : FRANCE, DETENTE ET RELAXATION. Le thé Yunnan Tuocha au lotus apporte détente et apaisement. Le lotus, fleur sacrée récoltée en Orient, est reconnu pour ses vertus apaisantes et favorise la relaxation. Au Vietnam, les mères donnent des graines de Lotus à mâcher à leurs enfants, au moment du coucher pour les aider à s'endormir. UNE HISTOIRE, UNE TERRE, UNE TRADITION. Le thé Yunnan Tuocha tire ses bienfaits d'une terre lointaine et isolée du sud de la Chine, la province du Yunnan. Là bas à 1500 m d'altitude, des théiers géants mesurant jusqu'à 30 mètres et vieux de 700 ans, puisent leurs qualités dans un sol riche qui leur transmet ses substances essentielles. PERPETUEES PAR UN SAVOIR-FAIRE MILLENAIRE. Les feuilles de thé noir Yunnan Tuocha sont récoltées et triées à la main selon une tradition ancestrale. Elles subissent ensuite une triple fermentation qui confère au thé sa couleur brun foncé et son goût fumé caractéristique., Pour obtenir toute la saveur du thé Yunnan Tuocha au lotus et profiter de ses remarquables propriétés, il est recommandé de le préparer de la façon suivante : mettre un sachet dans une tasse (20 cl environ), verser l'eau bouillante et laisser infuser3-4 min. Vous obtiendrez ainsi un thé d'un beau rouge foncé. Vous pouvez éventuellement y ajouter une tranche de citron, une feuille de menthe ou un peu de miel. Pour profiter des bienfaits du thé Yunnan Tuocha au Lotus, nous vous recommandons d'enboire au moins 4 tasses par jour., Thé Yunnan Tuocha nature 80%, Pistils de Lotus 18,7%, arôme.]|"
119,25€ / Kg"|"
4,77 €"
453|Thé nature de Chine garanti d'origine, vertus drainantes ancestr ales|Les 25 sachets, 50g|[Origine : FRANCE, Les feuilles de thé noir Yunnan Tuocha sont récoltées et triées à la main selon une tradition ancestrale.Elles subissent une triple fermentation qui confère au thé sa couleur brun foncé et son gout fumé. Le thé Yunnan Tuocha : vertus drainante dans le cadre d'un régime minceur. Boire chaque jour le thé Yunnan Tuocha contribue par ailleurs à une bonne hydratation de l'organisme., Mettre un sachet dans une tasse (20cl environ), verser l'eau bouillante et laisser infuser 3-4 minutes. Vous obtiendrez ainsi un thé d'un beau rouge foncé. Vous pouvez éventuellement y ajouter une tranche de citron, une feuille de menthe ou un peu demiel. Nous vous recommandons d'en boire 2 à 4 tasses par jour., Thé Yunnan Tuocha.]|"
80,20€ / Kg"|"
4,01 €"
454|Thé vert Yunnan nature|Les 20 sachets, 40g|[Origine : FRANCE, Yunnan Tuocha, le thé aux vertus millénaires qui rafraîchit le corps et l'esprit. Consommé en Chine depuis des millénaires, le thé vert est une source  naturelle d'antioxydants, votre allié bien-être au quotidien. A peine cueilli il est finement séché afin de préserver toute sa fraîcheur et ses bienfaits., Pour obtenir toute La saveur du thé vert Yunnan Tuocha Nature et bénéficier de ses remarquables propriétés, Il est recommandé de mettre un sachet dans une tasse (20 cl environ), de verser l'eau bouillante et de laisser infuser pendant 2-3 minutes. Pour profiter des bienfaits du thé vert Yunnan Tuocha Nature, nous vous recommandons d'en boire au moins 3 a 4 tasses par jour., 100% , thé vert de la province du Yunnan ( Chine), Valeur énergétique en Joules :  2Kj, Valeur énergétique en Kcal : 1KCal, Glucides : 0g, Lipides : 0g, Protides :0,1g]|"
123,75€ / Kg"|"
4,95 €"
455|Confiture d'abricots|Le pot de 400g|[Origine : FRANCE, Grâce à son pouvoir sucrant supérieur à celui du sucre traditionnel, le fructose permet d'obtenir la même saveur sucrée qu'une confiture classique avec plus de fruits.Abricots Canino, à la chair ferme et parfumée. La confiture d'abricots Vivis est sucrée au fructose, principal sucre naturel des fruits qui révèle toute leur saveur ! Confiture diététique d'abricots, à teneur en glucides réduite, destinée aux régimes hypoglucidiques., Abricots (60% dont 42% Canino) fructose, eau, jus de citron, gélifiant : pectine de fruits, acidifiant : lactate de calcium, vitamine C. Préparée avec 60 g de fruits pour 100 g. Teneur totale en sucres = 31 g pour 100 g. Sans conservateur., Valeur énergétique en Joules :  552Kj, Valeur énergétique en Kcal : 130Kcal, Glucides : 32g, Lipides : 0,1g, Protides :0,5g, A conserver au réfrigérateur après ouverture et à consommer rapidement.]|"
9,08€ / Kg"|"
3,63 €"
456|Confiture de fraises camarosa|Le pot de 400g|[Origine : FRANCE, La confiture de fraises Vivis est 2 fois moins calorique qu'une confiture  classique et aussi savoureuse ! Son secret... Elle est sucrée au fructose, un sucre d'origine naturelle qui révèle la saveur des fruits. Et en plus, elle vous apporte autant de vitamine C que des fraises fraîches ! Fraises Camarosa, à la couleur rouge vif et à la chair juteuse., Fraises Camarosa (60 %), fructose, eau, jus de citron, gélifiant : pectine de fruits, jus de fruits rouges, acidifiant : lactate de calcium, vitamine C. Préparée avec 60 g de fruits pour 100 g. Teneur totale en sucres = 32 g pour 100 g., Valeur énergétique en Joules :  552Kj, Valeur énergétique en Kcal : 130Kcal, Glucides : 32g, Lipides : 0,1g, Protides :0,4g, Sans conservateur, à conserver au réfrigérateur après ouverture et à consommer rapidement.]|"
9,53€ / Kg"|"
3,81 €"
457|Confiture de myrtilles sauvages|Le pot de 400g|[Origine : FRANCE, La confiture de myrtilles Vivis est sucrée au fructose, principal sucre naturel des fruits qui révèle toute leur saveur ! Myrtilles sauvages, à la saveur exceptionnelle et délicatement acidulée.60% de fruits. Grâce à un pouvoir sucrant supérieure à celui du sucre traditionnel, le fructose permet d'obtenir la même saveur sucrée qu'une confiture classique avec plus de fruits., Myrtilles Sauvages (60%), fructose, eau, jus de citron, gélifiant : pectine de fruits, acidifiant : lactate de calcium, vitamine C. Préparée avec 60g de fruits pour 100 g. Teneur totale en sucres = 32 g pour 100 g. Sans conservateur., Valeur énergétique en Joules :  558Kj, Valeur énergétique en Kcal : 131Kcal, Glucides : 32g, Lipides : 0,4g, Protides :0,4g, A conserver au réfrigérateur après ouveture et à consommer rapidement.]|"
10,15€ / Kg"|"
4,06 €"
458|Fructose cristallisé, sucre d'origine naturelle|La boîte de 500g|[Origine : FRANCE, Sucre naturel issu des fruits et du miel, il a des vertus nutritionnelles et gustatives exceptionnelles avec 2 fois moins de sucre pour le même goût sucré., Convient aux personnes sui souhaitent limiter l'apport en sucre avec le même goût sucré, aux personnes suivant un régime hypocalorique, aux diabétiques non insulino dépendants, ainsi qu'aux sportifs., 100% fructose pur. Sans colorant, sans conservateur, ni arôme artificiel., Valeur énergétique en Joules :  1700Kj, Valeur énergétique en Kcal : 400Kcal, Glucides : 0g, Lipides : 0g, Protides :0g, Pensez bien à refermez la boîte après utilisation. A conserver dans un endroit sec après ouverture.]|"
7,18€ / Kg"|"
3,59 €"
459|Avoine façon Risotto aux légumes Bio|Le sachet de 250g|[Origine : FRANCE, Dans cette recette, Bjorg a choisi des céréales complètes sources de fibres et de protéines nécessaires aux besoins nutritionnels du quotidien. 100% bio, pratique et savoureux., Pour une texture plus fondante, ajouter deux cuillères d'eau avant de réchauffer au micro-ondes. Au micro-ondes : ouvrez le haut du sachet, placez au micro-ondes pendant 2 min. Sortez le sachet par les coins pour ne pas vous brûler. Au bain-marie : placez le sachet fermé dans l'eau frémissante pendant 5 min., Gruau d'avoine* précuit 35,4% (gluten), riz rond complet* précuit 19,7%, eau, petits légumes* 19,3% (carottes*, petits pois*, brocolis*, poireaux*), huile d'olive*, farine complète de riz*, bouillon* de légumes (sel de mer non raffiné, extrait de levure, riz*, huile de tournesol*, oignon*, céleri*, épices*, persil*). *100% des ingrédients d'origine agricole ont été obtenus selon les règles de la production biologique., Valeur énergétique en Joules :  661kj, Valeur énergétique en Kcal : 157kcal, Glucides : 23,2g, Lipides : 3,2g, Protides :4,9g, A conserver au réfrigérateur après ouverture et à consommer rapidement.]|"
11,64€ / Kg"|"
2,91 €"
460|Avoine façon Risotto aux légumes Bio|Le sachet de 250g|[Origine : FRANCE, Dans cette recette, Bjorg a choisi des céréales complètes sources de fibres et de protéines nécessaires aux besoins nutritionnels du quotidien. 100% bio, pratique et savoureux., Pour une texture plus fondante, ajouter deux cuillères d'eau avant de réchauffer au micro-ondes. Au micro-ondes : ouvrez le haut du sachet, placez au micro-ondes pendant 2 min. Sortez le sachet par les coins pour ne pas vous brûler. Au bain-marie : placez le sachet fermé dans l'eau frémissante pendant 5 min., Gruau d'avoine* précuit 35,4% (gluten), riz rond complet* précuit 19,7%, eau, petits légumes* 19,3% (carottes*, petits pois*, brocolis*, poireaux*), huile d'olive*, farine complète de riz*, bouillon* de légumes (sel de mer non raffiné, extrait de levure, riz*, huile de tournesol*, oignon*, céleri*, épices*, persil*). *100% des ingrédients d'origine agricole ont été obtenus selon les règles de la production biologique., Valeur énergétique en Joules :  661kj, Valeur énergétique en Kcal : 157kcal, Glucides : 23,2g, Lipides : 3,2g, Protides :4,9g, A conserver au réfrigérateur après ouverture et à consommer rapidement.]|"
11,64€ / Kg"|"
2,91 €"
461|Barres au chocolat au lait et caramel fondant, riches en protéines|La boîte de 240g|[Origine : FRANCE, L'expertise Gayelord Hauser dans des barres repas riches en protéines et gourmandes ! Les barres Gayelord Hauser aux recettes gourmandes et à la texture onctueuse vous permettent de retrouver ou de garder la ligne tout en vous faisant plaisir., Consommez 2 barres chocolat noir et caramel fondant en remplacement d'un repas et pensez à boire au minimum 1,5l d'eau par jour. L'amincissement ne peut être obtenu que dans le cadre d'un régime varié où l'apport total des calories est contrôlé. Lessubstituts de repas ne doivent pas être utilisés de façon exclusive et prolongée sans avis médical., Protéines de lait, caramel 18.5% (lait condensé sucré, sirop de glucose, huiles végétales, sucre, sirop caramélisé, émulsifiant : mono- et di-glycérides d'acides gras, sel, arôme naturel de beurre (lait)), chocolat au lait 17% (sucre, beurre de cacao, lait entier en poudre, pâte de cacao, lactosérum, émulsifiant : Lécithine de soja, vanilline), sirop de fructose, stabilisants : glycérol, sorbitol, sirop de glucose, oligofructose, protéines de pois, poudre de figuier de barbarie Neopuntia 2.7%, huile de tournesol, protéines de blé, arômes chocolat et vanille-caramel, phosphate de potassium, cacao maigre en poudre, hydrolysat de collagène, phosphate de sodium, phosphate de calcium, maltodextrines, vitamines (C, E, PP, A, B5, D, B2, B6, B1, B7, B12, B9), oxyde de magnésium, émulsifiant: lécithine de soja, sulfate de fer, oxyde de zinc, gluconate de cuivre, antioxygène : alpha-tocophérol, sulfate de manganèse, sélénite de sodium, iodure de potassium, sulfites., Valeur énergétique en Joules :  1594Kj, Valeur énergétique en Kcal : 379Kcal, Glucides : 43,2g, Lipides : 12,5g, Protides :25g, A conserver dans un endroit frais et sec.]|"
36,50€ / Kg"|"
8,76 €"
462|Barres au chocolat noir intense, hyperprotéinées|La boîte de 205g|[Origine : FRANCE, Fini les régimes tristes ! Gayelord Hauser vous aide à garder la ligne tout en vous faisant plaisir., 1 barre chocolat noir pour une pause légère en milieu d'après-midi, vous garantit un apport optimum en protéines (45% de l'apport énergétique total) et vous permet de prendre un dîner léger.  Nous recommandons aux femmes enceintes, aux personnes ayant des problèmes de santé, ou souhaitant perdre plus de 10 kg, aux enfants, aux adolescents, et aux personnes âgées de consulter un médecin avant d'entreprendre un programme d'amincissement., Protéines de lait, sirop de fructose, chocolat noir 14% (pâte de cacao, sucre, beurre de cacao, matière grasse de lait anhydre, émulsifiant: lécithines (soja), arome), agent de charge: maltitol, céréales croustillantes aux protéines (protéines de pois, farine de riz), oligofructose, sirop de sucre inverti, cacao maigre en poudre, gélatine, aromes, maltodextrines, vitamines (C, E, B9)., Valeur énergétique en Joules :  1429,3, Valeur énergétique en Kcal : 339,24, Glucides : 34,8, Lipides : 6, Protides :36,7]|"
45,95€ / Kg"|"
9,42 €"
463|Crèmes à la vanille hyperprotéinées, matin et midi booster|La boîte de 350g|[Origine : FRANCE, Préparation pour en-cas hypocalorique hyperprotidique au goût vanille, appauvrie en glucides et en lipides avec sucre et édulcorants, dont la valeur énergétique est de 70 kcal pour 20g de poudre.Gayelord Hauseur vous propose de choisir vous-même, entre 'journées douceur et journée booster' l'organisation de votre semaine, Remplissez le shaker de 160ml d'eau froide (pour une consistance type milk-shake, remplissez le shaker de 200ml d'eau froide). Rajoutez 2 dosettes de poudre et fermez le shaker. Remuez énergiquement pendant une dizaine de secondes et c'est prêt. Remarque : cette crème peut aussi être préparée au fouet mais la dilution sera meilleure dans un shaker. Nous recommandons aux femmes enceintes, aux personnes ayant des problèmes de santé et aux personnes âgées de consulter un médecin avant d'entreprendre un programme d'amincissement. Pensez à boire 1,5 litre d'eau par jour. Pour votre santé, associez une alimentation variée et équilibrée, à un mode de vie sain., Lait entier, protÍines de lait (dont Ímulsifiant`: lÍcithines (soja)), amidon modifiÍ, lait ÍcrÍmÍ, fibres d?acacia, dextrose, gÍlifiant`: carraghÍnanes  (dont saccharose), ar«me vanille, Ípaississants`: gomme guar et gomme xanthane, sel, fibres de blÍ, Ídulcorants`: aspartame* et acÍsulfame de potassium, colorants: bÍta-carotÈne, caramel E150c et E102, maltodextrines, vitamines`: A, D, E, B1, B2, B6 et B9. *Contient de la phÍnylalanine., Valeur énergétique en Joules :  1662,2, Valeur énergétique en Kcal : 394,9, Glucides : 32,1, Lipides : 10,5, Protides :40, Pas applicable sur ce type de produit]|"
42,94€ / Kg"|"
15,03 €"
464|Crèmes au caramel hyperprotéinées, matin et midi booster|La boîte de 350g|[Origine : FRANCE, Remplissez le shaker de 160ml d'eau froide (pour une consistance type milk-shake, remplissez le shaker de 200ml d'eau froide). Rajoutez 2 dosettes de poudre et fermez le shaker. Remuez énergiquement pendant une dizaine de secondes et c'est prêt. Cette crème peut aussi être préparée au fouet mais la dilution sera meilleure dans un shaker. L'amincissement ne peut être obtenu que dans le cadre d'un régime varié où l'apport total des calories est contrôlé et en évitant d'alterner des périodes de perte et de repris de poids. Nous recommandons aux femmes enceintes, aux personnes ayant des problèmes de santé et aux personnes âgées de consulter un médecin avant l'entreprendre un programme d'amincissement. Pensez à boire au minimum 1,5l d'eau par jour. Tartrazine : peut avoir des effets indésirables sur l'activité et l'attention des enfants., Lait entier, protÍines de lait (dont Ímulsifiant`: lÍcithines (soja)), amidon modifiÍ, lait ÍcrÍmÍ, ar«me  (caramel E150c), fibres d?acacia, gÍlifiant`: carraghÍnanes (dont saccharose), sel, dextrose, Ípaississants`: gomme guar et gomme xanthane, colorants: caramel E150c et E102), fibres de blÍ, Ídulcorants`: aspartame* et acÍsulfame de potassium, maltodextrine, vitamines`: A, D, E, B1, B2, B6 et B9. *Contient de la phÍnylalanine., Valeur énergétique en Joules :  1637,3, Valeur énergétique en Kcal : 388,6, Glucides : 33,9, Lipides : 9, Protides :40, Pas applicable sur ce type de produit]|"
43,66€ / Kg"|"
15,28 €"
465|Crèmes au chocolat hyperprotéinées, matin et midi booster|La boîte de 350g|[Origine : FRANCE, Préparation pour en-cas hypocalorique hyperprotidique au goût chocolat, appauvrie en glucides et lipides. 1 crème = 72 kcal, Remplissez le shaker de 160ml d'eau froide (pour une consistance type milk-shake, remplissez le shaker de 200ml d'eau froide). Rajoutez 2 dosettes de poudre et fermez le shaker. Remuez énergiquement pendant une dizaine de secondes et c'est prêt. Remarque : cette crème peut aussi être préparée au fouet mais la dilution sera meilleure dans un shaker. L'amincissement ne peut être obtenu que dans le cadre d'un régime varié où l'apport total des calories est contrôlé et en évitant d'alterner des périodes de perte et de reprise de poids. Nous recommandons aux femmes enceintes, aux personnes ayant des problèmes de santé et aux personnes âgées de consulter un médecin avant d'entreprendre un programme d'amincissement. Pensez à boire au minimum 1,5 Ld'eau par jour. Pour votre santé, associez une alimentation variée et équilibrée, à un mode de vie sain., ProtÍines de lait (dont Ímulsifiant`: lÍcithines (soja)), lait entier, cacao maigre, amidon modifiÍ, lait ÍcrÍmÍ, fibres d?acacia, ar«mes (caramel E150C), gÍlifiant`: carraghÍnanes (dont saccharose), Ípaississants`: gomme  guar et gomme xanthane, sel, fibres de blÍ, Ídulcorants`: aspartame* et acÍsulfame de potassium, maltodextrine, vitamines`: A, D, E, B1, B2, B6 et B9. *Contient de la phÍnylalanine., Valeur énergétique en Joules :  1538,6, Valeur énergétique en Kcal : 366,1, Glucides : 25,1, Lipides : 9,1, Protides :40, pas applicable sur ce type de produit]|"
40,43€ / Kg"|"
14,15 €"
466|Pots gourmands au chocolat noisette|Les 3 pots de 200g|[Origine : FRANCE, Grâce à l'expertise Gayelord Hauser, savourez cette crème riche en protéines, avec ses 12 vitamines & 11 minéraux. Appréciez ce moment de plaisir, de gourmandise, tout en contrôlant votre ligne.Gayelord Hauser a conçu pour vous les repas minceur quiconviennent aussi bien aux personnes qui veulent prendre soin de leur ligne, stabiliser leur poids de forme, qu'à celles qui veulent rattraper un petit écart., Prêt à consommer. Meilleur frais ! Il est important de respecter le mode d'emploi., Lait écrémé, eau, sucre, caséinate de lait (émulsifiant : lécithine de soja), huile de colza, cacao en poudre, amidon modifié, maltodextrine, émulsifiant : E471, gélifiant (gomme guar et carraghénane), chocolat en poudre (0,5%), minéraux (citrate desodium, potassium et magnésium, calcium hydrogène phosphate, hydroxyde potassium, sulfate de fer, sulfate de zinc, cuivre et manganèse, sélénite de sodium, iodure de potassium), vitamines (C, A, E, B1, B2, B8, PP, B6,  B9, D, B12, B5), gélifiant : agar-agar, arôme, édulcorant : rébaudioside A extrait de Stévia., Valeur énergétique en Joules :  420, Valeur énergétique en Kcal : 100, Glucides : 11,5g, Lipides : 3,2g, Protides :6,3g, A conserver dans un endroit frais et sec.]|"
12,15€ / Kg"|"
7,29 €"
467|Barres à la framboise, riches en protéines, repas minceur|La boîte de 360g|[Origine : FRANCE, Les Repas Gerlinéa pour contrôle du poids sont conçus pour garantir un équilibre optimum tout en permettant un faible apport calorique.Mincir comme je veux ! Faire un régime court, déjeuner sur le pouce, compenser un excès., Fruits (46,1%) (purée de pomme 40,1%, purée de framboise concentrée 4,8%, jus de raisin et de citron concentrés), sirop de glucose-fructose, protéines de lait et lactosérum, Farine de blé, sucre, Billes croustillantes au soja (protéines de soja, amidon de tapioca, sel), protéines de blé hydrolysées, graisse de palme non hydrogénée, Sirop de glucose, Stabilisant : glycérol d'origine végétale, huile de tournesol, minéraux (potassium, calcium, magnésium, fer, zinc, cuivre, sélénium, iode), arômes,correcteurs d'acidité : acide citrique et citrate de sodium, levure, sel de mer, Vitamines A, D, E (lactose), B1, B2, B5, B6, B9, B12, C, PP, H, Cannelle, Poudres à lever (carbonate acide de sodium, carbonate d'ammonium)., Valeur énergétique en Joules :  1537Kj, Valeur énergétique en Kcal : 363Kcal, Glucides : 52,1g, Lipides : 6,8g, Protides :23,3g]|"
20,08€ / Kg"|"
7,23 €"
468|Barres à la myrtille, repas minceur|La boîte de 360g|[Origine : FRANCE, Barres fourrées pruneaux pour faire un régime court, déjeuner équilibré ou compenser un excès., Protéines de lait et lactosérum, farine de blé, sirop de glucose-fructose, sucre, fruits (9,3%) (pâte de pruneaux 7,7%, pâte de raisins 1,5%), billes croustillantes au soja (protéines de soja, amidon de tapioca, sel), stabilisant : glycérol d'originevégétale, protéines de blé hydrolysée, graisse de palme non hydrogénée, sirop de glucose, huile de tournesol,  minéraux (potassium, calcium, magnésium, fer, zinc, cuivre, sélénium, iode), protéines de blé,  arômes, correcteurs d'acidité : acide citrique et citrates de sodium et de calcium, gélifiants : pectines de fruits, levure, sel de mer, vitamines A, D, E (lactose), B1, B2, B5, B6, B9, B12, C, PP, H, cannelle, poudres à lever (carbonate acide de sodium, carbonate d'ammonium)., Valeur énergétique en Joules :  1372Kj, Valeur énergétique en Kcal : 328Kcal, Glucides : 47,8g, Lipides : 5,5g, Protides :21g, A conserver dans un endroit frais et sec.]|"
19,67€ / Kg"|"
7,08 €"
469|Barres au caramel, riches en protéines, repas minceur|La boîte de 372g|[Origine : FRANCE, Tous les glucide n'ont pas le même effet sur le métabolisme et ne sont pas stockés de la même façon. C'est pourquoi Gerlinéa a sélectionné des glucides simples à index glycémique bas (fructose) ou des glucides complexes qui seront transformés progressivement en énergie pour assurer les besoins de l'organisme., Protéines de lait, Sirop et poudre de fructose, Chocolat au lait (20%) (Sucre, Beurre de cacao, Lait écrémé en poudre, Pâte de cacao, Lactose, Protéines de lait, Matière grasse du lait, Emulsifiant : lécithine de soja, Arôme naturel vanille), Stabilisant : sirop et poudre de sorbitol, Sirop de Fructo-oligosaccharides, Pépites de chocolat (4%) (Pâte de cacao, sucre, Emulsifiant : Lécithine de soja, beurre de cacao), Matière grasse végétale non hydrogénée, Minéraux (Potassium, Sodium, Calcium, Magnésium, Zinc, Fer, Manganèse, Cuivre, Iode, Sélénium), Fibres de betterave, Arôme, Poudre de cacao maigre, Emulsifiants : lécithines de soja et de colza, Vitamines A, B1, B2, B5, B6, B9, B12, C, D, E, H et PP, Sirop de glucose déshydraté de blé, antioxygènes : Palmitate d'ascorbyle et DL-alpha-tocophérol, Supports de vitamines : gomme arabique, amidon, maltodextrine. huiles de coco et de maïs., Valeur énergétique en Joules :  1611Kj, Valeur énergétique en Kcal : 382Kcal, Glucides : 46,9g, Lipides : 10,9g, Protides :24,7g, A conserver dans un lieu frais et sec.]|"
22,72€ / Kg"|"
8,45 €"
470|Barres au chocolat, riche en protéines, repas minceur|La boîte de 312g|[Origine : FRANCE, Faire un régime court : les repas Gerlinéa s'intègrent parfaitement dans une journée à 1200 kcal car ils sont hypocaloriques et hyperprotéinés.Déjeuner sur le pouce : conçus pour remplacer un repas complet et équilibré. Compenser un excès : permettent de réguler les apports caloriques sur une journée pour compenser les excès de la veille et anticiper un repas copieux., 1 repas = 2 barres = 234 kcal., Protéines de lait, chocolat noir de couverture 24% (pâte de cacao, sucre, beurre de cacao, matière grasse du lait, émulsifiant : lécithine de soja, arôme naturel vanille), stabilisant : sorbitol, fructose, sirop de glucose, fructooligosaccharides, gluten de blé, poudre de cacao maigre, sucre, huiles végétales, minéraux (potassium, sodium, calcium, magnésium, zinc, fer, manganèse, cuivre, iode, sélénium), arômes, émulsifiant : lécithine de colza, vitamines A, B1, B2, B5, B6, B9, B12, C, D, E (lactose), H et PP, fécule de pomme de terre., Valeur énergétique en Joules :  997kj, Valeur énergétique en Kcal : 237Kcal, Glucides : 28,8g, Lipides : 6,9g, Protides :15,5g]|"
20,11€ / Kg"|"
7,48 €"
471|Barres au chocolat et céréales, repas minceur|La boîte de 372g|[Origine : FRANCE, Barres céréales saveur chocolat pour faire un régime court, déjeuner équilibré ou compenser un excès., Billes croustillantes (isolat de pois, farine de riz 7,4%, farine de blé 1,2%, sucre de canne roux, malt de blé, gluten de blé, sel), soja toasté, édulcorant : sirop de maltitol d'origine blé, sirop de sucre inverti, protéines texturées de blé, pépites de chocolat 7% (pâte de cacao, sucre, émulsifiant : lécithine de soja, beurre de cacao), sirop de glucose de blé, lactosérum en poudre, huile de tournesol, polydextrose d'origine blé, blanc d'oeuf en poudre, minéraux (potassium, calcium, sodium, magnésium, zinc, fer, cuivre, manganèse, iode, sélénium), stabilisant : glycérol d'origine végétale, cacao maigre (2%), graisse de palme non hydrogénée, sirop de glucose de blé déshydraté, arôme, extrait de malt d'orge, émulsifiants: lécithines de soja et colza, vitamines A, B1, B2, B5, B6, B9, B12, C, E, H, PP, D, protéines de lait, lactose., Valeur énergétique en Joules :  1548Kj, Valeur énergétique en Kcal : 367Kcal, Glucides : 40,8g, Lipides : 12,4g, Protides :25,3g, A conserver dans un endroit sec et frais.]|"
23,84€ / Kg"|"
8,87 €"
472|Café, riches en protéines, repas équilibre et complet, repas minceur|Les 3 boîtes de 210g|[Origine : FRANCE, Crème saveur vanille caramel pour faire un régime court, déjeuner équilibré ou compenser un excès., Lait écrémé, eau, sucre, protéines de lait (émulsifiant : lécithine de soja), huile végétale, amidon transformé, maltodextrine, arôme, colorant : E150c, potassium, sodium, vitamines (A, C, E (lactose), B1, B2, B6, PP, B5, B12, B9, H, D), gélifiant :carraghénanes,  magnésium, fer, zinc, édulcorant : acésulfame de potassium, cuivre, manganèse, iode, sélénium., Conserver à température ambiante. A conserver dans un endroit frais et sec.]|"
8,78€ / Kg"|"
5,53 €"
473|Crème à la vanille, riche en protéines, repas minceur|La boîte de 540g|[Origine : FRANCE, Remplissez 2 dosettes en poudre à ras puis versez-les dans 200ml de lait écrémé. A l'aide d'un fouet, d'un shaker ou d'un mixer, mélangez pendant 1 minute. Laissez reposer la crème (environ 30 secondes). Dégustez votre savoureux repas, équilibré et complet., Sucre, huiles végétales, protéines de lait, protéine de blé hydrolysée, amidon transformé, sirop de glucose, épaississants (gomme tara, carraghénanes, carboxyméthylcellulose de sodium), émulsifiants (esters citriques et acétiques des mono et di-glycérides d'acides gras), fibres végétales, arômes, minéraux (potassium, magnésium, fer, zinc, iode, cuivre, sélénium, manganèse), anti-agglomérant (dioxyde de silicium), édulcorants (acésulfame de potassium, aspartame), colorant (béta-carotène), lait écrémé, vitamines (C, E, PP, A, D, B6, B1, B5, B2, B9, H), maltodextrine, antioxydants (palmitate d'ascorbyle, mélanges tocophérols naturels). Contient une source de phénylalanine.]|"
26,04€ / Kg"|"
14,06 €"
474|Crème à la vanille et caramel, riches en protéines|Les 3 pots, 630g|[Origine : FRANCE, Equilibre nutritionnel : les Repas Gerlinéa pour contrôle du poids, sont conçus pour garantir un équilibre optimum tout en permettant un faible apport calorique., Lait écrémé, eau, sucre, protéines de lait (émulsifiant : lécithine de soja), huiles végétales, amidon transformé, maltodextrine, arôme, potassium, sodium, gélifiant : carraghénanes, vitamines (A, C, E (lactose), B1, B2, B6, PP, B5, B12, B9, H, D), colorant : caroténoïdes, magnésium, fer, zinc, édulcorant : acésulfame de potassium, cuivre, manganèse, iode, sélénium.]|"
8,92€ / Kg"|"
5,62 €"
475|Crème au chocolat, riches en protéines, repas minceur|La boîte de 540g|[Origine : FRANCE, Remplissez 2 dosettes en poudre à ras puis versez-les dans 200ml de lait écrémé. A l'aide d'un fouet, d'un shaker ou d'un mixer, mélangez pendant 1 minute. Laissez reposer la crème (environ 30 secondes). Dégustez votre savoureux repas, équilibré et complet., Sucre, huiles végétales, cacao maigre, protéines de lait, protéine de blé hydrolysée, amidon transformé, sirop de glucose, épaississants (gomme tara, carraghénanes, carboxyméthylcellulose de sodium), émulsifiants (esters citriques et acétiques des mono et di-glycérides d'acides gras), fibres végétales, arômes (colorant : caramel ammoniacal), minéraux (potassium, magnésium, fer, zinc, iode, cuivre, sélénium, manganèse), anti-agglomérant (dioxyde de silicium), édulcorants (acésulfame de potassium,aspartame), lait écrémé, vitamines (C, E, PP, A, D, B6, B1, B5, B2, B9, H), maltodextrine, antioxydants (palmitate d'ascorbyle, mélanges tocophérols naturels). Contient une source de phénylalanine., Valeur énergétique en Joules :  842Kj, Valeur énergétique en Kcal : 200Kcal, Glucides : 23,6g, Lipides : 5,9g, Protides :12,7g]|"
27,31€ / Kg"|"
14,75 €"
476|Crème au chocolat, riches en protéines, repas minceur|Les 3 pots de 210g|[Origine : FRANCE, Equilibre nutritionnel : les Repas Gerlinéa pour contrôle du poids, sont conçus pour garantir un équilibre optimum tout en permettant un faible apport calorique.Efficacité scientifiquement reconnue sur : perte de poids, maintien du poids., Lait écrémé, eau, sucre, protéines de lait (émulsifiant : lécithine de soja). Amidon transformé, chocolat en poudre 2% (sucre, pâte de cacao), poudre cacao maigre, huile végétale, maltodextrine, crème de lait, sodium, épaississants : carraghénanes etfarines de graines de guar, émulsifiant : mono et diglycérides d'acides gras, potassium, vitamines (A, C, E (lactose), B1, B2, B6, PP, B5, B12, B9, H, D), magnésium, édulcorants : acésulfame de potassium et sucralose, fer, zinc, sélénium, cuivre manganèse, iode,., Valeur énergétique en Joules :  405Kj, Valeur énergétique en Kcal : 96Kcal, Glucides : 10,7g, Lipides : 3,1g, Protides :6,1g]|"
8,97€ / Kg"|"
5,65 €"
477|Milk-shake café, riches en protéines, repas minceur|La boîte de 270g|[Origine : FRANCE, Verser 200ml de lait écrémé puis le contenu du sachet. A l'aide d'un fouet, d'un shaker ou d'un mixer, mélangez pendant 30 secondes. Servez la boisson sans attendre. Dégustez ce savoureux repas équilibré et complet., Sucre, protéines de lait, huiles végétales, lait écrémé en poudre, arôme naturel de café, huile de tournesol, huile végétale hydrogénée, émulsifiants (esters lactique et citrique des mono-et diglycérides d'acides gras), épaississant : carraghénanes,minéraux (potassium, calcium, sodium, magnésium, fer, zinc, iode, cuivre, sélénium, manganèse), sirop de glucose, fibres d'acacia, arômes, vitamines (C, E, PP, A, D, B6, B1, B5, B2, B9, H), fibres de blé, maltodextrine, édulcorants (acésulfame de potassium, aspartame), antioxygènes (palmitate d'ascorbyle, extrait riche en tocophérols). Contient une source de phénylalanine., Valeur énergétique en Joules :  2863Kj, Valeur énergétique en Kcal : 680Kcal, Glucides : 84,6g, Lipides : 18,3g, Protides :42,6g, A conserver dans un endroit sec et frais.]|"
40,96€ / Kg"|"
11,06 €"
478|Milk-shake chocolat, riches en protéines, repas minceur|La boîte de 270g|[Origine : FRANCE, Verser 200ml de lait écrémé puis le contenu du sachet. A l'aide d'un fouet, d'un shaker ou d'un mixer, mélangez pendant 30 secondes. Servez la boisson sans attendre. Dégustez ce savoureux repas équilibré et complet., Sucre, cacao maigre en poudre (émulsifiant : lécithine de soja), huile de tournesol, sirop de glucose, huiles végétales, épaississants (carraghénanes, gomme de cellulose), émulsifiants (ester acétique et citrique des mono-et diglycérides d'acides gras), minéraux (calcium, sodium, potassium, fer, zinc, iode, magnésium, cuivre, sélénium, manganèse), arômes (colorant E150c), lait écrémé en poudre, vitamines (A, B1, B2, B5, B6, B9, C, D, E, H, PP), maltodextrine, édulcorants (acésulfame de potassium, aspartam), antioxydants (palmitate d'ascorbyle, extrait riche en tocophérols). Contient une source de phénylalanine., Valeur énergétique en Joules :  405Kj, Valeur énergétique en Kcal : 96Kcal, Glucides : 10,7g, Lipides : 3,1g, Protides :6,1g, A conserver dans un endroit sec et frais.]|"
42,15€ / Kg"|"
11,38 €"
479|Repas minceur à la vanille riche en protéines|Les 4 bouteilles de 250ml|[Origine : FRANCE, Substitut de repas pour contrôle de poids avec sucre et édulcorants. Mincir comme je veux ! Faire un régime court, déjeuner sur le pouce ou compenser un excès.Repas riches en protéines., Agitez, puis laissez reposer 30 secondes. A déguster de préférence frais., Produits du lait (lait écrémé, protéines de lait), eau, sucre, édulcorants : sorbitol et acésulfame de potassium, huile de tournesol, arômes (blé), épaississants (cellulose microcristalline, carboxyméthylcellulose et carraghénanes), citrate de potassium, vitamines (A,C, E (lactose), B1, B2, B6,PP, B5, B9, biotine, D), phosphate de potassium, amidon de blé, oxyde de magnésium, hydroxyde de potassium, sulfate ferreux, sulfate de zinc, colorant : caroténoïdes, sulfate de cuivre, sulfate de manganèse, lodure de potassium, sélénite de sodium., Valeur énergétique en Joules :  371Kj, Valeur énergétique en Kcal : 88Kcal, Glucides : 10g, Lipides : 2,9g, Protides :6,8g, Conditionné sous atmosphère protectrice.]|"
8,24€ / L"|"
8,24 €"
480|Repas minceur au café frappé riche en protéines|Les 4 bouteilles de 250ml|[Origine : FRANCE, Tous les glucides n'ont pas le même effet sur le métabolisme et ne sont pas stockés de la même façon. C'est pourquoi Gerlinéa a sélectionné des glucides simples à index glycémique bas (fructose) ou des glucides complexes qui seront transformés progressivement en énergie pour assurer les besoins de l'organisme. Conformément aux recommandations des nutritionnistes et à la législation, les substituts de repas Gerlinéa ont été formulés pour apporter un équilibre parfait entre les différents nutriments et au maximum 7g de lipides par repas. Les substituts de repas GLUCID CONTROL contribuent à réguler vos apports en glucides et en lipides et à vous faire mincir sans baisse de tonus., Agitez, puis laissez reposer 30 secondes. A déguster de préférence frais., Produit du lait (lait écrémé, protéines de lait, lactose), Eau, Fructose, Huile de tournesol, Arômes, Epaississants (cellulose microcristalline, carboxyméthyl cellulose et carraghénanes), Colorant : E150c, Potassium, Sodium, Sirop de glucose déshydraté de blé, Vitamines : A, C, E, B1, B2, B6, PP, B5, B12, B9, Biotine, D, Amidon de blé et de maïs, Magnésium, Fer, Zinc, Édulcorant (acésulfame de potassium), Cuivre, Manganèse, Iode, Sélénium, Supports de vitamines : sucre, Huile de ricin hydrogénée, Huile de coco, Gomme arabique, Maltodextrine., Valeur énergétique en Joules :  375Kj, Valeur énergétique en Kcal : 89Kcal, Glucides : 9,9g, Lipides : 2,5g, Protides :6,7g]|"
7,84€ / L"|"
7,84 €"
481|Repas minceur au chocolat, riche en protéines|Les 4 bouteilles de 250ml|[Origine : FRANCE, Les repas Gerlinéa pour contrôle du poids avec sucres et édulcorant. Mincir comme je veux : faire un régime court, déjeuner sur le pouce, compenser un excès., Agiter puis laisser reposer 30 secondes. A déguster de préférence frais., Produits du lait (lait écrémé, protéines de lait), eau, fructose, huile de tournesol, cacao maigre (2%), épaississants (cellulose microcristalline, carboxyméthylcellulose et carraghénanes), citrate de sodium, vitamines (A, C, E (lactose), B1, B2, B6,PP, B5, B9, biotine, D), sirop de glucose, citrate de potassium, arôme naturel, amidon de blé, hydroxyde de potassium, oxyde de magnésium, édulcorant (acésulfame de potassium), sulfate ferreux, sulfate de zinc, sulfate de manganèse, sulfate de cuivre, lodure de potassium, sélénite de sodium., Conditionné sous atmosphère protectrice.]|"
7,26€ / L"|"
7,26 €"
482|Coulis de Tomates bio|les 3 brick de 200g|[Origine : ITALIE, Pour ce coulis de tomates, Bjorg a sélectionné des tomates cultivées uniquement en plein champ afin de vous garantir un goût authentique., Son bon goût de tomates constituera une base parfaite pour égayer vos plats de pâtes, légumes, viandes ou poissons. Il conviendra aussi idéalement à vos préparations pour tartes salées et pizzas., Tomates* (99,99%), correcteur d'acidité : acide citrique. *Ingrédients issus de l'agriculture biologique, Valeur énergétique en Joules :  134kj, Valeur énergétique en Kcal : 32kcal, Glucides : 5,4g, Lipides : 0g, Protides :1,6g, Après ouverture, à conserver au réfrigérateur et à consommer rapidement.]|"
3,62€ / Kg"|"
2,17 €"
483|Moelleux chocolat & noix|Le paquet de 6 moelleux en sachet individuels|[Origine : FRANCE, Valeur énergétique en Joules :  1803kj, Valeur énergétique en Kcal : 433kcal, Glucides : 49g, Lipides : 23g, Protides :7,4g]|"
19,06€ / Kg"|"
2,63 €"
484|Coupelle crème pralinée riche en protéines|Le lot de 2 coupelles|[Origine : FRANCE, Valeur énergétique en Joules :  886kj, Valeur énergétique en Kcal : 210kcal, Glucides : 29g, Lipides : 4,2g, Protides :13g]|"
9,50€ / Kg"|"
3,99 €"
485|Cannrberge biologique|La boite de 200g|[Origine : FRANCE, La baie de Canneberge appartient à l'espèce Vaccinium macrocarpon. On ne la trouve qu'au Canada où elle est cultivée pour ses propriétés antioxydantes mais aussi car elle contient naturellement de la proanthocyanidine qui contribue au maintien d'un bon équilibre urinaire. Les baies de Canneberge regorgent de nutriments puissants notamment les proanthocyanidines (ou PAC) : un type d'antioxydant exceptionnel aux propriétés anti-adhésions bactériennes. Des études ont démontré que la Canneberge contient plus de PAC et d'antioxydant que tout autre fruit consommé couramment., Consommez 30 g de baies de Canneberge par jour pour profiter de ses bienfaits. Vous pouvez également les mélanger à vos céréales et à vos yaourts., Conserver au sec et à l'abri de la lumière. Bien refermer après ouverture.]|"
26,20€ / Kg"|"
5,24 €"
486|Goji Greenfood|La boite de 180g|[Origine : FRANCE, Cultivée dans la vallée de Ningxia, la véritable baie de Goji (lycium barbarum) se présente sous la forme d'un petit fruit à l'allure d'une cerise allongée. Peu acide et légèrement sucré, on considère le fruit de Goji comme un des aliments les plus nutritifs au monde. La baie de Goji contient 18 acides aminés dont 8 dits essentiels. Elle renferme également 21 minéraux et oligo-éléments dont le fer, le zinc, le cuivre ou encore le phosphore et le silicium mais aussi les vitamines B1, B6, C et E et polysaccharides exclusifs., Consommez 30 g de baies de Goji par jour afin de vous maintenir en forme toute la journée. Les baies peuvent aussi se mélanger dans vos céréales, desserts et yaourts., Conserver au sec et à l'abri de la lumière. Bien refermer après ouverture.]|"
33,94€ / Kg"|"
6,11 €"
487|Physalis biologique|La boite de 180g|[Origine : FRANCE, Le Physalis aussi appelé baie des Incas, est un fruit comestible qui se développe dans les régions chaudes et sèches des Andes où il pousse entre 800 et 3000 mètres d'altitude. Les fruits du Physalis sont des petites baies rondes, remplies de grainesau goût délicieusement sucré et acidulé. Le Physalis a des vertus antioxydantes, recommandé pour ses propriétés diurétiques pouvant améliorer l'élimination des toxines et renforcer la vision. Une consommation quotidienne d'environ 30 g peut aider àprévenir l'organisme des maux de gorges et de la fatigue musculaire., Consommez 30 g de baies de Physalis par jour afin de vous maintenir en forme et en bonne santé toute la journée. Vous pouvez également les mélanger à vos céréales et à vos yaourts., Conserver au sec et à l'abri de la lumière. Bien refermer après ouverture.]|"
32,25€ / Kg"|"
6,45 €"
488|Myrtille délice de fruits bio|Le pot de 290g|[Origine : FRANCE, Valeur énergétique en Joules :  693kj, Valeur énergétique en Kcal : 164kcal, Glucides : 38,1g, Lipides : 0,5g, Protides :0,4g]|"
15,41€ / Kg"|"
4,47 €"
489|Myrtille délice de fruits bio|Le pot de 290g|[Origine : FRANCE, Valeur énergétique en Joules :  693kj, Valeur énergétique en Kcal : 164kcal, Glucides : 38,1g, Lipides : 0,5g, Protides :0,4g]|"
15,41€ / Kg"|"
4,47 €"
490|Purée de fruits à la fraise, certifié AB|Le pot de 290g|[Origine : FRANCE, Valeur énergétique en Joules :  652kj, Valeur énergétique en Kcal : 154kcal, Glucides : 36,7g, Lipides : 0,2g, Protides :0,3g]|"
12,76€ / Kg"|"
3,70 €"
491|Purée de fruits à la fraise, certifié AB|Le pot de 290g|[Origine : FRANCE, Valeur énergétique en Joules :  652kj, Valeur énergétique en Kcal : 154kcal, Glucides : 36,7g, Lipides : 0,2g, Protides :0,3g]|"
12,76€ / Kg"|"
3,70 €"
492|Gaufres au miel, certifié AB|Le paquet de 175g|[Origine : FRANCE, Nos gaufres au Miel,100% biologiques*, allient une texture croustillante et une couleur dorée à un délicieux fourrage de miel onctueux et savoureux.Elles sont préparées avec de la farine complète, qui conserve l'enveloppe naturelle de grain de blé, et  sont naturellement  source de vitamine E. *100% des ingrédients d'origine agricole ont été obtenus selon les règles de la production biologique., Farine de blé complète (36%), *sirop de froment, *graisses végétales non hydrogénée (*huile de tournesol, *huile de palme, *huile de palmiste, arôme naturel de beurre (lait)), *sucre de canne brut non raffiné, *miel (12%), *sirop de sucre de canne, *oeufs, émulsifiant : lécithine de colza (farine de blé), sel marin non raffiné, poudre à lever : carbonate acide de sodium, *cannelle., Valeur énergétique en Joules :  1937Kj, Valeur énergétique en Kcal : 461Kcal, Glucides : 74,5g, Lipides : 16,2g, Protides :4,2g, A conserver dans un endroit  frais et sec.]|"
11,49€ / Kg"|"
2,01 €"
493|Gaufres au miel, certifié AB|Le paquet de 175g|[Origine : FRANCE, Nos gaufres au Miel,100% biologiques*, allient une texture croustillante et une couleur dorée à un délicieux fourrage de miel onctueux et savoureux.Elles sont préparées avec de la farine complète, qui conserve l'enveloppe naturelle de grain de blé, et  sont naturellement  source de vitamine E. *100% des ingrédients d'origine agricole ont été obtenus selon les règles de la production biologique., Farine de blé complète (36%), *sirop de froment, *graisses végétales non hydrogénée (*huile de tournesol, *huile de palme, *huile de palmiste, arôme naturel de beurre (lait)), *sucre de canne brut non raffiné, *miel (12%), *sirop de sucre de canne, *oeufs, émulsifiant : lécithine de colza (farine de blé), sel marin non raffiné, poudre à lever : carbonate acide de sodium, *cannelle., Valeur énergétique en Joules :  1937Kj, Valeur énergétique en Kcal : 461Kcal, Glucides : 74,5g, Lipides : 16,2g, Protides :4,2g, A conserver dans un endroit  frais et sec.]|"
11,49€ / Kg"|"
2,01 €"
494|Biscuits de son d'avoine aux pépites de chocolat|La boite de 6 sachets 225g|[Origine : FRANCE, Des biscuits pour tous, savoureux et croquants, sans autre céréale que le son d'avoine. Pour tous ceux qui souhaitent adopter une alimentation équilibrée et maîtrisée., Pépites de chocolat au maltitol 12,5% (édulcorant : maltitol, pâte de cacao, émulsifiant : lécithine de soja, cacao maigre en poudre, arôme naturel de vanille),  édulcorant : maltitol, fibre d'acacia, huile de colza 4%, protéines de lait : caséine, oeufs entiers en poudre, gluten de blé, poudre levante : carbonate acide de sodium et d'ammonium, lait écrémé en poudre, sel, édulcorant : sucralose. Allergènes : contient : gluten, lait, oeuf, soja., Valeur énergétique en Joules :  1486kj, Valeur énergétique en Kcal : 355kcal, Glucides : 46,1g, Lipides : 12,2g, Protides :10,2g, Pour préserver tout le croustillant de ces biscuits, conservez-les à l'abri de la lumière, de l'humidité et de la chaleur.]|"
22,84€ / Kg"|"
5,14 €"
495|Biscuit cacao quinoa sans sucres|Le paquet de 156g|[Origine : FRANCE, Farine de blÍ 61%, Ídulcorant: maltitol, huile de palme non hydrogÍnÍe, flocons de quinoa 5%, cacao 5% (cacao maigre en poudre, pÇte et beurre de cacao), amidon de blÍ, lait demi-ÍcrÍmÍ, jaune d'oeufs en poudre, poudre Å lever : carbonates d'ammoniumet de sodium, diphosphates, sel, ar«mes, maltodextrine, Ímulsifiant : lÍcithines (soja), ar«me naturel de vanille, minÍraux: fer, zinc., Valeur énergétique en Joules :  1754, Valeur énergétique en Kcal : 419, Glucides : 70, Lipides : 14.7, Protides :7.8]|"
20,32€ / Kg"|"
3,17 €"
496|Biscuit Nappé Choco sans sucres ajoutés|La boite de 128g|[Origine : FRANCE, Valeur énergétique en Joules :  1797kj, Valeur énergétique en Kcal : 430kcal, Glucides : 66,5g, Lipides : 19,3g, Protides :6,4g]|"
27,73€ / Kg"|"
3,55 €"
497|Biscuits à la vanille et citron|Le paquet de 150g|[Origine : FRANCE, Les biscuits saveur vanille-citron Gayelord Hauser vous aident à garder la ligne tout en vous faisant plaisir., L'amincissement ne peut être obtenu que dans le cadre d'un régime varié où l'apport total des calories est contrôlé et en évitant d'alterner des périodes de perte et de reprise de poids. Nous recommandons aux femmes enceintes, aux personnes ayant desproblèmes de santé, ou souhaitant perdre plus de 10 kg, aux enfants, aux adolescents, et aux personnes âgées de consulter un médecin avant d'entreprendre un programme d'amincissement., Farine de blé, protéines (pois, blé, lait), sucre, matières grasses végétales (palme), oeufs entiers, sirop de glucose, fibres végétales (avoine, fructo- oligosaccharides), poudres à lever (carbonates acides d'ammonium et de sodium, diphosphate disodique), sel, citrons déshydratés (0,5%), arôme, arôme naturel de vanille (0,2%), vitamines E, PP, B5, B6, B1 et B2., Valeur énergétique en Joules :  1870Kj, Valeur énergétique en Kcal : 444Kcal, Glucides : 57g, Lipides : 14g, Protides :22,5g, À conserver dans un endroit frais et sec.]|"
16,47€ / Kg"|"
2,47 €"
498|Biscuit tablette chocolat lait sans sucres ajoutées|Le paquet de 132g|[Origine : FRANCE, Chocolat au lait avec Ídulcorant 40,9 % (beurre de cacao, poudre de lait entier, fibres diÍtÍtiques (dextrine, inuline, oligofructose), Ídulcorant: maltitol, pÇte de cacao, Ímulsifiant: lÍcithines (soja), Ídulcorant: glycosides de stÍviol, ar«me naturel vanille), farine de blÍ (25%), farine de blÍ complÈte (15%), Ídulcorant de charge : maltitol en poudre, huile de palme non hydrogÍnÍe, amidon de blÍ, lait ÍcrÍmÍ en poudre, poudres Å lever : carbonates d'ammonium et de sodium, diphosphates), jaunes d'oeufs en poudre, sel, Ímulsifiant : sucroesters d'acides gras, ar«me., Valeur énergétique en Joules :  1882KJ, Valeur énergétique en Kcal : 452KCAL, Glucides : 56g, Lipides : 23,3g, Protides :7,7g]|"
24,47€ / Kg"|"
3,23 €"
499|Carrés coupe-faim à l'ananas|La boîte de 100g|[Origine : FRANCE, Des fibres végétales pour vous apporter une sensation de satiété grâce à leur capacité d'absorption de l'eau dans l'estomac. De l'ananas pour son goût exotique et acidulé.Il a été conçu pour vous aider à réguler votre sensation de faim. Il vous accompagne dans votre programme minceur et vous permet d'associer plaisir et ligne.   Grâce à son effet satiété, il est votre allié naturel pour parer à vos envies de grignotage., Pour un effet satiété optimal, déguster 1 carré coupe-faim ananas accompagné d'un grand verre d'eau chaque fois que l'envie de grignoter se fait sentir (2 carrés maximum par jour). Sa consommation est conseillée pendant une durée d'un mois en association avec votre programme minceur. Pour votre santé, il est recommandé de boire au moins 1,5 litre d'eau par jour. Ne pas dépasser la dose journalière recommandée. A utiliser en complément d'une alimentation variée et diversifiée, ainsi que d'un modede vie sain., Sirop de fructo-oligosaccharides, fructose, fibres de pois 10%, lactose, agent de charge : gomme de guar, billettes au riz soufflé (farine de riz, huile de palme, saccharose, dextrose), cubes à l'ananas (purée aux fruits concentrés pomme, équivalentananas 2,3%, sirop de fructose-glucose, sucre, humectant : glycérol, fibre de blé, matières grasses végétales, gélifiant : pectine de pommes, arôme, anti-oxygène : acide ascorbique, agent d'enrobage : fibre de blé), matière grasse végétale, maltodextrine, poudre de jus d'ananas (jus concentré d'ananas équivalent 2%, maltodextrine, correcteur d'acidité : acide citrique), eau, gélifiant : pectine, sucre, glucose, arômes ananas., A conserver dans un endroit sec et frais.]|"
65,20€ / Kg"|"
6,52 €"
500|Carrés coupe-faim au cacao|La boîte de 100g|[Origine : FRANCE, Des fibres pour vous apporter une sensation de satiété. Du magnésium indispensable au bon fonctionnement du système nerveux.  Du cacao pour un plaisir intense., Pour un effet de satiété optimal, déguster 2 carrés coupe faim avant un grand verre d'eau., Gomme d'acacia, sirop de fructose, sirop de glucose, fructo-oligosaccharides, fibres de blé, céréales croustillantes  (riz, blé, malt de blé, sucre, gluten de blé, dextrose, sel), maltodextrine, cacao maigre en poudre 6%, huile de palme, stabilisant: glycérol, gomme de guar, carbonate de magnésium, pépites de cacao 2%, arôme, émulsifiant : sucroesters d'acides gras, sel]|"
68,20€ / Kg"|"
6,82 €"
501|Carrés transit, figue, rhubarbe, tamarin|La boîte de 240g|[Origine : FRANCE, Gayelord Hauser vous propose une formule transit exclusive à base de figues et de rhubarbe qui contribue à accélère le transit intestinal. Au goût agréable et faciles à emporter, les carrés transit améliorent votre bien-être au quotidien., Ce produit n'est pas une confiserie. Il est à consommer ponctuellement en cas de nécessité de rééquilibrage de la fonction intestinale. Mâcher 1 carré le soir et boire un grand verre d'eau ou une tisane pour en améliorer l'effet. Vu son action significative sur le transit intestinal, nous vous recommandons de commencer par 1/2 carré et d'augmenter la dose si besoin. A utiliser uniquement en complément d'une alimentation diversifiée qui à elle seule assure un bon équilibre nutritionnel et d'un mode de vie sain. Déconseillé aux femmes enceintes ou allaitantes. Ne pas donner aux enfants âgés de moins de 12 ans sans avis médical. Tenir hors de portée des enfants. Ne pas dépasser la dose recommandée et éviter un emploi prolongé., Figues 70%, rhubarbes (rheum palmatum 3,7%, rheum rhaponticum), saccharose, lactose, gélifiant : guar, tamarin 4%, purée de dattes (dattes, gélifiant : pectine, acidifiant : acide citrique), poudre de lait fermenté, humectant : glycérine., Valeur énergétique en Joules :  904Kj, Valeur énergétique en Kcal : 216KCal, Glucides : 45,5g, Lipides : 2,4g, Protides :3,2g, Après ouverture, à conserver à l'abri de l'humidité.]|"
48,71€ / Kg"|"
11,69 €"
502|Cookies pepites chocolat ssa gayelord hauser|La boite de 125g|[Origine : FRANCE, La recette unique des Cookies pépites chocolat* Gayelord Hauser vous fait redécouvrir le goût authentique du cookie version sans sucres ajoutés avec 30% de pépites chocolat*. *Avec édulcorant., Une consommation excessive peut avoir des effets laxatifs., Farine de blÍ, pÍpites de chocolat avec Ídulcorant 30,5% (Ídulcorant : maltitol, pÇte de cacao, Ímulsifiant : lÍcithine de soja, cacao maigre en poudre, ar«me naturel de vanille), Ídulcorant : maltitol, huile de palme non hydrogÍnÍe, oeufs en poudre,poudres Å lever : disphosphate disodique - carbonate acide de sodium - carbonate d'ammonium, sel marin, ar«me naturel de cacao, ar«me, Valeur énergétique en Joules :  1852kj, Valeur énergétique en Kcal : 445, Glucides : 65, Lipides : 23, Protides :7, A conserver dans un endroit frais et sec.]|"
22,96€ / Kg"|"
2,87 €"
503|Croquant au sésame et pavot, sans sucres|Le paquet de 156g|[Origine : FRANCE, Alliant gourmandise et authenticité, le croquant Sésame Pavot est le résultat d'un mélange subtil de graines de sésame et de pavot pour une recette croustillante et pleine de saveur.Le Croquant Sésame Pavot vous apporte du fer : il permet la production d'énergie et est nécessaire au bon fonctionnement du système immunitaire., Une consommation excessive peut avoir des effets laxatifs., Farine de blé (61,5%), édulcorant : maltitol, graines de pavot bleu (5,5%) et de sésame (5,5%), matières grasses (beurre, huile de tournesol), amidon de blé, poudres à lever (carbonates acides d'ammonium et de sodium, diphosphate disodique), jaunes d'oeufs en poudre, sel, émulsifiant : sucroesters d'acides gras, minéraux (fer, zinc), arôme, lait demi-écrémé., Valeur énergétique en Joules :  1868kj, Valeur énergétique en Kcal : 446kcal, Glucides : 68,5g, Lipides : 18g, Protides :8,6g, A conserver dans un endroit frais et sec.]|"
21,86€ / Kg"|"
3,41 €"
504|Galettes de froment au chocolat noir|Le paquet de 180g|[Origine : FRANCE, La recette des Galettes froment associe avec délice la saveur traditionnelle et authentique du froment à l'intensité et au fondant d'un véritable chocolat noir., En raison de sa forte teneur en fer, ce produit est déconseillé aux personnes atteintes d'hémochromatose., Farine de froment 44%, chocolat noir 25% (sucre, pâte et beurre de cacao, matière grasse laitière, émulsifiant : lécithine de soja), fécule de pomme de terre, sucre, huile de palme et de colza non hydrogénées, amidon de blé, poudres à lever : carbonates acides d'ammonium et de sodium, diphosphate disodique, sel, vitamine C et B9, extrait de romarin, sulfate de fer, lait écrémé en poudre, épaississant : gomme d'acacia., Valeur énergétique en Joules :  1941Kj, Valeur énergétique en Kcal : 462Kcal, Glucides : 66g, Lipides : 19g, Protides :6,8g, A conserver dans un endroit frais et sec.]|"
15,89€ / Kg"|"
2,86 €"
505|Madeleine sans sucres ajoutées|Le paquet de 200g|[Origine : FRANCE, Farine de blÍ (31%), oeufs entiers 24%, Ídulcorant : maltitols, huile de colza, stabilisants : glycÍrol, gomme de cellulose, Ímulsifiant : mono et diglycÍrides d'acides gras, poudres Å lever : diphosphates, carbonates de sodium, ar«me naturel, sel, correcteur d'aciditÍ : acide citrique., Valeur énergétique en Joules :  1481kj, Valeur énergétique en Kcal : 355kcal, Glucides : 55,7g, Lipides : 17,2g, Protides :6,3g]|"
16,75€ / Kg"|"
3,35 €"
506|Pause minceur, biscuits de régime au chocolat noir|Les 8 sachets, 150g|[Origine : FRANCE, Gayelord Hauser a conçu pour vous, 'Ma Pause Minceur'. Gardez la ligne tout en savourant votre pause minceur. Les biscuits au chocolat, un instant de plaisir qui satisfera votre gourmandise., Nous recommandons aux femmes enceintes, aux personnes ayant des problèmes de santé, ou souhaitant perdre plus de 10 kg, aux enfants, aux adolescents, et aux personnes âgées de consulter un médecin avant d'entreprendre un programme d'amincissement., Farine de blé, protéines (pois, blé, lait), sucre, beurre concentré, oeufs entiers, fibres végétales (avoine, fructo-oligosaccharides), sirop de glucose, cacao maigre en poudre, chocolat noir 2% (sucre, pâte de cacao, beurre de cacao, lactose, lait écrémé en poudre, matière grasse laitière anhydre, émulsifiant : lécithine de soja, arôme naturel), poudres à lever (carbonates acides d'ammonium et de sodium, diphosphate disodique), sel, acide aminé : monochlorhydrate de lysine, arôme vanille, vitamines (E, PP, B5, B6, B2 et B1)., Valeur énergétique en Joules :  1853Kj, Valeur énergétique en Kcal : 440Kcal, Glucides : 56g, Lipides : 14g, Protides :22,5g, A conserver dans un endroit frais et sec.]|"
16,60€ / Kg"|"
2,49 €"
507|Petit Nature, sans sucres|Le paquet de 156g|[Origine : FRANCE, Valeur énergétique en Joules :  1805kj, Valeur énergétique en Kcal : 430kcal, Glucides : 75g, Lipides : 14,6g, Protides :7,1g]|"
21,22€ / Kg"|"
3,31 €"
508|Biscuit Chocolat Amande|La boite de 200g|[Origine : FRANCE, Gerblé chocolat amande c'est le croquant des amandes allié au fondant des pépites de chocolat., Farine de blé, pépites de chocolat 9,8% (pâte de cacao, sucre, beurre de cacao, émulsifiant : lécithine de soja), sucre de canne, amandes 6,5%, huile de palme non hydrogénée*, huile de colza, germe de blé 5%, maltodextrine, billettes de céréales (farines de riz, d'avoine, de blé, de seigle, semoule de maïs, lactosérum, sirop de malt d'orge, sel), fructose, arôme naturel (son de blé), magnésium, poudres levantes (diphosphate disodique, carbonate acide de sodium, carbonate acide d'ammonium), émulsifiant : lécithine de colza, calcium, sel de mer, protéines de lait, amidon de blé, vitamines D, B6 et E (lactose). *Le biscuit Chocolat Amande Gerblé contribue à la production d'huile de palme durable. Sans colorant, sans conservateur, arômes exclusivement naturels., Valeur énergétique en Joules :  1992, Valeur énergétique en Kcal : 475, Glucides : 62g, Lipides : 20g, Protides :10g]|"
11,65€ / Kg"|"
2,33 €"
509|Biscuit crousti'fibres chocolat pécan|Le paquet de 12 biscuits 6 sachets|[Origine : FRANCE, Valeur énergétique en Joules :  1936kj, Valeur énergétique en Kcal : 462kcal, Glucides : 60g, Lipides : 19g, Protides :8g]|"
16,74€ / Kg"|"
2,21 €"
510|Biscuit nappé chocolat au lait sans sucres ajoutés|La boite de 125g|[Origine : FRANCE, Le Nappé Chocolat au Lait sans sucres ajoutés Gerblé est un biscuit gourmand spécifiquement conçu pour vous aider à réduire votre consommation de sucres., Une consommation excessive peut avoir des effets laxatifs., Farine de blé, chocolat au lait avec édulcorant 25% (édulcorant : maltitol, beurre de cacao, poudre de lait entier, pâte de cacao, émulsifiant : lécithine de soja, arôme naturel de vanille), édulcorant : sirop de maltitol, graisse de palme non hydrogénée, amidon de blé, arôme naturel et arôme naturel de vanille, poudres à lever (carbonates acides d'ammonium et de sodium, diphosphate disodique), sel marin, émulsifiant : sucroester d'acide gras, jaune d'oeuf en poudre. Fabriqué dans un atelier quiutilise des fruits à coque. Contribue à la production d'huile de palme durable (certifiée RSPO)., Valeur énergétique en Joules :  1901kj, Valeur énergétique en Kcal : 454kcal, Glucides : 67g, Lipides : 20g, Protides :6,8g]|"
27,60€ / Kg"|"
3,45 €"
511|Biscuits à la figue et au son, confort digestif|Le paquet de 210g|[Origine : FRANCE, Améliorez votre confort digestif avec Céréal. A certaines périodes de votre vie de femme, vous pouvez vous trouver confrontée à des troubles du transit. Pour vous, les nutritionnistes Céréal ont conçu les biscuits Figue et Son qui vous aideront à retrouver un bon confort digestif et à vous sentir mieux dans votre corps., Ne convient pas aux insuffisants rénaux. Ne pas donner aux enfants de moins de 8 ans sans avis médica. Destiné aux personnes ayant des besoins particuliers en magnésium et en fibres alimentaires., Farine intégrale de blé*, farine de blé*, son de blé* (23.8%), graisse de palme non hydrogénée, sucre de canne roux, pâte de figues (5.3%), arômes naturels, levure de boulanger, chlorure de magnésium, sirop de glucose de blé, protéines de lait. * céréales cultivées et conservées sans pesticides de synthèse. Aucun colorant, aucun conservateur., Valeur énergétique en Joules :  1768Kj, Valeur énergétique en Kcal : 422Kcal, Glucides : 55,9g, Lipides : 17,7g, Protides :9,6g]|"
9,29€ / Kg"|"
1,95 €"
512|Biscuits à la pomme et noisette, objectif santé|Le paquet de 230g|[Origine : FRANCE, Adapté aux besoins vitaminiques particuliers des femmes enceintes et des seniors et aux régimes hyposodés., Farine de blé, jus de pomme concentré (15.5%), germe de blé (10.3%), graisse de palme non hydrogénée, noisettes torréfiées (5.2%), huile de colza, fructo-oligosaccharides, émulsifiant : lécithine de colza, extrait de malt d'orge, gluten de blé, arômenaturel, poudres à lever : carbonate acide de potassium et tartrates de potassium, amidon de blé, vitamines B1, B2, B6, B9 (acide folique), E, PP (supports de vitamines : lactose et protéines de lait). Aucun conservateur, aucun colorant.]|"
9,00€ / Kg"|"
2,07 €"
513|Biscuits au chocolat au lait|Le paquet de 230g|[Origine : FRANCE, 4 sachets de 5 biscuits. Gerblé lait chocolat, c'est : la douceur du lait allié au fondant des pépites de chocolat.Vitalité au germe de blé.]|"
7,70€ / Kg"|"
1,77 €"
514|Biscuits au chocolat croustillant, objectif santé|Le paquet de 150g|"[Origine : FRANCE, Les biscuits Croustillant Chocolat ont été fabriqués avec nos plus grands soins en utilisant : 1) uniquement des matières grasses végétales non hydrogénées. 2) des arômes exclusivement naturels.  3) aucun conservateur nic olorant. Depuis plus de 30 ans, Gerblé prend le meilleur de la nature pour votre santé. Avec ""Objectif Santé"", Gerblé conçoit des produits nutritionnellement adaptés à tous ceux qui surveillent leur alimentation. Pour vous aider à contrôler vos apports en glucides et limiter vos apports caloriques, les nutritionnistes Gerblé ont élaboré le croustillant chocolat Glucorégul afin de mieux réguler votre taux de sucre dans le sang., Farine et farine intégrale de blé, gruau d'avoine, polydextrose, édulcorants (sirop de maltitol de blé, sucralose), graisse de palme non hydrogénée, farine de seigle, farine de lupin non délipidée, son d'avoine riche en béta-glucane, pépites de chocolat 6% (saccharose, pâte de cacao, émulsifiant : lécithine de soja, arôme naturel vanille, beurre de cacao, cacao maigre en poudre), flocons de blé et d'orge, arômes naturels, huile de colza, amidon de maïs, noisettes hachées (1,3%), sirop de fructose, fructooligosaccharides, farine de riz, farine d'avoine, émulsifiant : sucroesters d'acides gras, poudres levantes (carbonate acide de potassium, tartrates de potassium, carbonate acide de sodium), semoule de maïs, sel, lactosérum, sirop de malt d'orge., Valeur énergétique en Joules :  1613Kj, Valeur énergétique en Kcal : 385Kcal, Glucides : 49,9g, Lipides : 15,8g, Protides :10g]"|"
24,07€ / Kg"|"
3,61 €"
515|Biscuits au chocolat et magnésium|Le paquet de 200g|[Origine : FRANCE, 10 biscuits en sachet individuel., Farine de froment, sucre, matières grasses végétales non hydrogénées, cacao  maigre (4.4%), germe de blé Gerblé (3,5%), oeuf entier concentré, noisettes (1.8%), chocolat (1.4%), fructose, magnésium, protéines de lait, poudres levantes : tartrates depotassium, arôme naturel, sel de mer, émulsifiant : lécithine de soja, sirop de glucose déshydraté de blé, Vitamine B6., Valeur énergétique en Joules :  2010Kj, Valeur énergétique en Kcal : 480Kcal, Glucides : 61,2g, Lipides : 23g, Protides :7g, A conserver dans un endroit frais et sec.]|"
14,75€ / Kg"|"
2,95 €"
516|Biscuits au chocolat fondant|Le paquet de 150g|[Origine : FRANCE, Découvrez le fondant d'une mini tablette de chocolat associé au croustillant d'un biscuit sec pour un goûter gourmand, riche en magnésium, calcium et en vitamines., Adapté aux besoins particuliers des séniors., Chocolat noir (45.6%) (sucre, pâte de cacao, beurre de cacao, lait écrémé en poudre, lactosérum en poudre, matière grasse du lait, émulsifiant : lécithine de soja, arôme), farine, sucre de canne roux, graisse de palme non hydrogénée, produits du lait(protéines de lait et lactose), poudres à lever (diphosphate disodique, carbonate acide de sodium), germe de blé (1.1%), calcium, sirop de glucose déshydraté de blé, amidon de blé, sel de mer, blanc d'oeuf, arôme naturel, vitamines B1, B6, E, magnésium. Aucun conservateur, ni colorant. Contient du gluten, Valeur énergétique en Joules :  1970Kj, Valeur énergétique en Kcal : 471Kcal, Glucides : 63,2g, Lipides : 21g, Protides :7g]|"
15,87€ / Kg"|"
2,38 €"
517|Biscuits au miel et à la châtaigne, riches en oméga 3|Le paquet de 200g|[Origine : FRANCE, Craquez pour le croustillant des graines de lin dans ce biscuit original mariant la douceur du miel à la délicieuse saveur de la châtaigne.Pour confectionner ce biscuit Miel Châtaignier, Gerblé a ainsi sélectionné la graine de lin, source d'oméga 3.Gerblé, expert diététique, s'attache également à garantir un juste équilibre nutritionnel de ses produits. Ce biscuit est ainsi à teneur réduite en sucres., Farine de blé, miel 11%, billettes de céréales (farines de riz, d'avoine, de blé et de seigle, semoule de maïs, lactosérum, sirop de malt d'orge, sel), graisse de palme non hydrogénée, graines de lin brun 5,5%, farine de châtaigne 5,5%, huile de colza, sucre de canne roux, arômes naturels, fructo-oligosaccharides, poudres à lever (tartrate de potassium, carbonate acide de sodium, carbonate acide de potassium, carbonate d'ammonium), sel marin, émulsifiant : sucroester d'acides gras, cannelle poudre, protéines de lait, amidon de blé, vitamines B6 et B12. Sans conservateur, sans colorant., Valeur énergétique en Joules :  1870kj, Valeur énergétique en Kcal : 445kcal, Glucides : 65,4g, Lipides : 15,1g, Protides :8,6g]|"
12,80€ / Kg"|"
2,56 €"
518|Biscuits au pavot et citron, riches en germe de blé|Le paquet de 200g|[Origine : FRANCE, Gerblé pavot citron c'est le mariage subtil des graines de pavot croustillantes et de la saveur délicate du citron.Depuis plus de 80 ans, Gerblé extrait de la nature le meilleur des ses ingrédients. Les biscuits Gerblé vous livrent leurs nutriments essentiels qui contribuent à votre bien-être. Pour plus de vitalité, votre biscuit Pavot citron contient 46% de sucres en mois que la moyenne des principaux biscuits du marché., A consommer dans le cadre d'une alimentation variée et équilibrée et d'un mode de vie sain., Farine de blé, sucre de canne roux, huile de palme non hydrogénée*, huile de colza, graines de pavot (5%), germe de blé (5%), maltodextrine, billettes de céréales (farines de riz, d'avoine, de blé, seigle, semoule de maïs, lactosérum, sirop de malt d'orge, sel), fructose, flocons de citron (1,5% équivalent 8% de citron) (citron 0,9%, amidon de maïs, saccharose), magnésium, poudres à lever (carbonate acide de sodium, diphosphate disodique, carbonate d'ammonium), émulsifiant : lécithine de colza,arôme naturel de citron, calcium, sel marin, acidifiant : acide malique, protéines de lait, amidon de blé, vitamines D, B6, B9 et E (lactose). Aucun conservateur, aucun colorant. Arômes exclusivement naturels., Valeur énergétique en Joules :  1916kj, Valeur énergétique en Kcal : 456kcal, Glucides : 64,7g, Lipides : 16,9g, Protides :9,1g]|"
11,80€ / Kg"|"
2,36 €"
519|Biscuits au sésame, génération active|Le paquet de 230g|[Origine : FRANCE, 4 sachets de 5 biscuits. Gerblé Sésame, c'est : la saveur riche et subtile des graines de sésame pour un biscuit original.Pour plus de vitalité, votre biscuit Sésame contient 44% de sucre en moins que la moyenne des principaux biscuits du marché.]|"
7,65€ / Kg"|"
1,76 €"
520|Biscuits au sésame et chocolat, riche en fibres de blé|Le paquet de 200g|[Origine : FRANCE, Besoin d'énergie et de vivacité au quotidien ? Vous croquez la vie à pleines dents et souhaitez profiter intensément de chaque instant. Pour vous, les nutritionnistes Gerblé ont veillé à ce que le biscuit sésame-chocolat vous apporte les nutriments indispensables à votre tonus physique et votre vivacité intellectuelle., Ne convient pas aux insuffisants rénaux., Farine de blé, Pépites de chocolat (17%) (sucre, pâte de cacao, émulsifiant : lécithine de soja, arôme naturel vanille, beurre de cacao, cacao maigre en poudre, dextrose de blé), Sucre de canne roux, Graisse de palme non hydrogénée, Graines de sésame(9%), Germe de blé (9%), Sel marin, Arôme naturel, Calcium, Magnésium, Protéines de lait, Dextrose de blé, Poudres à lever (carbonate acide de sodium, carbonate d'ammonium), Amidon de blé, Vitamines B1, B6, B9, PP et E (lactose), Fer, Huile de colzanon hydrogénée. Adapté aux personnes ayant des besoins particuliers en magnésium., Valeur énergétique en Joules :  1984Kj, Valeur énergétique en Kcal : 474Kcal, Glucides : 56,7g, Lipides : 22,8g, Protides :10,4g]|"
14,85€ / Kg"|"
2,97 €"
521|Biscuits au soja et à la figue|Le paquet de 270g|[Origine : FRANCE, Gerblé soja figue c'est : le croustillant incomparable des flocons de soja allié à la douceur de la figue.Depuis plus de 80 ans, Gerblé extrait de la nature le meilleur de ses ingrédients. Les biscuits Gerblé vous livrent leurs nutriments essentielsqui contribuent à votre bien être., A consommer dans le cadre d'une alimentation variée et équilibrée et d'un mode de vie sain., Farine de blé, sucre de canne roux, flocons de soja (10%), pâte de figue (6%), huile de colza, huile de palme non hydrogénée, farine intégrale de blé, germe de blé (5%), fructo oligosaccharides, fructose, émulsifiant : lécithine de colza, magnésium,calcium, arômes naturels, poudres à lever : (carbonate acide de sodium diphosphate disodique), sel de mer, amidon de blé, vitamines E (lactose), B1, B5, B6, B9, PP, fer. Aucun conservateur, aucun colorant, Valeur énergétique en Joules :  1796Kj, Valeur énergétique en Kcal : 429Kcal, Glucides : 54,8g, Lipides : 16,5g, Protides :13,7g]|"
9,48€ / Kg"|"
2,56 €"
522|Biscuits au soja et orange, riches en germe de blé|Le paquet de 280g|[Origine : FRANCE, Découvrez le croustillant incomparable des flocons de soja allié à la fraîcheur de la pulpe d'orange pour un goûter équilibré.Depuis plus de 80 ans, Gerblé extrait de la nature le meilleur de ses ingrédients. Les biscuits Gerblé vous livrent leurs nutriments essentiels qui contribuent à votre bien être., A consommer dans le cadre d'une alimentation variée et équilibrée et d'un mode de vie sain., Farine de blé, sucre de canne roux, huile de colza, flocons de soja (7%), graisse de palme non hydrogénée, germe de blé (5%), flocons d'orange (2,5%) (orange 1,5%, sucre, amidon), émulsifiant: lécithine de colza, magnésium, calcium, poudres à lever (carbonate acide de sodium, diphosphate disodique, carbonate d'ammonium), sel de mer, arôme naturel orange, protéines de lait, amidon de blé, vitamines B1, B5, B6, B9, PP et E (lactose), fer., Valeur énergétique en Joules :  1911Kj, Valeur énergétique en Kcal : 457Kcal, Glucides : 61,1g, Lipides : 18,6g, Protides :10,8g]|"
7,57€ / Kg"|"
2,12 €"
523|Biscuits aux pommes, sans sel, objectif santé|Le paquet de 500g|[Origine : FRANCE, 8 sachets de 3 biscuits. Gerblé 4S aux pommes, c'est : toute la douceur de la pomme dans un biscuit croustillant et savoureux.Pour votre santé, votre goûter 4S aux pommes contient 70% de sucres en moins que la moyenne des principaux biscuits du marché. -93% de sel., Farine de blé* (72,5%), huile de colza, jus de pomme concentré (9,5%), huile de palme non hydrogénée**, semoule de pomme séchée (4,5%) (pomme 4%, amidon de blé), extrait de malt d'orge, arômes naturels, riz*, levure boulangère, gluten de blé, potassium, avoine*, protéines de lait, sirop de malt d'orge*, orge*, poudre à lever : carbonate d'ammonium. *Céréales stockées sans pesticides de synthèse. ** Le goûter 4S aux pommes Gerblé contribue à la production d'huile de palme durable (certifiée RSPO). Sans colorant. Arôme exclusivement naturels., Valeur énergétique en Joules :  1876Kj, Valeur énergétique en Kcal : 448Kcal, Glucides : 63,8g, Lipides : 17,4g, Protides :8,7g]|"
7,12€ / Kg"|"
3,56 €"
524|Biscuits aux raisins|Le paquet de 270g|[Origine : FRANCE, Gerblé biscuit raisins c'est : un croustillant incomparable allié à la saveur subtile du raisin.Depuis plus de 80 ans, Gerblé extrait de la nature le meilleur de ses ingrédients. Les biscuits Gerblé vous livrent leurs nutriments essentiels qui contribuent à votre bien être., A consommer dans le cadre d'une alimentation variée et équilibrée et d'un mode de vie sain., Farine de blé, sucre de canne roux, germe de blé (11,5%), raisins et pâte de raisins (10,5%), huile de colza, huile de palme non hydrogénée, protéines de lait et lactosérum, fructo oligosaccharides, émulsifiant : lécithine de colza, poudres à lever :tartrates de potassium et carbonates acide de sodium et de potassium, magnésium, calcium, sel de mer, arôme naturel de vanille, amidon de blé, vitamines B1, B6, B9, PP et E (lactose), fer, huile végétale non hydrogénée. Aucun conservateur ni colorant., Valeur énergétique en Joules :  1764, Valeur énergétique en Kcal : 421,5, Glucides : 57, Lipides : 14,2, Protides :14,8]|"
10,22€ / Kg"|"
2,76 €"
525|Biscuits aux raisins, sans sel ajouté|Le paquet de 360g|[Origine : FRANCE, Vous retrouverez dans ce goûter le goût authentique des céréales associé à la douceur des raisins de Corinthe., Ce produit est particulièrement adapté aux régimes hyposodés., Farine de froment*, raisins et pâte de raisin (13.3%), sucre de canne roux, graisse de palme non hydrogénée, farine entière de soja, levure boulangère, protéines de lait. *Garanti non traité. aucun colorant, Valeur énergétique en Joules :  1825Kj, Valeur énergétique en Kcal : 436Kcal, Glucides : 64,1g, Lipides : 15g, Protides :10,6g]|"
6,44€ / Kg"|"
2,32 €"
526|Biscuits complets au germe de blé|Le paquet de 210g|[Origine : FRANCE, Gerblé complet au germe de blé c'est : un croustillant incomparable allié au goût authentique des céréales complètes et du germe de blé.Depuis plus de 80 ans, Gerblé extrait de la nature le meilleur de ses ingrédients. Les biscuits Gerblé vous livrent leurs nutriments essentiels qui contribuent à votre bien être., A consommer dans le cadre d'une alimentation variée et équilibrée et d'un mode de vie sain., Farine intégrale de blé (43,5%), farine de blé, sucre de canne roux, huile de palme non hydrogénée, germe de blé (5,3%), levure boulangère, jaune d'oeuf en poudre, arômes naturels (extrait de malt d'orge), calcium, magnésium, sel de mer, protéines delait, amidon de blé, vitamines B1, B5, B6, B9, PP et E, fer, lactose, poudre à lever (carbonate d'ammonium). Aucun conservateur, aucun colorant, Valeur énergétique en Joules :  1805Kj, Valeur énergétique en Kcal : 431Kcal, Glucides : 67,1g, Lipides : 13,6g, Protides :9,5g]|"
9,38€ / Kg"|"
1,97 €"
527|Biscuits Crousti'Son au miel et sésame|Le paquet de 200g|[Origine : FRANCE, Découvrez un biscuit croustillant, un mélange harmonieux et riche en goût, alliant le miel et la graine de sésame toastée à l'efficacité des fibres., Il est conseillé de commencer à consommer 1 à 2 biscuits par jour et d'augmenter progressivement jusqu'à 5 biscuits par jour tout en buvant suffisamment., Farine intégrale de blé 31%, farine de blé, sucre de canne roux, fructooligosaccharides 8,5%, graisse de palme non hydrogénée, huile de colza, sésame complet 5,5%, miel destiné à l'industrie 5,5%, billettes de céréales (riz, avoine, farine de blé, seigle, semoule de maïs, lactosérum, sirop de malt d'orge, sel), arôme naturel, poudres à lever (tartrates de potassium, carbonates acide de sodium et de potassium), sel marin. Sans conservateur, sans colorant, sans matière grasse hydrogénée, sans arôme artificiel., Valeur énergétique en Joules :  1777Kj, Valeur énergétique en Kcal : 423Kc, Glucides : 59.3g, Lipides : 15.2g, Protides :8.2g]|"
10,95€ / Kg"|"
2,19 €"
528|Biscuits goûter aux écorces confites, objectif santé|Le paquet de 360g|[Origine : FRANCE, Les Goûters aux écorces confites Céréal sont élaborés avec des céréales riches en glucides complexes et du sucre roux., Farine de blé*, sucre de canne roux, écorces de citron et d'orange confites 10,5% (sirop de glucose, écorces d'orange, écorces de citron, sucre, acidifiant : acide citrique), farine de soja, huile de colza, huile de palme non hydrogénée**, levure boulangère, fécule de pomme de terre, arôme naturel de mandarine, protéines de lait, poudre à lever : carbonates d'ammonium. *Farine issue de blés conservés sans traitement. **Le goûter aux Ecorces Confites Gerblés Céréal contribue à la production d'huile de palme durable (certifiée RSPO). Fabriqué dans un atelier qui utilise de l'oeuf, du sésame et des fruits à coque., Valeur énergétique en Joules :  1836Kj, Valeur énergétique en Kcal : 439Kcal, Glucides : 64,1g, Lipides : 15,4g, Protides :10,4g]|"
6,56€ / Kg"|"
2,36 €"
529|Biscuits goûter aux pépites de chocolat|Le paquet de 250g|[Origine : FRANCE, Gerblé pépites de chocolat c'est : la saveur authentique des céréales alliée au fondant des pépites de chocolat.Depuis plus de 80 ans, Gerblé extrait de la nature le meilleur de ses ingrédients. Les biscuits Gerblé vous livrent leurs nutriments essentiels qui contribuent à votre bien être., A consommer dans le cadre d'une alimentation variée et équilibrée et d'un mode de vie sain., Farine de blé, sucre de canne roux, pépites de chocolat (12,3%) (pâte de cacao, sucre, émulsifiant : lécithine de soja, beurre de cacao), huile de colza, farine de lupin, huile de palme non hydrogénée, dextrose, riz, arôme naturel (son de blé), calcium, levure boulangère, magnésium, sel de mer, avoine, protéines de lait, sirop de malt d'orge, amidon de blé, orge, vitamines B1, B5, B9, PP et E (lactose), fer, poudre à lever (carbonate d'ammonium). Aucun conservateur, ni colorant., Valeur énergétique en Joules :  1877Kj, Valeur énergétique en Kcal : 449KCal, Glucides : 65g, Lipides : 16,6g, Protides :9,3g]|"
9,04€ / Kg"|"
2,26 €"
530|Biscuits légers au chocolat fondant, objectif santé|Le paquet de 126g|[Origine : FRANCE, Le biscuit Choco Fondant Léger est également naturellement riche en magnésium. Il vous aide ainsi à couvrir vos besoins quotidiens en magnésium, nutriment indispensable à l'équilibre nerveux et musculaire de l'organisme., Une consommation excessive peut avoir des effets laxatifs., Farine de blé, chocolat 38% (pâte et beurre de cacao, édulcorant: maltitol en poudre, émulsifiant: lécithine de soja, arôme naturel), édulcorants: maltitol en poudre et sucralose, graisse de palme non hydrogénée, amidon de blé, lait écrémé en poudre,jaune d'oeuf en poudre, sel, émulsifiant: sucroesters d'acides gras, poudres à lever (carbonate acide de sodium, carbonate d'ammonium, diphosphate disodique), arôme. Aucun colorant, ni conservateur. Des matières grasses uniquement végétales non hydrogénées., Valeur énergétique en Joules :  1774Kj, Valeur énergétique en Kcal : 425Kcal, Glucides : 65,3g, Lipides : 20,2g, Protides :6,5g]|"
24,13€ / Kg"|"
3,04 €"
531|Biscuits muesli fructose au germe de blé, objectif santé|Le paquet de 290g|[Origine : FRANCE, Farine de blé, graisse de palme non hydrogénée, fructose (11,3 %), flocons davoine (8,1 %), flocons dorge (6,5 %), raisins de Corinthe (6,5 %), germe de blé (6,5 %), noisettes torréfiées (3,2 %), extrait de malt dorge, magnésium, calcium, poudreslevantes : tartrates de potassium, carbonate acide de sodium, sel de mer, produits du lait (protéines de lait, lactose), amidon de blé, vitamines B1, B6, E. Sans saccharose ajouté, uniquement sucré au fructose, sucre dassimilation lente et à faibleindex glycémique. Contient 6,4 % de germe de blé, naturellement riche en vitamines du groupe B, indispensables à la production dénergie par lorganisme et en vitamine E, puissant antioxydant., Valeur énergétique en Joules :  1831Kj, Valeur énergétique en Kcal : 436Kcal, Glucides : 62,1g, Lipides : 16,6g, Protides :9,5g, A conserver dans un endroit frais et sec.]|"
10,38€ / Kg"|"
3,01 €"
532|Biscuit son d'avoine, fibres riche en son d'avoine|La boite de 144g|[Origine : FRANCE, Valeur énergétique en Joules :  1837kj, Valeur énergétique en Kcal : 438kcal, Glucides : 57,9g, Lipides : 15,2g, Protides :12g]|"
15,97€ / Kg"|"
2,30 €"
533|Chutney doux de figue|Le pot de 220g|[Origine : FRANCE, Cette recette particulièrement douce est idéale pour accompagner un foie gras, une viande blanche ou pour ensoleiller un fromage de chèvre., Figue violette 64%, sucre de canne, vinaigre de vin, sel, curry, poivre, gélifiant : pectine de fruits. Sans colorant, sans conservateur., Ce bocal se conserve 15 jours au réfrigérateur après ouverture.]|"
25,50€ / Kg"|"
5,61 €"
534|Clémentine corse en tranches|Le pot de 370g|[Origine : FRANCE, Marmelade de clémentine en tranches. Preparée traditionnellement dans un chaudron ouvert et travaillée par un cuiseur, cette marmelade est élaborée avec des clémentines de Corse. Les tranches de clémentine confies restent entières après leur cuissonet sont disposées une à une à la main afin de les conserver intactes et savoureuses., sucre de canne, clémentines. Gélifiant: pectine de fruit. Acidifiant: acide citrique. Peut contenir du gluten., A conserver au frais après ouverture]|"
19,89€ / Kg"|"
7,36 €"
535|Confiture d'abricot|Le pot de 370g|[Origine : FRANCE, Cette confiture est élaborée avec des abricots rigoureusement sélectionnés pour leur goût acidulé. Elle est préparée traditionnellement dans un chaudron ouvert et travaillée par un cuiseur. Cette recette préserve les oreillons d'abricots entiers, confits avant d'être cuits, afin de restituer la saveur intacte du fruit., Abricot , sucre de canne , gélifiant(pectine de fruits) , acidifiant(acide citrique)., Conserver au frais après ouverture.]|"
16,43€ / Kg"|"
6,08 €"
536|Confiture de figue violette|Le pot de 370g|[Origine : FRANCE, Les fruits sélectionnés sont travaillés selon une recette traditionnelle par un cuiseur dans un chaudron ouvert. Toutes leurs qualités gustatives sont ainsi préservées., Au-delà des desserts, cette délicieuse confiture relevée par une pointe de vanille, accompagne merveilleusement le foie gras., Figues violettes, sucre de canne, extrait de vanille, gélifiant (pectine de fruits), acidifiant (acide citrique)., Conserver au frais après ouverture.]|"
19,46€ / Kg"|"
7,20 €"
537|Confiture de fraise|Le pot de 370g|[Origine : FRANCE, Cette confiture est élaborée avec des fraises de la variété Senga sengana rigoureusement sélectionnées pour leur qualité gustative.Les fruits sont confits avant d'être cuits afin de préserver leur goût. Ils sont ensuite travaillés par un cuiseur dansun chaudron ouvert, comme le veut la tradition., Fraises, sucre de canne, gélifiant (pectine de fruits), acidifiant (acide citrique)., Conserver au frais après ouverture.]|"
16,43€ / Kg"|"
6,08 €"
538|Confiture de framboise épépinée|Le pot de 370g|[Origine : FRANCE, Préparée traditionnellement dans un chaudron ouvert et travaillée par un cuiseur, cette confiture est élaborée à partir de framboises rigoureusement sélectionnées auxquelles on a ôté les pépins.Cette recette permet d'obtenir une texture très onctueuse tout en préservant le goût du fruit., framboises épépinées, sucre, gélifiant (pectine de fruits)., A conserver au frais après ouverture.]|"
19,46€ / Kg"|"
7,20 €"
539|Confiture Extra de Myrtille Sauvage|Le bocal de 370g|[Origine : FRANCE, Cette recette préserve le fruit entier dans la confiture afin d'en restituer le goût intact de la myrtille sauvage., Myrtilles sauvages, sucre de canne, gélifiant : pectine de fruits, acidifiant : acide citrique. Préparée avec 50 g de fruits pour 100 g. Teneur totale en sucre 61 g pour 100 g., Valeur énergétique en Joules :  911kj, Valeur énergétique en Kcal : 220kcal, Glucides : 61g, Lipides : 0,2g, Protides :0,4g, A conserver au frais après ouverture.]|"
19,46€ / Kg"|"
7,20 €"
540|Galettes bretonnes épaisses, beurre de baratte breton dem   i-sel, recette traditionnelle de Pont-Aven|Le paquet de 160g|[Origine : FRANCE, Ce biscuit sablé et fondant au beurre de baratte est originaire de Pont-Aven:'quatorze moulins, quinze maisons' disait-on autrefois à Pont-Aven. Aujourd'hui encore, la ville immortalisée par Gauguin demeure célèbre pour ses moulins. Ces galettes bretonnes épaisses sont toujours fabriquées à Pont-Aven de manière entièrement artisanale et selon une recette séculaire. L'un des secrets de leur saveur incomparable est l'utilisation de beurre de baratte frais à l'onctuosité et au goût exceptionnels., Farine de froment, beurre de baratte demi-sel 31 %, sucre, oeufs, produit levant : bicarbonate de sodium.]|"
32,00€ / Kg"|"
5,12 €"
541|Gelée de framboise|Le pot de 350g|[Origine : FRANCE, Gelée extra de framboise. Préparée dans un chaudron ouvert et travaillée par un cuiseur, cette gelée est élaborée avec le jus simple des fruits pressés. Cette recette classique peut être utilisée pour caraméliser des tranches de pomme., sucre de canne, jus de framboise, gélifiant (pectine de fruits), acidifiant (acide citrique)., Conserver au frais après ouverture]|"
16,43€ / Kg"|"
6,08 €"
542|Marmelade d'orange amère, écorces fines|Le pot de 370g|[Origine : FRANCE, Préparée traditionnellement dans un chaudron ouvert et travaillée par un cuiseur, cette marmelade est élaborée avec des oranges sélectionnées en Espagne. Les écorces sont tranchées très finement afin de libérer leur saveur légèrment amère, et sont cuites mêlées à la pulpe de l'orange., Sucre de canne, écorces fines d'oranges, gélifiant (pectine de fruits), acidifiant (acide citrique). Préparéz avec 35g de fruits pour 100g. Teneur totale en sucre : 63g pour 100g., Conserver au frais après ouverture.]|"
16,43€ / Kg"|"
6,08 €"
543|Marmelade d'orange et de citron, écorces fines|Le pot de 370g|[Origine : FRANCE, Cette marmelade est préparée traditionnellement dans un chaudron ouvert et travaillée par un cuiseur à partir d'agrumes sélectionnés dans les meilleures plantations d'Espagne. Les écorces sont tranchées finement afin de libérer pleinement la saveur des oranges et des citrons qui se mêlent harmonieusement dans cette marmelade., Oranges, sucre de canne, citrons. Préparée avec 33g de fruits pour 100g. Teneur totale en sucre : 65g pour 100g., Conserver au frais après ouverture.]|"
19,89€ / Kg"|"
7,36 €"
544|Miel d'acacia de France|Le pot de 500g|[Origine : FRANCE, Ce miel de printemps est issu des fleurs du robinier. Récolté en France, ce miel liquide à forte sucrosité révèle des notes prononcées de fleurs d'acacia, au parfum suave et délicat., Le miel est un produit naturel, sa texture peut évoluer dans le temps., Miel d'acacia de France.]|"
21,64€ / Kg"|"
10,82 €"
545|Miel de France crémeux|Le pot de 500g|[Origine : FRANCE]|"
17,40€ / Kg"|"
8,70 €"
546|Pain d'épices au miel|La barquette de 300g|[Origine : BELGIQUE]|"
16,10€ / Kg"|"
4,83 €"
547|Assortiment de confiture et gelée de Corse|Les 3 pots de 110g|[Origine : FRANCE, Délicieuses confitures et gelées de Corse. A base de fruits gorgées de soleil, cueillis en pleine maturité, elles sont préparées avec le plus grand soin., Préparées avec 50 g de fruit (myrte), 60 g de fruit (clémentine), 55 g de fruit (figue) pour 100 g. Teneur totale en sucre : 62 g pour 100 g. Gelée de myrte : jus de myrtes, sucre de canne, sirop de glucose, gélifiant : pectine de fruit, acidifiants: acide citrique, jus de citron. Confiture extra de clémentine : clémentines, sucre de canne, sirop de glucose, jus de citron, gélifiant : pectine de fruit. Confiture extra de figue : sucre de canne, sirop de glucose, jus de citron, gélifiant : pectine de fruit. Fabriqué en Corse., Valeur énergétique en Joules :  1089kj, Valeur énergétique en Kcal : 256kcal, Glucides : 63,4g, Lipides : 0g, Protides :0,4g, A conserver au frais après ouverture.]|"
51,55€ / Kg"|"
5,67 €"
548|Canistrelli à l'anis|Le sachet de 300g|[Origine : FRANCE, Le canistrelli, croquant et savoureux gâteau traditionnel de Corse, se déguste à tout moment de la journée sec ou trempé dans le café, et cela depuis des générations., Farine de blé, sucre, matières grasses végétales (huile arachide, margarine), oeufs, grains d'anis 1%, poudre à lever.]|"
13,70€ / Kg"|"
4,11 €"
549|Canistrelli au citron|Le sachet de 300g|[Origine : FRANCE, Le Canistrelli, croquant et savoureux gâteau traditionnel de Corse, se déguste à tout moment de la journée sec ou trempé dans le café, et cela depuis des générations., Farine de blé, sucre, matières grasses végétales (huile arachide, margarine), poudre à lever, arôme citron.]|"
13,70€ / Kg"|"
4,11 €"
550|Canistrelli au vin blanc|Le sachet de 300g|[Origine : FRANCE, Le canistrelli, croquant et savoureux gâteau traditionnel de Corse, se déguste à tout moment de la journée sec ou trempé dans le café, et cela depuis des générations., Farine de blé, sucre, matière grasse végétale (huile arachide) vin blanc 13%, poudre à lever.]|"
17,13€ / Kg"|"
5,14 €"
551|Canistrelli aux amandes|Le sachet de 300g|[Origine : FRANCE, Le canistrelli, croquant et savoureux gâteau traditionnel de Corse, se déguste à tout moment de la journée sec ou trempé dans le café, et cela depuis des générations., Farine de blé, sucre, matière grasse végétale (huile arachide) oeufs, amandes 5%, poudre à lever.]|"
17,13€ / Kg"|"
5,14 €"
552|Confiture aux 3 agrumes|Le pot de 450g|[Origine : FRANCE, Depuis près de 30 ans, Charles Antona élabore des confitures avec respect et amour des saveurs de son île, la Corse, Préparée avec 60 g de fruit pour 100 g de produit. Teneur totale en sucre : 62 g pour 100 g. Fruits (clémentines 21%, oranges 15%, pomelos 15%), sucre de canne, sirop de glucose, jus de citron, gélifiant : pectine de fruit., Valeur énergétique en Joules :  1087kj, Valeur énergétique en Kcal : 256kcal, Glucides : 62,3g, Lipides : 0,1g, Protides :1,4g, A conserver au frais après ouverture.]|"
10,31€ / Kg"|"
4,64 €"
553|Confiture clémentine Corse|Le pot de 450g|[Origine : FRANCE, Confiture extra de Corse au sucre de canne., clémentines, sucre de canne, sirop de glucose, jus de citron, gélifiant : pectine de fruit, Valeur énergétique en Joules :  1068, Valeur énergétique en Kcal : 252, Glucides : 60,6, Lipides : 0,8, Protides :0,5, Se conserve en température ambiante. A conserver au frais après ouverture. A consommer de préférence avant fin : voir capsule.]|"
9,38€ / Kg"|"
4,22 €"
554|Confiture de figue|Le pot de 450g|[Origine : FRANCE, Confiture extra de Corse au sucre de canne., Peut se déguster en accompagnement d'un fromage de chèvre., Préparée avec 55 g de fruit pour 100 g. Teneur totale en sucre : 62 g pour 100 g. Figue, sucre de canne, sirop de glucose, jus de citron, gélifiant : pectine de fruit., Valeur énergétique en Joules :  1066g, Valeur énergétique en Kcal : 251kcal, Glucides : 61,7g, Lipides : 0g, Protides :0,7g, A conserver au frais après ouverture.]|"
9,82€ / Kg"|"
4,42 €"
555|Confiture de figues et de noix|Le pot de 450g|[Origine : FRANCE, Confiture extra de Corse au sucre de canne., Peut se déguster en accompagnement d'un fromage de brebis., Préparée avec 55 g de fruit pour 100 g de produit. Teneur totale en sucre : 62 g pour 100 g. Figues, sucre de canne, sirop de glucose, noix 3,7%, jus de citron, gélifiant : pectine de fruit., Valeur énergétique en Joules :  1244kj, Valeur énergétique en Kcal : 293kcal, Glucides : 63g, Lipides : 4,1g, Protides :1g, A conserver au frais après ouverture.]|"
9,82€ / Kg"|"
4,42 €"
556|Confiture extra bio de Corse à la clémentine|Le pot de 330g|[Origine : FRANCE, Confiture extra bio de Corse., Préparée avec 55 g de fruits pour 100 g de produit. Teneur totale en sucre : 60 g pour 100 g. Clémentines* de Corse, sucre de canne*, jus de citron*, pectine de fruit. *Issus de l'agriculture biologique., Valeur énergétique en Joules :  1116kj, Valeur énergétique en Kcal : 263kcal, Glucides : 64,5g, Lipides : 0,2g, Protides :0,7g, A conserver au frais après ouverture.]|"
12,79€ / Kg"|"
4,22 €"
557|Confiture extra bio de Corse à la clémentine|Le pot de 330g|[Origine : FRANCE, Confiture extra bio de Corse., Préparée avec 55 g de fruits pour 100 g de produit. Teneur totale en sucre : 60 g pour 100 g. Clémentines* de Corse, sucre de canne*, jus de citron*, pectine de fruit. *Issus de l'agriculture biologique., Valeur énergétique en Joules :  1116kj, Valeur énergétique en Kcal : 263kcal, Glucides : 64,5g, Lipides : 0,2g, Protides :0,7g, A conserver au frais après ouverture.]|"
12,79€ / Kg"|"
4,22 €"
558|Confiture extra bio de Corse à la figue|Le pot de 330g|[Origine : FRANCE, Confiture extra bio de Corse., Peut se déguster avec un fromage de chèvre., Préparée avec 60 g de fruits pour 100 g de produit. Teneur totale en sucre : 55 g pour100 g. Figues*, sucre de canne*, jus de citron*, pectine de fruit, acidifiant : acide citrique. *Issus de l'agriculture biologique., Valeur énergétique en Joules :  1016kj, Valeur énergétique en Kcal : 239kcal, Glucides : 58,5g, Lipides : 0,2g, Protides :0,8g, A conserver au frais après ouverture.]|"
12,79€ / Kg"|"
4,22 €"
559|Confiture extra bio de Corse à la figue|Le pot de 330g|[Origine : FRANCE, Confiture extra bio de Corse., Peut se déguster avec un fromage de chèvre., Préparée avec 60 g de fruits pour 100 g de produit. Teneur totale en sucre : 55 g pour100 g. Figues*, sucre de canne*, jus de citron*, pectine de fruit, acidifiant : acide citrique. *Issus de l'agriculture biologique., Valeur énergétique en Joules :  1016kj, Valeur énergétique en Kcal : 239kcal, Glucides : 58,5g, Lipides : 0,2g, Protides :0,8g, A conserver au frais après ouverture.]|"
12,79€ / Kg"|"
4,22 €"
560|Confiture extra bio de Corse figue et noix|Le pot de 330g|[Origine : FRANCE, Peut se déguster avec un fromage de brebis., Préparée avec 60 g de fruits pour 100 g de produit. Teneur totale en sucre : 55 g pour 100 g. Figues*, sucre de canne*, noix 4%*, jus de citron*, pectine de fruit, acidifiant : acide citrique. *Issus de l'agriculture biologique., Valeur énergétique en Joules :  1089kj, Valeur énergétique en Kcal : 257kcal, Glucides : 57,9g, Lipides : 2,2g, Protides :1,3g, A conserver au frais après ouverture.]|"
14,06€ / Kg"|"
4,64 €"
561|Confiture extra bio de Corse figue et noix|Le pot de 330g|[Origine : FRANCE, Peut se déguster avec un fromage de brebis., Préparée avec 60 g de fruits pour 100 g de produit. Teneur totale en sucre : 55 g pour 100 g. Figues*, sucre de canne*, noix 4%*, jus de citron*, pectine de fruit, acidifiant : acide citrique. *Issus de l'agriculture biologique., Valeur énergétique en Joules :  1089kj, Valeur énergétique en Kcal : 257kcal, Glucides : 57,9g, Lipides : 2,2g, Protides :1,3g, A conserver au frais après ouverture.]|"
14,06€ / Kg"|"
4,64 €"
562|Confiture extra bio de Corse fraise et clémentine|Le pot de 330g|[Origine : FRANCE, Confiture extra bio de Corse., Préparée avec 65 g de fruits pour 100 g de produit. Teneur totale en sucre : 55 g pour 100 g. Fraise*, sucre de canne*, clémentine de Corse*, pectine de fruit, jus de citron*. *Issus de l'agriculture biologique., Valeur énergétique en Joules :  1090kj, Valeur énergétique en Kcal : 256g, Glucides : 63g, Lipides : 0,2g, Protides :0,6g, A conserver au frais après ouverture.]|"
12,79€ / Kg"|"
4,22 €"
563|Confiture extra bio de Corse fraise et clémentine|Le pot de 330g|[Origine : FRANCE, Confiture extra bio de Corse., Préparée avec 65 g de fruits pour 100 g de produit. Teneur totale en sucre : 55 g pour 100 g. Fraise*, sucre de canne*, clémentine de Corse*, pectine de fruit, jus de citron*. *Issus de l'agriculture biologique., Valeur énergétique en Joules :  1090kj, Valeur énergétique en Kcal : 256g, Glucides : 63g, Lipides : 0,2g, Protides :0,6g, A conserver au frais après ouverture.]|"
12,79€ / Kg"|"
4,22 €"
564|Confiture extra de Pêche - abricot et miel de Corse|Le pot de 450g|[Origine : FRANCE, Confiture extra de pêche-abricot et miel de Corse., Peut se déguster en accompagnement d'un brocciu AOC ou faisselles de fromages frais., fruits (pêches 25%, abricots 25%), sucre de canne, sirop de glucose, miel de Corse 1,4%, gélifiant : pectine de fruit, jus de citron, Valeur énergétique en Joules :  1060, Valeur énergétique en Kcal : 250, Glucides : 61,5, Lipides : 0,2, Protides :0,3, Se conserve en température ambiante. A conserver au frais après ouverture. A consommer de préférence avant fin : voir capsule.]|"
10,31€ / Kg"|"
4,64 €"
565|Crème bio de Corse à la chataigne|Le pot de 330g|[Origine : FRANCE, Crème bio châtaigne., Préparée avec 55 g de fruits pour 100 g de produit. Teneur totale en sucre : 60 g pour 100 g. Châtaigne*, sucre de canne*, jus de citron*, pectine de fruit, extrait naturel de vanille. *Issus de l'agriculture biologique., Valeur énergétique en Joules :  1082kj, Valeur énergétique en Kcal : 255kcal, Glucides : 61,7g, Lipides : 0,6g, Protides :1,2g, A conserver au frais après ouverture.]|"
14,06€ / Kg"|"
4,64 €"
566|Crème bio de Corse à la chataigne|Le pot de 330g|[Origine : FRANCE, Crème bio châtaigne., Préparée avec 55 g de fruits pour 100 g de produit. Teneur totale en sucre : 60 g pour 100 g. Châtaigne*, sucre de canne*, jus de citron*, pectine de fruit, extrait naturel de vanille. *Issus de l'agriculture biologique., Valeur énergétique en Joules :  1082kj, Valeur énergétique en Kcal : 255kcal, Glucides : 61,7g, Lipides : 0,6g, Protides :1,2g, A conserver au frais après ouverture.]|"
14,06€ / Kg"|"
4,64 €"
567|Crème de chataigne|Le pot de 450g|[Origine : FRANCE, Crème de Corse au sucre de canne., châtaignes, sucre de canne, sirop de glucose, jus de citron, gélifiant : pectine de fruit, extrait naturel de vanille, Valeur énergétique en Joules :  1089, Valeur énergétique en Kcal : 257, Glucides : 61,5, Lipides : 0,7, Protides :1,1, Se conserve en température ambiante. A conserver au frais après ouverture. A consommer de préférence avant fin : voir capsule.]|"
9,82€ / Kg"|"
4,42 €"
568|gelée de myrte|Le pot de 450g|[Origine : FRANCE, Gelée de Corse au sucre de canne., Préparée avec 50 g de fruit pour 100 g de produit. Teneur totale en sucre : 62 g pour 100 g. Jus de myrtes, sucre de canne, sirop de glucose, gélifiant : pectine de fruit, acidifiants : acide citrique, jus de citron., Valeur énergétique en Joules :  1065kj, Valeur énergétique en Kcal : 251kcal, Glucides : 62,2g, Lipides : 0,1g, Protides :0,2g, A conserver au frais après ouverture.]|"
10,31€ / Kg"|"
4,64 €"
569|Nougat amandes au miel de Corse|La barre de 100g|[Origine : FRANCE, Amandes 22%, sirop de glucose, sucre inverti, sucre de canne, sucre glace, miel de Corse 8%, fondant (sucre, glucose, eau), blanc d'oeuf, pain azyme, extrait naturel de vanille., Valeur énergétique en Joules :  1946kj, Valeur énergétique en Kcal : 463kcal, Glucides : 70,9g, Lipides : 16,6g, Protides :7,4g, A conserver dans un endroit frais et sec.]|"
41,10€ / Kg"|"
4,11 €"
570|Nougat chataigne au miel de Corse|La barre de 100g|[Origine : FRANCE, Amandes 21%, sirop de glucose, sucre inverti, sucre de canne, sucre glace, miel de Corse 8%, fondant (sucre, glucose, eau), blanc d'oeuf, farine de châtaigne 2%, pain azyme, extrait naturel de vanille., Valeur énergétique en Joules :  1873kj, Valeur énergétique en Kcal : 445kcal, Glucides : 70,3g, Lipides : 14,3g, Protides :8,9g, A conserver dans un endroit frais et sec.]|"
41,10€ / Kg"|"
4,11 €"
571|Halva snacks, noix, chocolat et vanille|Le paquet de 300g|[Origine : ISRAEL, Sésame, sucre, glucose, huile végétale (de palme), épice naturelle : racine de saponaire, vanilline, poudre de cacao, noix. Contient du sésame et des noix., Valeur énergétique en Joules :  0kj, Valeur énergétique en Kcal : 519kcal, Glucides : 58g, Lipides : 26g, Protides :13g, Conserver dans un endroit frais et sec.]|"
15,27€ / Kg"|"
4,58 €"
572|Sésame Halva sans sucre, biscuits|Le paquet de 275g|[Origine : FRANCE, Graines de sésame, maltitol, huile végétale, agent levant, vanille naturelle identical., Valeur énergétique en Joules :  110kj, Valeur énergétique en Kcal : 70kcal, Glucides : 14g, Lipides : 0g, Protides :2g]|"
15,53€ / Kg"|"
4,27 €"
573|Royal rolls, feuille galette roulée fourrée de crème de noisette|Le paquet de 100g|[Origine : FRANCE, Feuille galette roulée fourrée de crème de noisette., Sucre, huiles et graisses (partiellement hydrogénées), farine de froment (contient gluten), noisettes, lait en poudre, farine de soja, cacao en poudre, lécithine (émulsifiant), vanilline, arôme artificiels, sel. Peut contenir des traces de noisette,noix et de sésame., Valeur énergétique en Joules :  0kj, Valeur énergétique en Kcal : 441kcal, Glucides : 84,2g, Lipides : 9,5g, Protides :4,6g]|"
17,40€ / Kg"|"
1,74 €"
574|Gaufrettes arôme chocolat|Le paquet de 200g|[Origine : ISRAEL, Sucre, huile végétale hydrogénée, farine de froment, poudre de cacao, lécithine (émulsifiant), poudre à lever : bicarbonate de sodium, vanillie, sel., Valeur énergétique en Joules :  0kj, Valeur énergétique en Kcal : 493kcal, Glucides : 60g, Lipides : 25g, Protides :7g, A garder dans un endroit froid et sec.]|"
7,45€ / Kg"|"
1,49 €"
575|Gaufrettes arôme vanille|Le paquet de 200g|[Origine : FRANCE, Sucre, huile végétale hydrogénée, farine de froment, lécithine (émulsifiant), poudre à lever : bicarbonate de sodium, vanillie, sel., Valeur énergétique en Joules :  0kj, Valeur énergétique en Kcal : 170kcal, Glucides : 18g, Lipides : 22g, Protides :1g, A garder dans un endroit froid et sec.]|"
8,20€ / Kg"|"
1,64 €"
576|Bagels au sésame, petits pains spéciaux nature|Le sachet de 4 soit 340g|[Origine : FRANCE, Valeur énergétique en Joules :  1163kj, Valeur énergétique en Kcal : 275kcal, Glucides : 50g, Lipides : 2,7g, Protides :11,5g]|"
9,97€ / Kg"|"
3,39 €"
577|Bagels graines de pavot, petits pains spéciaux nature|Le sachet de 4 soit 340g|[Origine : FRANCE, Petits pains spéciaux nature., Au grill pain : couper votre Bagel en deux et passer le au grille pain pendant 1 minute. Au micro-ondes : percer l'emballage et placer le dans votre micro-ondes pendant 20 à 40 secondes. Délicieux sucré, salé ou en sandwich., Farine de blé, eau, sucre, graines de pavot (2,0%), farine de malt, levure, sel, farine de soja. Agent de traitement de la farine : acide ascorbique. Conservateurs : propionate de calcium. Contient du blé, du gluten et du soja., Valeur énergétique en Joules :  1098kj, Valeur énergétique en Kcal : 259kcal, Glucides : 49,9g, Lipides : 1,5g, Protides :11,4g, A consommer dans les 48 heures après ouverture. Maintenir dans un endroit frais et sec.]|"
9,97€ / Kg"|"
3,39 €"
578|Brioche au chocolat|Le paquet de 400g|[Origine : ISRAEL, Sucres, farine de blé (contient du gluten), oeufs, eau, huile végétale (soja, palme), crème au chocolat 20% (sucres, huile végétale (soja), poudre de cacao, cocoa 10%, lécithine de soja, arômes), émulsifiants : E491, E433, E524, levure, stabilisateur: E415, fibres diététiques : cellulose, farine de soja, amidon, humectant : E422, arômes, sel, conservateur : E200. Ingrédients présentant un risque d'allergie : oeuf, gluten, soja., Valeur énergétique en Joules :  0kj, Valeur énergétique en Kcal : 405kcal, Glucides : 54g, Lipides : 19g, Protides :5g, Conserver dans un endroit frais et sec.]|"
11,88€ / Kg"|"
4,75 €"
579|Cake au chocolat|Le paquet de 450g|[Origine : ISRAEL, Sucres, farine de blé (contient du gluten), oeufs, graisses végétales, produits émulsifiants, poudre de cacao, ferments, stabilisants, produits aromatisants, sel agent conservateur., Valeur énergétique en Joules :  0kj, Valeur énergétique en Kcal : 397kcal, Glucides : 52g, Lipides : 18g, Protides :6g]|"
11,45€ / Kg"|"
4,58 €"
580|Gâteau marbré|Le paquet de 450g|[Origine : FRANCE, Sucres, farine de blé (contient du gluten), oeufs, graisses végétales, produits émulsifiants, poudre de cacao, ferments, stabilisants, produits aromatisants, sel agent conservateur.]|"
9,60€ / Kg"|"
4,32 €"
581|Eau minérale naturelle des Alpes, source Montclar|Les 6 bouteilles de 1,5L|[Origine : FRANCE]|"
0,28€ / L"|"
2,48 €"
582|Eau minérale naturelle plate d'abatilles|La bouteille en verre de 75cl|[Origine : FRANCE]|"
1,44€ / L"|"
1,08 €"
583|Eau minérale naturelle|La bouteille de 1L|[Origine : FRANCE, Appréciez jour après jour la saveur d'une eau d'exception. Sa minéralité unique lui confère ce goût riche, reconnaissable entre tous : le goût de l'efficacité !, Convient pour un régime pauvre en sodium., Analyse en mg/l : calcium : 468, magnésium : 74.5, sodium : 9.4, sulfate : 1121, hydrates de carbone : 372. Résidu sec à 180°C : 2078mg/l., A conserver à l'abri du soleil et du gel, dans un endroit propre, sec, frais et sans odeur.]|"
0,54€ / L"|"
0,54 €"
584|Eau minérale naturelle|Le pack de 6 bouteilles de 50cl|[Origine : FRANCE, Une minéralisation riche et unique. Mon partenaire minceur., Eau minérale naturelle Composition :  Calcium : 468 Magnésium : 74,5 Sodium : 9,4 Sulfate : 1121 Bicarbonate : 372, à conserver à l?abri du soleil et du gel dans un endroit propre et sans odeur A boire tous les jours en mangeant léger et équilibré.]|"
0,91€ / L"|"
2,73 €"
587|Eau minérale naturelle|Les 6 bouteilles de 1,5L|[Origine : FRANCE, Eau minérale naturelle Composition :  Calcium : 468 Magnésium : 74,5 Sodium : 9,4 Sulfate : 1121 Bicarbonate : 372, à conserver à l?abri du soleil et du gel dans un endroit propre et sans odeur A boire tous les jours en mangeant léger et équilibré.]|"
0,38€ / L"|"
3,44 €"
588|Eau minérale naturelle|Les 6 bouteilles de 1L|[Origine : FRANCE, Clémentine a des choses à vous dire : les bouteilles Contrex relookées parles fans Monoprix sont disponibles en magasin !                           Appréciez jour après jour la saveur d'une eau d'exception. Sa minéralité unique lui confère ce goût riche, reconnaissable entre tous : le goût de l'efficacité !, Eau minérale naturelle Composition :  Calcium : 468 Magnésium : 74,5 Sodium : 9,4 Sulfate : 1121 Bicarbonate : 372, Convient pour un régime pauvre en sodium., à conserver à l?abri du soleil et du gel dans un endroit propre et sans odeur A boire tous les jours en mangeant léger et équilibré.]|"
0,52€ / L"|"
3,09 €"
590|Eau de source naturelle|La bouteille de 5L|[Origine : FRANCE, La source de Cristal-Roc est captée en grande profondeur. Conformément à la législation en vigueur, elle est déferrisée puis embouteillée avec le plus grand soin sous contrôle laboratoire quotidien., Analyse en mg/l : calcium : 70, magnesium: 2.1, sodium : 4.4, potassium : 1.6, bicarbonates : 200, sulfates : 15.3, chlorures : 8, nitrates : <2, fluorures : <0.3, extrait sec à 180°C : 223. pH 7.7., A conserver de préférence à l'abri du soleil dans un endroit propre, frais et sans odeur. Après ouverture, refermer la bouteille, la conserver au frais et la consommer rapidement.]|"
0,17€ / L"|"
0,86 €"
591|Eau minérale naturelle|La bouteille de 1,5L|[Origine : FRANCE, Evian est une eau minérale naturelle reconnue favorable à la santé par l'Académie Nationale de Médecine., L'eau Evian est recommandée pour l'alimentation du bébé., Analyse en mg/l : calcium : 80, magnesium : 26, sodium : 6,5, potassium : 1, silice : 15, bicarbonates : 360, sulfates : 12,6, chlorures : 6,8, nitrates : 3.7, Résidu sec à 180°C : 309 mg/l. pH : 7.2., Garder à l'abri du soleil dans un lieu propre, sec et tempéré.]|"
0,39€ / L"|"
0,58 €"
592|Eau minérale naturelle|La bouteille de 1L|[Origine : FRANCE, S'occuper des enfants, assurer tous vos rendez-vous, autant d'activités que vous en oubliez de vous hydrater régulièrement... Pratique et compacte, la bouteille Evian(R) 1L vous accompagne partout tout au long de votre journée active., Analyse en mg/l : calcium : 80, magnésium : 26, sodium : 6,5, potassium : 1, bicarbonates : 360, sulphates : 12,6, chlorides : 6,8, nitrates : 3,7, silica : 15, Résidu sec à 180°C : 309. pH : 7,2.]|"
0,53€ / L"|"
0,53 €"
593|Eau minérale naturelle|La bouteille de 50cl|[Origine : FRANCE, L'eau Evian est recommandée pour l'alimentation du bébé., Analyse en mg/l : calcium : 78, magnesium : 24, sodium : 5, potassium : 1, silice : 13.5, bicarbonates : 357, sulfates : 10, chlorures : 4.5, nitrates : 3.8, Résidu sec à 180°C : 309. pH : 7.2., Garder à l'abri du soleil, dans un lieu propre, sec et tempéré.]|"
1,14€ / L"|"
0,57 €"
594|Eau minérale naturelle|Les 4 bouteilles de 1L|[Origine : FRANCE]|"
0,78€ / L"|"
3,13 €"
595|Eau minérale naturelle|Les 6 bouteilles de 1,5L|[Origine : FRANCE, Evian est une eau minérale naturelle, reconnue favorable à la santé par l'Académie Nationale de Médecine. Faiblement minéralisée et naturellement pure, l'eau evian peut-être bue tous les jours par tous et est recommandée pour l'alimentation des bébés., La nouvelle bouteille evian 1,5L contient 50% de plastique recyclé et voit son poids allégé. Ainsi, son empreinte carbone est réduite de 33% par rapport à l'ancienne bouteille.                                                            Cette bouteille est recyclable.                                                Faites un geste pour l'environnement, pensez au tri!, Analyse en mg/l : calcium : 80, magnesium : 26, sodium : 6,5, potassium : 1, silice : 15, bicarbonates : 360, sulfates : 12,6, chlorures : 6,8, nitrates : 3.7, Résidu sec à 180°C : 309 mg/l. pH : 7.2., Garder à l'abri du soleil dans un lieu propre, sec et tempéré.]|"
0,38€ / L"|"
3,49 €"
596|Eau minérale naturelle|Les 6 bouteilles de 1L|[Origine : FRANCE, Evian est une eau minérale naturelle, reconnue favorable à la santé par l'Académie Nationale de Médecine. Faiblement minéralisée et naturellement pure, l'eau evian peut-être bue tous les jours par tous et est recommandée pour l'alimentation des bébés., Pour une longue journée au bureau, la bouteille evian 1L est le format idéal à emmener partout avec vous pour boire tout au long de la journée., Analyse en mg/l : calcium : 80, magnésium : 26, sodium : 6,5, potassium : 1, bicarbonates : 360, sulphates : 12,6, chlorides : 6,8, nitrates : 3,7, silica : 15, Résidu sec à 180°C : 309. pH : 7,2., A protéger contre les rayons solaires., Conserver dans un endroit sec et propre., Conserver dans un endroit sec et tempéré]|"
0,51€ / L"|"
3,03 €"
597|Eau minérale naturelle|Les 6 bouteilles de 2L|[Origine : FRANCE]|"
0,33€ / L"|"
3,92 €"
598|Eau minérale naturelle|Les 6 bouteilles de 50cl|[Origine : FRANCE, Ce format de 50cl est idéal à glisser dans votre sac ou dans le cartable de votre enfant pour une bonne hydratation tout au long de la journée.                                                                               Faiblement minéralisée et naturellement pure, l'eau evian peut être bue tous les jours par tous et est recommandée pour l'alimentation des bébés., Ce format de 50cl est idéal à glisser dans votre sac ou dans le cartable de votre enfant pour une bonne hydratation tout au long de la journée., Analyse en mg/l : calcium : 80, magnésium : 26, sodium : 6,5, potassium : 1, bicarbonates : 360, sulphates : 12,6, chlorides : 6,8, nitrates : 3,7, silica : 15, Résidu sec à 180°C : 309. pH : 7,2., A conserver dans un endroit propre, sec et frais à l'abri de la lumière et des odeurs.              Bouteille recyclable.                             Faites un geste pour l'environnement, pensez au tri !]|"
0,86€ / L"|"
2,59 €"
599|Eau minérale naturelle avec bouchon sport|La bouteille de 33cl|[Origine : FRANCE, Evian est une eau minérale naturelle reconnue favorable à la santé par l'Académie Nationale de Médecine., L'eau Evian est recommandée pour l'alimentation du bébé., Minéralisation caractéristique (mg/l) : calcium : 80, magnesium: 26, sodium : 6,5, potassium : 1, bicarbonates : 360, sulfates : 12,6, chlorides : 6,8, nitrates : 3,7, silica : 15, résidu sec à 180°C : 309. pH : 7,2., Garder à l'abri du soleil, dans un lieu propre, sec et tempéré.]|"
1,52€ / L"|"
0,50 €"
600|Eau minérale naturelle avec bouchon sport|Les 12 bouteilles de 33cl|[Origine : FRANCE, Evian est une eau minérale naturelle, reconnue favorable à la santé par l'Académie Nationale de Médecine. Faiblement minéralisée et naturellement pure, l'eau evian peut-être bue tous les jours par tous et est recommandée pour l'alimentation des bébés., Analyse en mg/l : calcium : 80, magnésium : 26, sodium : 6,5, potassium : 1, bicarbonates : 360, sulphates : 12,6, chlorides : 6,8, nitrates 3,7, silica : 15, Résidu sec à 180°C : 309. pH : 7,2., Minéralisation caractéristique (mg/l) : calcium : 80, magnesium: 26, sodium : 6,5, potassium : 1, bicarbonates : 360, sulfates : 12,6, chlorides : 6,8, nitrates : 3,7, silica : 15, résidu sec à 180°C : 309. pH : 7,2., Garder à l'abri du soleil, dans un lieu propre, sec et tempéré.]|"
1,19€ / L"|"
4,70 €"
601|Eau minérale naturelle Baby Go|Les 12 bouteilles de 33cl avec une tétine|[Origine : FRANCE]|"
1,33€ / L"|"
5,99 €"
602|Eau minérale naturelle|La bouteille de 1L|[Origine : FRANCE, Minéralisation caractéristique (mg/l) : calcium=549, magnésium=119, sodium=14, Sulfates=1530, Nitrates=4,3, Hydrogénocarbonate=384, Résidu sec à 180° C=2513 mg/L., A conserver à l'abri du soleil et du gel dans un endroit propre et sans odeur.]|"
0,61€ / L"|"
0,61 €"
603|Eau minérale naturelle|La bouteille de 33cl|[Origine : FRANCE, Ne pas utiliser chez les nourrissons sauf en cas de constipation, sur avis médical.;Déconseillée en cas de troubles digestifs graves, Minéralisation en mg/l : calcium : 549, magnesium : 119, sodium : 14.2, sulfate : 1530, nitrate : 4.3, hydrogénocarbonate : 383.7. pH : 7.2. Résidu sec à 180°C = 2513., A conserver à l'abri du soleil et du gel, dans un endroit propre, sec, frais et sans odeur.,A consommer dans les 48h après ouverture.]|"
1,82€ / L"|"
0,60 €"
606|Eau minérale naturelle|Les 6 bouteilles de 1L|[Origine : FRANCE, Eau minérale naturelle Composition :  Calcium : 549 Magnésium : 119 Sodium : 14,2 Sulfate : 1530 Bicarbonate : 383,7 Nitrate : 4,3, à conserver à l?abri du soleil et du gel dans un endroit propre et sans odeur Une eau minérale naturelle unique:Hépar facilite le transit intestinal*. De plus, elle permet de couvrir 31% des apports journaliers recommandés en magnésium. * Hépar peut être laxative, Boire 1L d'Hépar par jour dans le cadre d'une alimentation variée et équilibrée  et d'un mode de vie sain. Ne pas utiliser chez les nou]|"
0,62€ / L"|"
3,70 €"
607|Eau minérale naturelle|Les 8 bouteilles de 33cl|[Origine : FRANCE, Hépar est une eau riche en magnésium. Hépar vous aide à couvrir chaque jour apports journaliers recommandés., Eau minérale naturelle Composition :  Calcium : 549 Magnésium : 119 Sodium : 14,2 Sulfate : 1530 Bicarbonate : 383,7 Nitrate : 4,3, Convient à un régime pauvre en sodium. Le gel peut précipiter les sels minéraux d'Hépar en cristaux blancs, sans conséquence pour la santé. Ne pas utiliser chez les nourrissons sauf en cas de constipation, sur avis médical. Déconseillée en cas de troubles digestifs graves., à conserver à l?abri du soleil et du gel dans un endroit propre et sans odeur Une eau minérale naturelle unique:Hépar facilite le transit intestinal*. De plus, elle permet de couvrir 31% des apports journaliers recommandés en magnésium. * Hépar peut être laxative, Boire 1L d'Hépar par jour dans le cadre d'une alimentation variée et équilibrée  et d'un mode de vie sain. Ne pas utiliser chez les nou]|"
1,48€ / L"|"
3,91 €"
608|Eau de Source naturelle|La bouteille de 50cl|[Origine : FRANCE]|"
0,48€ / L"|"
0,24 €"
609|Eau minérale naturelle|La bouteille de 1.5L|[Origine : FRANCE, Grâce à sa très faible minéralité, l'eau Mont Roucous peut être consommée sans restriction, à tous âges de la vie.Légère, elle circule aisément dans l'organisme, transportant au coeur des cellules sa pureté originelle. Mont Roucous est particulièrement recommandée à tous ceux dont le corps a besoin d'être traité avec douceur : nourrissons, enfants, femmes enceintes, seniors et personnes devant limiter l'apport de calcium et de sodium., Minéralisation en mg/L : calcium 2,40, magnésium 0,50, sodium 3,10, potassium 0,40, chlorures 3, nitrates 3, sulfates 2, bicarbonates 6,30, silice 8,20, fluorures <0,1. Résidu sec à 180° : 25., Conserver dans un endroit propre, sec et frais, à l'abri de la lumière et des odeurs.]|"
0,47€ / L"|"
0,71 €"
610|Eau minérale naturelle|Les 6 bouteilles de 1,5L|[Origine : FRANCE, Grâce à sa très faible minéralité, l'eau Mont Roucous peut être consommée sans restriction, à tous âges de la vie.Légère, elle circule aisément dans l'organisme, transportant au coeur des cellules sa pureté originelle. Mont Roucous est particulièrement recommandée à tous ceux dont le corps a besoin d'être traité avec douceur : nourrissons, enfants, femmes enceintes, seniors et personnes devant limiter l'apport de calcium et de sodium., Minéralisation en mg/L : calcium 2,40, magnésium 0,50, sodium 3,10, potassium 0,40, chlorures 3, nitrates 3, sulfates 2, bicarbonates 6,30, silice 8,20, fluorures <0,1. Résidu sec à 180° : 25., Conserver dans un endroit propre, sec et frais, à l'abri des odeurs.]|"
0,39€ / L"|"
3,55 €"
611|Boisson à l'eau minérale et aux extraits de pamplemousse et cedrat|Le pack de 6 bouteilles de 33cl|[Origine : FRANCE]|"
2,49€ / L"|"
4,94 €"
612|Eau minérale naturelle gazeuse|Le pack de 6 bouteilles de 1l|[Origine : FRANCE]|"
1,01€ / L"|"
6,03 €"
613|Eau de source naturelle|La bouteille de 1,5L|[Origine : FRANCE]|"
0,19€ / L"|"
0,28 €"
614|Eau de source naturelle|Les 6 bouteilles de 1,5L|[Origine : FRANCE]|"
0,14€ / L"|"
1,26 €"
615|Eau de source naturelle|Les 6 bouteilles de 50cl|[Origine : FRANCE]|"
0,33€ / L"|"
1,00 €"
616|Eau de source corse|Le pack de 6 bouteilles de 1,5l|[Origine : FRANCE]|"
0,32€ / L"|"
2,90 €"
617|Eau de source corse|Le pack de 6 bouteilles de 33cl|[Origine : FRANCE]|"
1,05€ / L"|"
4,17 €"
618|Eau de source corse|Le pack de 6 bouteilles de 50cl|[Origine : FRANCE]|"
0,82€ / L"|"
2,45 €"
619|Eau minérale naturelle|La bouteille de 1L|[Origine : FRANCE, Appréciez le goût équilibré de Vittel : sa minéralité unique vous procure une sensation naturelle de fraîcheur et de vitalité., Minéralisation caractéristique (mg/l) : Calcium : 203,8, Magnésium : 43,1, Sodium : 5 Sulfate : 328,9, Nitrate : 4,3 Hydrogénocarbonate : 399. Résidu à sec à 180°C : 844mg/L, A conserver à l'abri du soleil et du gel, dans un endroit propre et sans odeur. A consommer dans les 48h après ouverture.]|"
0,48€ / L"|"
0,48 €"
620|Eau minérale naturelle|Les 6 bouteilles d'1L|[Origine : FRANCE, Minéralisation caractéristique (mg/l) : Calcium : 203,8, Magnésium : 43,1, Sodium : 5 Sulfate : 328,9, Nitrate : 4,3 Hydrogènocarbonate : 399., A conserver à l'abri du soleil et du gel, dans un endroit propre, sec, frais et sans odeur. Le gel peut précipiter les sels minéraux de Vittel Grande Source en cristaux blancs, sans conséquence pour la santé.]|"
0,47€ / L"|"
2,79 €"
623|Eau minérale naturelle|Les 6 bouteilles de 1,5L|[Origine : FRANCE, Eau minÍrale naturelle Composition :  Calcium : 240 MagnÍsium : 42 Sodium : 5,2 Sulfate : 400 Bicarbonate : 384 Nitrate : 4,4, Å conserver Å l?abri du soleil et du gel dans un endroit propre et sans odeur Pour toute la famille Å partir de 3 ans, pour un mode de vie sain, mangez ÍquilibrÍ et variÍ]|"
0,36€ / L"|"
3,24 €"
624|Eau gazeuse minérale naturelle, Puits St Georges|La bouteille de 1,25L|[Origine : FRANCE, Eau minérale naturelle Puits St Georges. C'est au coeur des roches volcaniques des Monts du Forez que Puits St Georges prend sa source. Saint Romain le Puy. Cette eau minérale naturelle est degazéifiée et regazéifiée au gaz des sources., Analyse en mg/l : sodium : 417, calcium : 45, potassium : 23,5, magnésium : 32,8, bicarbonates : 1445,6, chlorures : 37, sulfates : 8, nitrates : 7, fluorures : <0,5, Résidu sec à 180°C : 1326. pH : 6,55., A conserver dans un endroit sec et propre, à I abri de la lumière et de la chaleur.]|"
0,34€ / L"|"
0,42 €"
625|Eau gazeuse minérale naturelle, Puits St Georges|Les 6 bouteilles de 1,25L|[Origine : FRANCE, Eau minérale naturelle Puits St Georges. C'est au coeur des roches volcaniques des Monts du Forez que Puits St Georges prend sa source. Saint Romain le Puy. Cette eau minérale naturelle est degazéifiée et regazéifiée au gaz des sources., Analyse en mg/l : sodium : 417, calcium : 45, potassium : 23,5, magnésium : 32,8, bicarbonates : 1445,6, chlorures : 37, sulfates : 8, nitrates : 7, fluorures : <0,5, Résidu sec à 180°C : 1326. pH : 6,55., A conserver dans un endroit sec et propre, à I abri de la lumière et de la chaleur.]|"
0,33€ / L"|"
2,49 €"
626|Eau minerale naturelle gazeuse d'Abatilles|La bouteille en verre de 75cl|[Origine : FRANCE]|"
1,45€ / L"|"
1,09 €"
627|Badoit Rouge, eau minérale naturelle gazeuse intensément pétillante|La bouteille de 1L|[Origine : FRANCE]|"
0,77€ / L"|"
0,77 €"
628|Badoit Rouge, eau minérale naturelle gazeuse intensément pétillante|La bouteille de 50cl|[Origine : FRANCE, Intensément pétillante., Minéralisation caractéristique en mg/l : Résidu sec à 180°C : 1200mg/l, pH : 6. Calcium : 190, sodium : 165, magnésium : 85, potassium : 10, bicarbonates 1300, chlorures 44, sulfates 38, fluorures 1,2, silice 35., Garder à l'abri du soleil dans un endroit propre, sec et tempéré.]|"
1,44€ / L"|"
0,72 €"
629|Badoit Rouge, eau minérale naturelle gazeuse intensément pétillante|Les 6 bouteilles de 1L|[Origine : FRANCE]|"
0,79€ / L"|"
4,72 €"
630|Badoit Rouge, eau minérale naturelle gazeuse intensément pétillante|Les 6 bouteilles de 50cl|[Origine : FRANCE, Badoit est naturellement riche en bicarbonates. Grâce à sa composition minérale unique et non sodique, on peut boire Badoit à tous les repas.       Badoit Rouge souligne avec dynamisme et caractère les mets grâce à ses bulles intenses et persistantes., Avec ce petit format, emportez Badoit partout avec vous!, Minéralisation caractéristique en mg/l : Résidu sec à 180°C : 1200mg/l, pH : 6. Calcium : 190, sodium : 165, magnésium : 85, potassium : 10, bicarbonates 1300, chlorures 44, sulfates 38, fluorures 1,2, silice 35., Garder à l'abri du soleil dans un endroit propre, sec et tempéré.]|"
1,27€ / L"|"
3,80 €"
631|Badoit Rouge, eau minérale naturelle intensément pétillante|La bouteille de 1L|[Origine : FRANCE, Badoit Rouge, l'intense pétillance signée Badoit avec deux fois plus de fines bulles !, Analyse moyenne en mg/l : calcium : 190, sodium : 165, magnésium : 85, potassium : 10, bicarbonates : 1300, chlorures : 44, sulfates : 38, fluorures : 1.2, silice : 35, résidu sec à 180°C : 1200. pH : 6., A protéger contre les rayons solaires., Conserver dans un endroit sec et propre., Conserver dans un endroit sec et tempéré, Refermer soigneusement après utilisation.]|"
0,78€ / L"|"
0,78 €"
632|Badoit verte, eau minérale naturelle gazeuse|La bouteille de 1L|[Origine : FRANCE]|"
0,73€ / L"|"
0,73 €"
633|Badoit Verte, eau minérale naturelle gazeuse|La bouteille de 1L|[Origine : FRANCE, Analyse moyenne en mg/l : calcium : 190, sodium : 165, magnésium : 85, potassium : 10, bicarbonates : 1300, chlorures : 44, sulfates : 38, fluorures : 1.2, silice : 35, résidu sec à 180°C : 1200. pH : 6., Garder à l'abri du soleil dans un endroit propre, sec et tempéré.]|"
0,75€ / L"|"
0,75 €"
634|Badoit Verte, eau minérale naturelle gazeuse|La bouteille de 50cl|[Origine : FRANCE, Eau minérale naturelle avec adjonction de gaz carbonique. Minéralisation caractéristique en mg/L : résidu sec à 180°C : 1200 mg/L, pH: 6 : Calcium 190, Sodium 165, Magnésium 85, Potassium 10, Bicarbonates 1300, Chlorures 44, Sulfates 38, Fluorures 1,2, Silice 35., Garder à l'abri du soleil dans un endroit propre, sec et tempéré.]|"
1,70€ / L"|"
0,85 €"
635|Badoit verte, eau minérale naturelle gazeuse|Les 6 bouteilles de 1L|[Origine : FRANCE]|"
0,75€ / L"|"
4,49 €"
636|Badoit Verte, eau minérale naturelle gazeuse|Les 6 bouteilles de 50cl|[Origine : FRANCE, Badoit est naturellement riche en bicarbonates. Grâce à sa composition minérale unique et non sodique, on peut boire Badoit à tous les Repas.                                                                                 Badoit Verte souligne avec élégance et subtilité les mets grâce à ses bulles fines et délicates., Avec ce petit format, emportez Badoit partout avec vous!, Minéralisation caractéristique en mg/L : résidu sec à 180°C : 1200 mg/L, pH: 6 : Calcium 190, Sodium165, Magnésium 85, Potassium 10, Bicarbonates 1300, Chlorures 44, Sulfates 38, Fluorures 1,2, Silice 35., A stocker dans un endroit propre, sec et tempéré, à l'abri du soleil.]|"
1,23€ / L"|"
3,69 €"
637|Eau minérale naturelle gazeuse|Le pack de 6 bouteilles de 1l|[Origine : FRANCE]|"
1,01€ / L"|"
6,03 €"
638|Eau minérale naturelle finement pétillante|La bouteille de 1L|[Origine : FRANCE, Finement pétillante. Pauvre en sodium., Minéralisation caractéristique en mg/l : Calcium : 155, Magnésium : 6,8, Sodium : 11,8, Hydrogénocarbonate : 445, Sulfates : 46,1, Chlorures : 25. Résidu sec à 180°C : 479., A consommer dans les 48h après ouverture. A conserver à l'abri du soleil dans un endroit sec, propre, frais et sans odeur.]|"
0,75€ / L"|"
0,75 €"
641|Eau minérale naturelle finement pétillante|Le pack de 6 bouteilles de 1L|[Origine : FRANCE, Finement pétillante. Pauvre en sodium., Eau minérale naturelle renforcée au gaz de source Composition :  Calcium : 160 Magnésium : 4,2 Sodium : 9,5 Sulfate : 33 Bicarbonate : 430 Nitrate : 7,8 Chlorure : 22, à conserver à l?abri du soleil et du gel dans un endroit propre et sans odeur PERRIER Fines Bulles, tout l'esprit de PERRIER dans une version finement pétillante. PERRIER Fines Bulles peut être savouré à tout moment de la journée, en toute occasion pour des sensations toujours plus rafraichissantes]|"
0,77€ / L"|"
4,59 €"
642|Eau minérale naturelle gazeuse|La bouteille de 1L|[Origine : FRANCE, Goûtez à l'expérience unique d'un Perrier... Appréciez la fraîcheur intense de ses bulles exubérantes, son goût rafraîchissant et vif, source de plaisirs et de sensations fortes., Savourez-le pur, sans glaçon, avec juste une rondelle de citron, Minéralisation (mg/l) : calcium : 155, magnésium : 6,8, sodium : 11,8, bicarbonates : 445, sulfates : 46,1, chlorures : 25, résidu sec à 180°C : 479., A conserver à l'abri du soleil et du gel, dans un endroit propre, sec, frais et sans odeur.]|"
0,71€ / L"|"
0,71 €"
643|Eau minérale naturelle gazeuse|La bouteille verre de 75cl|[Origine : FRANCE, Minéralisation moyenne (mg/l) : Calcium : 155, Magnésium : 6,8, Sodium : 11,8, Bicarbonates : 445, Sodium : 46,1, Chlorures : 25, Résidu à sec à 180°C : 479., A conserver à l'abri du soleil et du gel dans un endroit propre, sec, frais et sans odeur.]|"
1,29€ / L"|"
0,97 €"
644|Eau minérale naturelle gazeuse|La canette de 33cl|[Origine : FRANCE, Minéralisation caractéristique en mg/l : calcium : 155, sodium : 11.8, sulfates : 46.1, magnesium: 6.8, bicarbonate : 445, chlorure : 25, Résidu sec à 180°C : 479., A conserver à l'abri du soleil et du gel, dans un endroit propre, sec, frais et sans odeur.]|"
2,15€ / L"|"
0,71 €"
647|Eau minérale naturelle gazeuse|Les 6 bouteilles de 1L|[Origine : FRANCE, Goûtez à l'expérience unique d'un Perrier... Appréciez la fraîcheur intense de ses bulles exubérantes, son goût rafraîchissant et vif, source de plaisirs et de sensations fortes., Savourez-le pur, sans glaçon, avec juste une rondelle de citron, Minéralisation (mg/l) : calcium : 155, magnésium : 6,8, sodium : 11,8, bicarbonates : 445, sulfates : 46,1, chlorures : 25, résidu sec à 180°C : 479., A conserver à l'abri du soleil et du gel, dans un endroit propre, sec, frais et sans odeur.]|"
0,70€ / L"|"
4,19 €"
648|Eau minérale naturelle gazeuse|Les 6 bouteilles de 50cl|[Origine : FRANCE, Minéralisation (mg/l) : calcium : 155, magnésium : 6.8, sodium : 11.8, bicarbonates : 445, sulfates : 46,1, chlorures : 25, résidu sec à 180°C : 479mg/l., A conserver à l'abri du soleil et du gel, dans un endroit propre et sans odeur.]|"
1,32€ / L"|"
3,95 €"
649|Eau minérale naturelle gazeuse|Les 6 canettes de 33cl|[Origine : FRANCE]|"
1,55€ / L"|"
3,07 €"
650|Eau minérale naturelle gazeuse|Les 8 bouteilles verre de 20cl|[Origine : FRANCE, Eau minérale naturelle renforcée au gaz de la source., A conserver à l'abri du soleil et du gel dans un endroit propre et sans odeur.]|"
1,60€ / L"|"
4,59 €"
651|Nature, Eau minérale naturelle gazeuse|La bouteille de 50cl|[Origine : FRANCE, Minéralisation (mg/l) : calcium : 155, magnésium : 6.2, sodium : 11.8, bicarbonates : 445, sulfates : 46.1, chlorures : 25, résidu sec à 180°C : 479., A conserver à l'abri du soleil et du gel, dans un endroit propre, sec, frais et sans odeur.]|"
1,94€ / L"|"
0,97 €"
654|Eau gazeuse minérale naturelle|Les 6 bouteilles de 1,15L|[Origine : FRANCE]|"
0,60€ / L"|"
4,13 €"
655|Eau gazeuse minérale naturelle|Les 6 bouteilles de 1L|[Origine : FRANCE, Déferrisée et regazéifiée avec son propre gaz, Rozana est une eau calcique et magnésienne. Rozana est l'eau la plus riche en magnésium, parmi les eaux de grande consommation vendues en grandes surfaces., Composition moyenne en mg/litre : calcium : 301, magnésium : 160, sodium : 493, potassium : 52, bicarbonates : 1837, sulfates : 230, chlorures : 649, nitrates : 1, minéralisation totale, extrait sec à 180° C : 3022. pH : 6.3., Conserver cette bouteille de préférence à l'abri du soleil, dans un endroit propre, frais et sans odeur.]|"
0,75€ / L"|"
4,47 €"
656|Eau minérale naturelle gazeuse|La bouteille de 1l|[Origine : FRANCE, Rozana est l'eau minérale qui contient le plus de magnésium des eaux de grande consommation et couvre naturellement près de la moitié des apports journaliers recommandés. Boire Rozana chaque jour, c'est associer le plaisir d'une eau légère aux finesbulles naturelles, aux bienfaits du magnésium., Composition moyenne en mg/l : calcium : 301, magnésium : 160, sodium : 493, potassium : 52, bicarbonates : 1837, sulfates : 230, chlorures : 649, nitrates : 1, extrait sec à 180° C : 3022mg. pH : 6.3., Conserver cette bouteille de préférence à l'abri du soleil, dans un endroit propre, frais et sans odeur.]|"
0,74€ / L"|"
0,74 €"
657|Eau minérale naturelle gazeuse|La bouteille de 1,25L|[Origine : FRANCE, Au coeur du parc naturel du Haut-Languedoc, l'eau de la Salvetat jaillit naturellement gazeuse, dans une nature préservée. Non loin de sa source, des pèlerins en route vers Saint-Jacques-de-Compostelle édifièrent une chapelle baptisée La Salvetat. Reconnue pour ses bienfaits sur la santé, l'eau de la Salvetat du classée minérale en 1848., La Salvetat est recommandée dans le cadre d'un régime sans sel., Analyse en mg/l : calcium : 253, magnésium : 11, sodium : 7, potassium : 3, bicarbonates : 820, sulfates : 25, chlorures : 4, nitrates : <1, silice : 72, résidu sec à 180° C : 850. pH : 6, Garder à l'abri du soleil, dans un endroit propre, sec et tempéré.]|"
0,42€ / L"|"
0,53 €"
658|Eau minérale naturelle gazeuse|Les 6 bouteilles de 1,25L|[Origine : FRANCE]|"
0,42€ / L"|"
3,28 €"
659|Eau minérale naturelle gazeuse|La bouteille de 1L|[Origine : FRANCE, L'eau S. Pellegrino par sa teneur particulière en sels minéraux, sa saveur agréable et sa pétillance unique est présente sur les tables des restaurants de plus de 100 pays., Pour savourer son goût inimitable, nous vous conseillons de la servir à 8-10°C., Analyse en mg/l : ion calcium : 179, ion chlorure : 54,8, ion magnésium : 52, ion sodium : 33,6, silice : 7,6, ion strontium : 3, ion nitrate : 2,9, ion potassium : 2,5,  fluorures : 0,5. Résidu sec à 180° : 948mg/l., A conserver à l'abri du soleil et du gel dans un endroit propre et sans odeur.]|"
0,76€ / L"|"
0,76 €"
660|Eau minérale naturelle gazeuse|La bouteille de 50cl|[Origine : FRANCE, Analyse en mg/l : sulfate : 445, hydrogénocarbonate : 239, calcium : 179, chlorure : 54,8, magnésium : 52, sodium : 33,6, silicium : 7.6, strontium : 3.0, potassium : 2.5,  fluorures : 0.5. Résidu sec à 180°C : 948mg/l., A conserver à l'abri du soleil et du gel, dans un endroit propre et sans odeur.]|"
1,42€ / L"|"
0,71 €"
663|Eau minérale naturelle gazeuse|Les 6 bouteilles de 1L|[Origine : FRANCE, L'eau S. Pellegrino par sa teneur particulière en sels minéraux, sa saveur agréable et sa pétillance unique est présente sur les tables des restaurants de plus de 100 pays., Pour savourer son goût inimitable, nous vous conseillons de la servir à 8-10°C., Analyse en mg/l : ion calcium : 179, ion chlorure : 54,8, ion magnésium : 52, ion sodium : 33,6, silice : 7,6, ion strontium : 3, ion nitrate : 2,9, ion potassium : 2,5,  fluorures : 0,5. Résidu sec à 180° : 948mg/l., A conserver à l'abri du soleil et du gel dans un endroit propre et sans odeur.]|"
0,71€ / L"|"
4,25 €"
664|Eau minérale naturelle gazeuse|Les 6 bouteilles de 50cl|[Origine : FRANCE, Analyse en mg/l : sulfate : 445, hydrogénocarbonate : 239, calcium : 179, chlorure : 54,8, magnésium : 52, sodium : 33,6, silicium : 7.6, strontium : 3.0, potassium : 2.5,  fluorures : 0.5. Résidu sec à 180°C : 948mg/l., A conserver à l'abri du soleil et du gel, dans un endroit propre et sans odeur.]|"
1,06€ / L"|"
3,19 €"
665|Eau minérale naturelle gazeuse|La bouteille de 1,25L|[Origine : FRANCE, Digestion : St-Yorre, l'eau la plus riche en bicarbonates pour mieux digérer et vous sentir plus léger.Hydratation : St-Yorre, l'eau la plus minéralisée est la plus efficace pour compenser la perte en minéraux en particulier lors des fortes chaleurs.Récupération : St-Yorre, l'eau la plus riche en bicarbonates vous aide à récupérer et à atténuer la fatigue après l'effort., Analyse moyenne en mg/l : bicarbonates : 4368, chlorures : 322, sulfates : 174, fluorures : 9, sodium : 1708, potassium : 132, calcium : 90, magnésium : 11, extrait sec à 180°C : 4774mg/l. pH : 6.6.  Provient de la Source Royale exploitée à St Yorre(Allier)., Conserver de préférence à l'abri du soleil, dans un endroit propre, frais et sans odeur.]|"
0,53€ / L"|"
0,66 €"
666|Eau minérale naturelle gazeuse|La bouteille de 50cl|[Origine : FRANCE, L'eau la plus minéralisée (4774 mg/l) parmi les eaux vendues en grandes surfaces. Les Champions l'adorent ! Provient de la source royale exploitée à Saint-Yorre (Allier). Eau soumise à des techniques d'absorption et d'oxydation à l'air ozoné autorisées selon la législation en vigueur, puis regazéifiée avec son propre gaz., A boire frais., Analyse moyenne en mg/l : bicarbonates : 4368, chlorures : 322, sulfates : 174, fluorures : 1, sodium : 1708, potassium : 110, calcium : 90, magnésium : 11, extrait sec à 180°C : 4774. pH : 6.6., Conserver cette bouteille de préférence à l'abri du soleil, dans un endroit propre, frais et sans odeur.]|"
1,40€ / L"|"
0,70 €"
667|Eau minérale naturelle gazeuse|Les 6 bouteilles de 1,25L|[Origine : FRANCE, Digestion : St-Yorre, l'eau la plus riche en bicarbonates pour mieux digérer et vous sentir plus léger.Hydratation : St-Yorre, l'eau la plus minéralisée est la plus efficace pour compenser la perte en minéraux en particulier lors des fortes chaleurs.Récupération : St-Yorre, l'eau la plus riche en bicarbonates vous aide à récupérer et à atténuer la fatigue après l'effort., A boire frais., Analyse moyenne en mg/l : bicarbonates : 4368, chlorures : 322, sulfates : 174, fluorures : 9, sodium : 1708, potassium : 132, calcium : 90, magnésium : 11, extrait sec à 180°C : 4774mg/l. pH : 6.6.  Provient de la Source Royale exploitée à St Yorre(Allier)., Conserver de préférence à l'abri du soleil, dans un endroit propre, frais et sans odeur.]|"
0,53€ / L"|"
3,94 €"
668|Boisson à base d'eau de source aromatisé citron, citron vert|La bouteille plastique de 1,5l|[Origine : FRANCE, Boisson à base d'eau de source aromatisée citron-citron vert., Servir frais., Eau de source Drômeline (99,7%), acidifiant : acide citrique, arômes naturels de citron, citron vert. Sans colorant ni conservateur. Sans sucres ajoutés., Valeur énergétique en Joules :  3kj, Valeur énergétique en Kcal : 1kcal, Glucides : 0,2g, Lipides : 0g, Protides :0g, Avant ouverture : à conserver à température ambiante et à l'abri de la lumière. Après ouverture : à conserver au frais et à consommer sous 5 jours.]|"
0,66€ / L"|"
0,99 €"
669|Boisson à base d'eau de source aromatisée citron vert|Les 6 bouteilles de 50cl|[Origine : FRANCE, Eau de source Drômeline 99,8%, acidifiant : acide citrique, arôme naturel, extraits naturels d'écorce de citron. Sans colorant ni conservateur., Valeur énergétique en Joules :  3,5Kj, Valeur énergétique en Kcal : 1KCal, Glucides : 0,2g, Lipides : 0g, Protides :0g, A conserver au frais après ouverture, et à consommer dans les 5 jours.]|"
0,86€ / L"|"
2,59 €"
670|Eau de source aromatisée au citron, sans sucres ajoutés|La bouteille de 50cl|[Origine : FRANCE, Eau de source Drômeline 99,8%, acidifiant : acide citrique, arôme naturel, extraits naturels d'écorce de citron. Sans colorant ni conservateur., Valeur énergétique en Joules :  3,5Kj, Valeur énergétique en Kcal : 1KCal, Glucides : 0,2g, Lipides : 0g, Protides :0g, A conserver au frais après ouverture, et à consommer dans les 5 jours.]|"
0,98€ / L"|"
0,49 €"
671|Boisson à l'eau minérale et aux extraits de menthe|Le pack de 6 bouteilles de 33cl|[Origine : FRANCE]|"
2,49€ / L"|"
4,94 €"
672|Au jus d'agrumes|La bouteille de 1,5L|[Origine : FRANCE]|"
1,20€ / L"|"
1,80 €"
673|Au jus de fraise|La bouteille de 1,5L|[Origine : FRANCE]|"
1,18€ / L"|"
1,77 €"
674|Au jus de fraise|La bouteille de 33cl|[Origine : FRANCE, Eau minérale naturelle de Volvic 94.2%, sucre (3.9%), acidifiant : acide citrique, arôme, conservateur : benzoate de potassium., Valeur énergétique en Joules :  69,3Kj, Valeur énergétique en Kcal : 17KCal, Glucides : 4g, Lipides : 0g, Protides :0g, A stocker dans un endroit propre, frais, sec, à l'abri du soleil. Après ouverture, conserver la bouteille au réfrigérateur Consommer-la dans la semaine]|"
2,36€ / L"|"
0,78 €"
675|Au jus de fraise|Les 6 bouteilles de 33cl|[Origine : FRANCE]|"
2,04€ / L"|"
4,04 €"
676|Au jus de fruits exotiques|La bouteille de 1,5L|[Origine : FRANCE]|"
1,20€ / L"|"
1,80 €"
677|Au jus de fruits exotiques|Les 6 bouteilles de 50cl|[Origine : FRANCE]|"
1,59€ / L"|"
4,77 €"
678|Au jus de pêche|La bouteille de 1,5L|[Origine : FRANCE]|"
1,13€ / L"|"
1,80 €"
679|Au jus de pomme|La bouteille de 1,5L|[Origine : FRANCE]|"
1,21€ / L"|"
1,82 €"
680|Boisson à l'eau minérale naturelle, aux extraits naturels, thé vert menthe,|La bouteille de 1,5l|[Origine : FRANCE, Volvic thé vert menthe c'est : +de 90% d'eau Volvic + le goût unique du thé vert menthe., A boire très frais., INGREDIENTS : Eau minérale naturelle (92,8%), sucre (5%), extraits de thé (0,8g/l) dont thé vert (0,7 g/l), arome naturel de menthe, arome naturel, acidifiant: acide citrique, Valeur énergétique en Joules :  91, Valeur énergétique en Kcal : 22, Glucides : 5, Lipides : 0,05, A garder à l'abri du soleil dans un lieu propre, sec et tempéré]|"
0,96€ / L"|"
1,44 €"
681|Jus de citron|La bouteille de 1,5L|[Origine : FRANCE]|"
1,20€ / L"|"
1,80 €"
682|Zest citron|La bouteille de 1,5L|[Origine : FRANCE, Volvic citron c'est : +de 90% d'eau Volvic + le goût unique et naturel du citron., A boire très frais. Naturelle, la couleur de ce produit peut évoluer dans le temps, sans incidence sur son goût ni sa qualité., Eau minérale naturelle Volvic (94%), jus de fruits à base de concentré 5% (citron 1,8%, raisin 1,7%, pomme 1,5%), sucre (0,5%), arôme naturel de citron. Sans arôme artificiel. Sans colorant artificiel. Sans conservateur. Sans édulcorant., Valeur énergétique en Joules :  22Kj, Valeur énergétique en Kcal : 5KCal, Glucides : 1g, Lipides : 0g, Protides :0g, A stocker dans endroit propre, frais, sec, à l'abri du soleil. Après ouverture: conserver au réfrigérateur et consommer dans les 3 jours.]|"
0,96€ / L"|"
1,44 €"
683|Zest citron vert|La bouteille de 1,5L|[Origine : FRANCE, Tous les bienfaits de l'eau minérale naturelle Volvic, le plaisir du citron vert en plus !Découvrez son goût unique et naturel sans arôme artificiel, sans colorant artificiel, sans édulcorant, sans conservateur., Après ouverture : conserver au réfrigérateur et consommer dans les 3 jours. Naturelle, la couleur de ce produit peut évoluer dans le temps, sans incidence sur son goût ni sur sa qualité., A stocker dans un endroit propre, frais, sec à l'abri du soleil. Après ouverture : conserver au réfrigérateur et consommer dans les 3 jours. Naturelle, la couleur de ce produit peut évoluer dans le temps, sans incidence sur son goût ni sur sa qualité.]|"
0,95€ / L"|"
1,42 €"
684|Boisson à base d'eau minérale naturelle renforcée au gaz de source, aromatisée citron citron vert|La bouteille plastique de 1,25l|[Origine : FRANCE, Boisson à base d'eau minérale naturelle renforcée au gaz de la source aromatisée citron-citron vert., A servir frais., Eau minérale naturelle renforcée au gaz de la source Puits Saint Georges 1, arôme naturel de citron avec autre arômes naturels., Valeur énergétique en Joules :  2,2kj, Valeur énergétique en Kcal : 0,5kcal, Glucides : 0g, Lipides : 0g, Protides :0g, Avant ouverture, conserver dans un endroit frais, propre, sec, à l'abri de la lumière et de la chaleur. Après ouverture, conserver au froid et consommer rapidement.]|"
0,72€ / L"|"
0,90 €"
685|Badoit saveur framboise|La bouteille de 1l|[Origine : FRANCE, La sensibilité gourmande de la framboise juste sublimée d'une légère touche de plante aromatique. C'est le goût unique de Badoit qui voyage dans les saveurs., A boire très frais., Garder à l'abri du soleil dans un endroit propre, sec et tempéré.]|"
1,22€ / L"|"
1,22 €"
686|Boisson à l'eau minérale naturelle pétillante à l'arôme naturel de citron|La bouteille de 1L|[Origine : FRANCE, Rafraîchissante et sans sucre, profitez de toute la finesse et la légèreté des bulles de Badoit associées au plaisir d'une touche de fruit.         Bouteille recyclable.                                                     Faites un geste pour l'environnement, pensez au tri!, A consommer de préférence avant la date indiquée sur la bouteille., Eau minérale naturelle gazéifiée Badoit (99,9%), arôme naturel de citron., Valeur énergétique en Joules :  0Kj, Valeur énergétique en Kcal : 0Kcal, Glucides : 0g, Lipides : 0g, Protides :0g, Garder à l'abri du soleil dans un endroit propre, sec et tempéré.]|"
1,16€ / L"|"
1,16 €"
687|Boisson à l'eau minérale naturelle pétillante à l'arôme naturel de citron vert|La bouteille de 1L|[Origine : FRANCE, Rafraîchissante et sans sucre, profitez de toute la finesse et la légèreté  des bulles de Badoit associées au plaisir d'une touche de fruit.        Bouteille recyclable.                                                     Faites un geste pour l'environnement, pensez au tri!, A consommer de préférence avant la date indiquée sur la bouteille., Eau minérale naturelle gazéifiée Badoit (99,9%), arôme naturel de citron-citron vert., Valeur énergétique en Joules :  0Kj, Valeur énergétique en Kcal : 0Kcal, Glucides : 0g, Lipides : 0g, Protides :0g, Garder à l'abri du soleil dans un endroit propre, sec et tempéré.]|"
1,24€ / L"|"
1,24 €"
688|Boisson à l'eau minérale naturelle pétillante à l'arôme naturel de menthe|La bouteille de 1L|[Origine : FRANCE, Rafraîchissante et sans sucre, profitez de toute la finesse et la légèreté des bulles de Badoit associées au plaisir d'une touche de fruit.                                                                                   Bouteille recyclable.Faites un geste pour l'environnement, pensez au tri!, A consommer de préférence avant la date indiquée sur la bouteille., Eau minérale naturelle gazéifiée Badoit (99,9%), arôme naturel de menthe, Valeur énergétique en Joules :  0Kj, Valeur énergétique en Kcal : 0Kcal, Glucides : 0g, Lipides : 0g, Protides :0g, Garder à l'abri du soleil, dans un endroit propre, sec et tempéré.]|"
1,19€ / L"|"
1,19 €"
689|Boisson à l'eau minérale et aux extraits de menthe|Le pack de 6 bouteilles de 33cl|[Origine : FRANCE]|"
2,49€ / L"|"
4,94 €"
690|Boisson à l'eau minérale et aux extraits de pamplemousse et cedrat|Le pack de 6 bouteilles de 33cl|[Origine : FRANCE]|"
2,49€ / L"|"
4,94 €"
691|Boisson à l'eau minérale naturelle renforcée au gaz de la source et à l'arôme citron, sans sucres,|La bouteille de 50cl|[Origine : FRANCE, Eau minérale naturelle Perrier (99.9%), arôme naturel., A conserver à l'abri du soleil et du gel, dans un endroit propre, sec, frais et sans odeur.]|"
1,96€ / L"|"
0,98 €"
694|Eau gazeuse minérale naturelle aromatisée à la menthe verte|La bouteille de 1L|[Origine : FRANCE, Découvrez la force de Perrier alliée au plaisir des arômes de menthe verte pour un rafraîchissement intense, Servir très frais., Eau minérale naturelle Perrier (99,9%), arôme naturel de menthe avec autres arômes naturels., Valeur énergétique en Joules :  1,8kj, Valeur énergétique en Kcal : 0,4kcal, Glucides : 0g, Lipides : 0g, Protides :0g, Avant ouverture : à stocker entre +5°C et +30°C dans un endroit propre et sans odeur. Après ouverture : à stocker au réfrigérateur et à consommer rapidement.]|"
1,21€ / L"|"
1,21 €"
697|Eau gazeuse minérale naturelle aromatisée au citron|La bouteille de 1L|[Origine : FRANCE, Rafraîchissez-vous de la force des bulles de Perrier. Profitez du plaisir aux arômes citron & de l'élégance d'un Perrier chez vous servi très frais comme aux meilleures terrasses & bars du monde.Goûtez à l'expérience toujours unique d'un Perrier, Appréciez sa pureté, sans glaçon., Eau minérale naturelle Perrier (99,9%), arôme naturel. Sans sucres., Valeur énergétique en Joules :  1,6, Valeur énergétique en Kcal : 0,4, Glucides : 0G, Lipides : 0G, Protides :0G, A conserver à l'abri du soleil et du gel, dans un endroit propre, sec, frais et sans odeur. Après ouverture, à stocker au réfrigérateur (+5°C) et à consommer dans les 48h.]|"
1,21€ / L"|"
1,21 €"
700|Eau gazeuse minérale naturelle aromatisée au citron vert|La bouteille de 1L|[Origine : FRANCE, Rafraîchissez-vous de la force des bulles de Perrier.Profitez du plaisir aux arômes citron vert et de l'élégance d'un Perrier chez vous, servi très frais comme aux meilleures terrasses et bars du monde. Goûter à l'expérience toujours unique d'un Perrier. Appréciez sa pureté, sans glaçon., Eau minérale naturelle Perrier (99,9%), arôme naturel de citron vert avec autres arômes naturels. Sans sucres., Valeur énergétique en Joules :  1,6, Valeur énergétique en Kcal : 0,4, Glucides : 0g, Lipides : 0g, Protides :0g, Avant ouverture à stocker entre +5°C et +30°C dans un endroit propre et sans odeur. Après ouverture : à stocker au réfrigérateur et à consommer rapidement.]|"
0,99€ / L"|"
0,99 €"
701|Eau gazeuse minérale naturelle aromatisée au citron vert|La canette de 33cl|[Origine : FRANCE, Eau minérale naturelle Perrier (99,9%), Arôme naturel. Sans sucres., Valeur énergétique en Joules :  1,6kj, Valeur énergétique en Kcal : 0,4kcal, Glucides : 0g, Lipides : 0g, Protides :0g, A CONSERVER A L'ABRI DU SOLEIL ET DU GEL DANS UN ENDROIT PROPRE, SEC, FRAIS ET SANS ODEUR. APRES OUVERTURE : A STOCKER AU REFRIGERATEUR (+5°C) ET A CONSOMMER DANS LES 48H.]|"
2,52€ / L"|"
0,83 €"
704|Eau gazeuse minérale naturelle aromatisée aux fruits rouge|La bouteille de 1L|[Origine : FRANCE]|"
1,17€ / L"|"
1,17 €"
705|Eau minérale naturelle gazeuse|Les 6 bouteilles de 50cl|[Origine : FRANCE]|"
1,53€ / L"|"
4,60 €"
706|Eau minérale naturelle gazeuse aromatisée au citron|Les 6 canettes de 33cl|[Origine : FRANCE]|"
1,87€ / L"|"
3,71 €"
707|Eau minérale naturelle gazeuse aromatisée au citron vert|Les 6 canettes de 33cl|[Origine : FRANCE]|"
1,87€ / L"|"
3,71 €"
708|Boisson à l'eau minérale naturelle pétillante à l'arôme naturel de citron|La bouteille de 1,25L|[Origine : FRANCE, Aux arômes naturels de fruits, sans sucres, sans édulcorant, sans conservateur., Eau minérale naturelle gazéifiée La Salvetat (99,9%), arôme naturel de citron., Garder à l'abri du soleil dans un endroit propre, sec et tempéré.]|"
0,98€ / L"|"
1,23 €"
709|Eau minérale naturelle gazeuse arômatisée au jus d'orange|Les 6 canettes de 33cl|[Origine : FRANCE]|"
2,23€ / L"|"
4,42 €"
710|Eau minérale naturelle gazeuse arômatisée au jus de citron|Les 6 canettes de 33cl|[Origine : FRANCE]|"
1,98€ / L"|"
3,92 €"
711|Eau minérale naturelle gazeuse arômatisée au jus de pamplemousse|Les 6 canettes de 33cl|[Origine : FRANCE]|"
1,95€ / L"|"
3,87 €"
712|Jus d'orange, 100% pur jus, certifié AB|La bouteille de 1L|[Origine : FRANCE, Conseils utilisation : à boire frais., Jus d'orange, Valeur énergétique en Joules :  201, Valeur énergétique en Kcal : 47, Glucides : 11, Lipides : 0.1, Protides :0.6, A conserver au réfrigérateur après ouverture.]|"
2,15€ / L"|"
2,15 €"
713|Jus d'orange, 100% pur jus, certifié AB|La bouteille de 1L|[Origine : FRANCE, Conseils utilisation : à boire frais., Jus d'orange, Valeur énergétique en Joules :  201, Valeur énergétique en Kcal : 47, Glucides : 11, Lipides : 0.1, Protides :0.6, A conserver au réfrigérateur après ouverture.]|"
2,15€ / L"|"
2,15 €"
714|Jus d'orange à base de jus concentré, sans colorant ni conservateur|La brique de 1L|[Origine : FRANCE, Le jus d'orange Monoprix est à base de concentré d'oranges sélectionnées parmi les meilleures origines., Bien agiter. Déguster frais., Jus d'orange à base de jus d'orange concentré, vitamines : C et B9., Valeur énergétique en Joules :  209Kj, Valeur énergétique en Kcal : 49Kcal, Glucides : 11g, Lipides : 0,1g, Protides :0,7g, A conserver à l'abri de la chaleur et de l'humidité. Après ouverture, conserver au réfrigérateur et consommer dans les 4 jours.]|"
0,97€ / L"|"
0,97 €"
715|Nectar d'orange, à base de jus d'orange concentré|La brique de 2L|[Origine : FRANCE, Bien agiter avant de servir. A consommer frais., Jus d'orange à base de jus d'orange concentré 55% (dont 1,5% de pulpe), eau, sucre, concentré de jus de citron, antioxydant : acide ascorbique., Valeur énergétique en Joules :  185kj, Valeur énergétique en Kcal : 44kcal, Glucides : 10,3g, Lipides : 0,1g, Protides :0,3g, A conserver à température ambiante, à l'abri de la chaleur. Après ouverture, conserver au réfrigérateur et consommer dans les 5 jours.]|"
0,99€ / L"|"
1,98 €"
716|Pur jus d'orange, sans sucres ajoutés|La brique de 1L|[Origine : FRANCE, Jus d'orange, naturellement source de vitamine C., Agiter avant d'ouvrir et servir frais., Jus d'orange, pulpe (3%), Valeur énergétique en Joules :  196Kj, Valeur énergétique en Kcal : 47Kc, Glucides : 11g, Lipides : 0g, Protides :0,5g, Avant ouverture, conserver à température ambiante. Après ouverture, conserver au réfrigérateur et consommer dans les 5 jours.]|"
2,02€ / L"|"
2,02 €"
717|Pur jus d'orange avec pulpe|La bouteille de 1L|[Origine : FRANCE]|"
1,47€ / L"|"
1,47 €"
718|Pur jus d'orange sans sucres ajoutés|La bouteille de 1,5L|[Origine : FRANCE, Ce jus Monoprix est élaboré à partir d'oranges cueillies à pleine maturité. Ces oranges sont pressées juste après la récolte afin de garantir au jus ses qualités originelles et toute sa saveur., Agiter avant de servir. Servir frais., Pur jus d'orange., Valeur énergétique en Joules :  193Kj, Valeur énergétique en Kcal : 46Kcal, Glucides : 10,2g, Lipides : 0,2g, Protides :0,7g, A conserver à l'abri de la lumière, dans un endroit frais et sec.]|"
1,36€ / L"|"
2,04 €"
719|Pur jus orange|La bouteille de 1L|[Origine : FRANCE, Ce jus Monoprix est élaboré à partir d'oranges cueillies à pleine maturité. Ces oranges sont pressées juste après la récolte afin de garantir au jus ses qualités originelles et toute sa saveur., Agiter avant de servir. Servir frais., Jus d'orange. Ce jus ne contient ni colorant, ni conservateur. Sans sucres ajoutés., Valeur énergétique en Joules :  193kj, Valeur énergétique en Kcal : 46kcal, Glucides : 10,2g, Lipides : 0,2g, Protides :0,7g, A conserver à l'abri de la lumière, dans un endroit frais et sec.]|"
1,40€ / L"|"
1,40 €"
720|Jus d'orange à base de jus d'orange concentré|La brique de 1L|[Origine : FRANCE, Jus d'orange à base de jus d'orange concentré. Sans colorant, ni conservateur., Valeur énergétique en Joules :  196kj, Valeur énergétique en Kcal : 46kc, Glucides : 11g, Lipides : -0,1g, Protides :0,5g, Après ouverture, à consommer rapidement.]|"
0,84€ / L"|"
0,84 €"
721|100% pur jus d'orange sans pulpe, sans sucres ajoutés|La bouteille de 1L|[Origine : FRANCE, Un verre de Joker chaque jour aide le corps à aller bien. Consommer quotidiennement des fruits apporte les vitamines nécessaires pour toute la journée. Joker presse ses oranges à maturité dans les 24 heures pour vous offrir des vitamines bien préservées., Doit être conservé au réfrigérateur et consommé dans les 5 jours après l'ouverture pour une saveur optimale.]|"
2,10€ / L"|"
2,10 €"
722|Jus d'orange à base de jus concentré|La brique de 1L|[Origine : FRANCE, Joker Le Fruit Orange est élaboré à partir d'une sélection des meilleures oranges. Sans pulpe et peu acide, vous apprécierez son goût délicieux et sa douceur. Nouvelle recette.Avec Joker Le Fruit c'est simple : de délicieux jus de fruits à teneur enfruits 100% et sans sucres ajoutés. Une teneur garantie en vitamines C et B9. Une forme ovale unique et pratique qui facilite la prise en main. Le plein de vitamine C. Le plein de confiance., Jus d'orange à base de jus concentré, vitamines C, B9. Sans sucres ajoutés. Teneur en fruits 100%., Valeur énergétique en Joules :  176Kj, Valeur énergétique en Kcal : 42Kcal, Glucides : 10,5g, Lipides : 0,2g, Protides :0,7g, A conserver au frais 5 jours après ouverture, refermer après usage.]|"
1,33€ / L"|"
1,33 €"
723|Jus d'orange avec pulpe|La bouteille de 1,5L|[Origine : FRANCE, Chez Joker, nous mettons en oeuvre tout notre savoir faire pour préserver et restituer dans nos jus les qualités gustatives naturellement présentes dans les fruits. Nous sélectionnons les meilleurs fruits, reconnus pour leur goût et gorgés de vitamines. Et pour vous garantir des purs jus de qualité, nos fruits sont cueillis à maturité et pressés dans les 24h qui suivent la récolte., Bien agiter avant de servir., Jus d'orange, pulpe d'orange (3%), vitamines : C, B9., Valeur énergétique en Joules :  186kj, Valeur énergétique en Kcal : 44kcal, Glucides : 9,4g, Lipides : 0,2g, Protides :0,7g, Pour une saveur optimale, Joker Le Pur Jus doit être conservé au réfrigérateur et consommé dans les 5 jours après l'ouverture.]|"
2,26€ / L"|"
3,39 €"
724|Jus d'orange avec pulpe|La bouteille de 1L|[Origine : FRANCE, Découvrez la fraîcheur de Joker Le Pur Jus d'Orange avec pulpe, issu de la sélection d'oranges à la chair gorgée de soleil. Ce jus pulpé vous restitue la sensation d'un jus pressé comme à la maison. Source de vitamines C et B9, c'est le jus idéal pour commencer la journée dans la bonne humeur., Bien agiter avant de le servir., Jus d'orange, pulpe d'orange (3%), vitamines : C, B9. Sans sucres ajoutés (contient les sucres naturellement présents dans les fruits). Sans conservateurs (conformément à la réglementation)., Valeur énergétique en Joules :  186kj, Valeur énergétique en Kcal : 44kcal, Glucides : 9,4g, Lipides : 0,2g, Protides :0,7g, Pour une saveur optimale, Joker doit être conservé au réfrigérateur et consommé dans les 5 jours après ouverture. Conditionné sous atmosphère protectrice.]|"
2,54€ / L"|"
2,54 €"
725|Jus d'orange sans pulpe|La bouteille de 1,5L|[Origine : FRANCE]|"
1,61€ / L"|"
2,63 €"
726|Pur jus d'orange sans pulpe, sans sucres ajoutés|La bouteille plastique de 1,5l|[Origine : FRANCE, Chez Joker, nous mettons en oeuvre tout notre savoir-faire pour préserver et restituer dans nos jus les qualités gustatives naturellement présentes dans les fruits.Nous sélectionnons les meilleurs fruits, reconnus pour leur goût et gorgés de vitamines. Et pour vous garantir des purs jus de qualité, nos fruits sont cueillis à maturité et pressés dans les 24h qui suivent la récolte, rien n'est ajouté : ni sucre, ni conservateur., Bien agiter avant de servir., Jus d'orange, vitamines : C, B9. Sans ajout de sucre, ni de conservateur., Valeur énergétique en Joules :  171kj, Valeur énergétique en Kcal : 40kcal, Glucides : 8,7g, Lipides : 0,16g, Protides :1g, A conserver au réfrigérateur et à consommer dans les 5 jours après l'ouverture.]|"
1,98€ / L"|"
2,97 €"
727|Pur jus d'orange sans pulpe, sans sucres ajoutés|La brique de 2L|[Origine : FRANCE, Découvrez la fraîcheur de Joker Le Pur Jus d'Orange sans pulpe, issu de la sélection d'oranges à la chair gorgée de soleil. Source de vitamines C et B9, le jus idéal pour commencer la journée., Bien agiter avant de servir., Jus d'orange, vitamines : C, B9. Sans sucres ajoutés*. *Contient les sucres naturellement présents dans les fruits. Sans conservateur., Pour une saveur optimale, Joker 100% Pur Jus doit être conservé au réfrigérateur et consommé dans les 5 jours après l'ouverture.]|"
1,97€ / L"|"
3,94 €"
728|Pur jus velours orange|La bouteille de 1L|[Origine : FRANCE]|"
2,35€ / L"|"
2,35 €"
731|Pur jus d'orange|La brique de 1,5L|[Origine : FRANCE, Maxi Fruité, des jus à teneur en fruits 100% qui vous offrent les bienfaits et le plaisir des fruits quel que soit le moment de la journée.Des fruits soigneusement sélectionnés pour leurs qualités gustatives et nutritionnelles. Un jus doux et sans pulpe. Un format 1,5L idéal pour toute la famille., Agiter avant d'ouvrir. Servir frais., Jus d'orange à base de jus concentré. Sans sucres ajoutés. Ne contient que les sucres naturels des fruits. Sans colorant, ni conservateur., Valeur énergétique en Joules :  199Kj, Valeur énergétique en Kcal : 47Kcal, Glucides : 11,1g, Lipides : 0g, Protides :0,6g, Après ouverture, à conserver 4 jours au réfrigérateur entre +4 et +6°C.]|"
1,31€ / L"|"
1,97 €"
732|Jus d'oranges sans pulpe à base de concentré, sans sucres ajoutés|Les 8 canettes de 15cl|[Origine : FRANCE, A base de concentré, teneur en fruits 100%, riche en vitamines C., Valeur énergétique en Joules :  202kj, Valeur énergétique en Kcal : 47kcal, Glucides : 11g, Lipides : 0g, Protides :0,7g]|"
3,28€ / L"|"
3,94 €"
733|Nectar de jus d'orange doux et sans pulpe|La brique de 1,5L|[Origine : FRANCE, Biologique: au sucre de canne Bio. Délicieux : recettes conçues pour toute la famille : bon goût de fruits, doux et sans pulpe. Des parfums qui plaisent à tous., Agiter avant d'ouvrir. Servir frais., Ingrédients : jus d'orange à base de jus concentré** (70%), eau, sucre**, acidifiant : jus de citron à base de jus concentré**. ** produits issus de l'agriculture biologique, Valeur énergétique en Joules :  203, Valeur énergétique en Kcal : 48, Glucides : 11, Protides :0,5, A consommer de préférence avant la date indiquée sur le dessus de la brique. AprÈs ouverture, se conserve 5 jours au réfrigérateur (entre +4° C et +6° C)]|"
1,63€ / L"|"
2,44 €"
734|Nectar de jus d'orange doux et sans pulpe|La brique de 1,5L|[Origine : FRANCE, Biologique: au sucre de canne Bio. Délicieux : recettes conçues pour toute la famille : bon goût de fruits, doux et sans pulpe. Des parfums qui plaisent à tous., Agiter avant d'ouvrir. Servir frais., Ingrédients : jus d'orange à base de jus concentré** (70%), eau, sucre**, acidifiant : jus de citron à base de jus concentré**. ** produits issus de l'agriculture biologique, Valeur énergétique en Joules :  203, Valeur énergétique en Kcal : 48, Glucides : 11, Protides :0,5, A consommer de préférence avant la date indiquée sur le dessus de la brique. AprÈs ouverture, se conserve 5 jours au réfrigérateur (entre +4° C et +6° C)]|"
1,63€ / L"|"
2,44 €"
735|Boisson rafraichissante aux fruits et à l'eau de source, orange|Les 4 bouteilles avec bouchon sport de 20cl|[Origine : FRANCE, Bouchon 'sport' refermable. Bouteille solide et légère. Forme adaptée aux mains des enfants. Malin pour le goûter. Zéro éclaboussure., Bien secouer avant d'ouvrir. Le bouchon ne convient pas à des enfants de moins de 36 mois., Eau de source (78%), jus d'orange à base de concentré : 13%, sucre, acidifiant : acide citrique, arôme naturel d'orange avec autres arômes naturels, conservateurs : sorbate de potassium, dicarbonate de diméthyle, antioxygène : acide ascorbique, stabilisant : pectine, colorant : carotènes mélangés. Sans colorant artificiel., Valeur énergétique en Joules :  170kj, Valeur énergétique en Kcal : 40kcal, Glucides : 9,5g, Lipides : 0g, Protides :0,1g, Se conserve hors du réfrigérateur. Après ouverture, à consommer dans les 3 jours.]|"
2,69€ / L"|"
2,15 €"
736|Jus d'orange avec pulpe|La bouteille de 1L|[Origine : FRANCE, Afin d'extraire le meilleur goût de nos oranges, seul le coeur du fruit est pressé délicatement pour le préserver de l'amertume de l'écorce.La sélection des oranges. Un pressage dès la cueillette. Un pressage douceur unique. La garantie des bienfaitsnutritionnels du fruit., Jus d'orange. Sans sucres ajoutés, ni d'eau, ni colorants, ni conservateurs ou d'additifs., A conserver au réfrigérateur et à consommer dans les 7 jours suivant l'ouverture.]|"
2,18€ / L"|"
2,18 €"
737|Jus d'orange avec pulpe|Les 4 bouteilles de 25cl|[Origine : FRANCE]|"
3,71€ / L"|"
3,71 €"
738|Orange avec pulpe, 100% pur jus, format familial|La bouteille de 1,5L|[Origine : FRANCE, * SOUS RESERVE DE MODIFICATION TARIFAIRE]|"
2,28€ / L"|"
3,42 €"
739|Pur jus d'orange pressé, sans pulpe|La brique de 1L|[Origine : FRANCE]|"
3,85€ / L"|"
3,85 €"
740|Pur jus d'orange pressé, sans pulpe|La brique de 1L|[Origine : FRANCE]|"
3,85€ / L"|"
3,85 €"
741|Pur jus d'orange sans pulpe|La bouteille de 1L|[Origine : FRANCE, Jus d'orange. Sans sucres ajoutés*. *Sucres naturellement présents dans les fruits. Aucun ajout de sucres*, ni d'eau, ni colorants**, ni de conservateurs** ou d'additifs. **Conformément à la réglementation., Valeur énergétique en Joules :  198kj, Valeur énergétique en Kcal : 47kcal, Glucides : 10g, Lipides : 0g, Protides :0,8g, A conserver au réfrigérateur et à consommer dans les 5 jours suivant l'ouverture.]|"
2,24€ / L"|"
2,24 €"
742|Jus de fruit pomme et mangue|La bouteille de 1L|[Origine : FRANCE, Agiter avant de servir. A boire frais., Jus de pomme* 70%, purée de mangue* 25%, purée de pomme* 5%. * Ingrédients issus de l'agriculture biologique. Sans sucres ajoutés., Valeur énergétique en Joules :  192kj, Valeur énergétique en Kcal : 45kcal, Glucides : 11g, Lipides : traces, Protides :traces, Après ouverture : à conserver au réfrigérateur et à consommer rapidement.]|"
2,51€ / L"|"
2,51 €"
743|Jus de fruit pomme et mangue|La bouteille de 1L|[Origine : FRANCE, Agiter avant de servir. A boire frais., Jus de pomme* 70%, purée de mangue* 25%, purée de pomme* 5%. * Ingrédients issus de l'agriculture biologique. Sans sucres ajoutés., Valeur énergétique en Joules :  192kj, Valeur énergétique en Kcal : 45kcal, Glucides : 11g, Lipides : traces, Protides :traces, Après ouverture : à conserver au réfrigérateur et à consommer rapidement.]|"
2,51€ / L"|"
2,51 €"
744|Jus de pomme, 100% pur jus, certifié AB|La bouteille de 1L|[Origine : FRANCE, A boire frais, Jus de pomme, Valeur énergétique en Joules :  189Kj, Valeur énergétique en Kcal : 44Kcal, Glucides : 11g, Lipides : 0g, Protides :0,1g, A conserver au réfrigérateur après ouverture]|"
2,15€ / L"|"
2,15 €"
745|Jus de pomme, 100% pur jus, certifié AB|La bouteille de 1L|[Origine : FRANCE, A boire frais, Jus de pomme, Valeur énergétique en Joules :  189Kj, Valeur énergétique en Kcal : 44Kcal, Glucides : 11g, Lipides : 0g, Protides :0,1g, A conserver au réfrigérateur après ouverture]|"
2,15€ / L"|"
2,15 €"
746|Jus de pomme à base de jus concentré,                            Sans colorant ni conservateur|La brique de 1L|[Origine : FRANCE, Le jus de pomme Monoprix est à base de concentré de pommes sélectionnées parmi les meilleures origines. Garanti sans colorant ni conservateur., Bien agiter. A déguster frais., Jus de pomme à base de jus concentré., A conserver à l'abri de la chaleur et de l'humidité. Après ouverture, conserver au réfrigérateur et consommer dans les 4 jours.]|"
1,04€ / L"|"
1,04 €"
747|Monoprix bio 100% pur jus pomme framboise                        sans colorant ni conservate|La bouteille de 1 litre|[Origine : FRANCE, Jus à base de pomme et purée de framboise issus de l'agriculture biologique., Agiter avant de servir. Servir frais. Cette bouteille contient environ 5 verres de 200 ml., A conserver dans un endroit frais et sec. Après ouverture, à conserver au réfrigérateur et à consommer dans les 3 jours.]|"
2,51€ / L"|"
2,51 €"
748|Monoprix bio 100% pur jus pomme poire                            sans colorant ni conservate|La bouteille de 1 litre|[Origine : FRANCE, Jus à base de jus de pomme et de poire issus de l'agriculture biologique., Agiter avant de servir. Servir frais. Cette bouteille contient environ 5 verres de 200 ml., Jus de pomme* 75%, jus de poire* 25%. * Ingrédients issus de l'agriculture biologique., A conserver dans un endroit frais et sec. Après ouverture, à conserver au réfrigérateur et à consommer dans les 3 jours.]|"
2,51€ / L"|"
2,51 €"
749|Pur jus de pomme|La bouteille de 1L|[Origine : FRANCE, Ce jus Monoprix est élaboré à partir de pommes cueillies à pleine maturité. Ces pommes sont pressées juste après la récolte afin de garantir au jus ses qualités originelles et toute sa saveur., Agiter avant de servir. Servir frais., Jus de pomme. Ce jus ne contient ni colorant, ni conservateur. Sans sucres ajoutés., Valeur énergétique en Joules :  186Kj, Valeur énergétique en Kcal : 44Kcal, Glucides : 10,5g, Lipides : 0,1g, Protides :0,2g, A conserver à l'abri de la lumière, dans un endroit frais et sec.]|"
1,43€ / L"|"
1,43 €"
750|100% Pur Jus de Pomme Biologique, Certifi{ AB|La brique de 1L|[Origine : FRANCE, BIOPOM et un pur jus de pomme pressée issue de l'agriculture biologique. Les pommes biologiques, sélectionnées et cueillies en pleine maturité, donnent à BIOPOM toute sa saveur.BIOPOM convient parfaitement aux enfants et à toute personne qui aspire àune alimentation saine, naturelle et équilibrée., Pommes issues de l'agriculture biologique. Sans sucre ajouté, sans colorant, sans conservateur, sans jus de pomme concentré., Valeur énergétique en Joules :  189kj, Valeur énergétique en Kcal : 45kcal, Glucides : 12,9g, Lipides : 0,1g, Protides :0,1g, A consommer rapidement et à conserver au frais après l'ouverture du produit.]|"
2,77€ / L"|"
2,77 €"
751|100% Pur Jus de Pomme Biologique, Certifi{ AB|La brique de 1L|[Origine : FRANCE, BIOPOM et un pur jus de pomme pressée issue de l'agriculture biologique. Les pommes biologiques, sélectionnées et cueillies en pleine maturité, donnent à BIOPOM toute sa saveur.BIOPOM convient parfaitement aux enfants et à toute personne qui aspire àune alimentation saine, naturelle et équilibrée., Pommes issues de l'agriculture biologique. Sans sucre ajouté, sans colorant, sans conservateur, sans jus de pomme concentré., Valeur énergétique en Joules :  189kj, Valeur énergétique en Kcal : 45kcal, Glucides : 12,9g, Lipides : 0,1g, Protides :0,1g, A consommer rapidement et à conserver au frais après l'ouverture du produit.]|"
2,77€ / L"|"
2,77 €"
752|Jus de pomme à base de jus concentré|La brique de 1L|[Origine : FRANCE, Jus de pomme à base de jus concentré, acidifiant: acide citrique., Valeur énergétique en Joules :  206kj, Valeur énergétique en Kcal : 48kcal, Glucides : 12g, Lipides : -0,1g, Protides :0,1g, A conserver à température ambiante. Après ouverture à conserver au réfrigérateur et à consommer dansles 4 jours.]|"
0,63€ / L"|"
0,63 €"
755|Pur jus de pomme|La brique de 1,5L|[Origine : FRANCE, Une gamme de jus à teneur en fruits 100 % et sans sucres ajoutés qui offrira les bienfaits et le plaisir des fruits quel que soit le moment de la journée., Agiter avant d'ouvrir et servir frais., Jus de pomme à base de jus concentré., Valeur énergétique en Joules :  200Kj, Valeur énergétique en Kcal : 47Kcal, Glucides : 11,2g, Lipides : 0g, Protides :0,6g, A conserver entre +4°C et+6°C]|"
1,31€ / L"|"
1,97 €"
756|Jus de pommes à base de jus concentré|La brique de 1L|[Origine : FRANCE, Joker Le Fruit Pomme est élaboré à partir de pommes soigneusement sélectionnées pour leurs richesses aromatiques. Vous apprécierez sa saveur douce et sa fraîcheur.Avec Joker Le Fruit c'est simple : de délicieux jus de fruits à teneur en fruits 100% et sans sucres ajoutés. Une teneur garantie en vitamines C. Une forme ovale unique et pratique qui facilite la prise en main., Jus de pomme à base de jus concentré, vitamines C. Teneur en fruits : 100%. Sans sucres ajoutés., Valeur énergétique en Joules :  217kj, Valeur énergétique en Kcal : 51kcal, Glucides : 11,5g, Lipides : 0,4g, Protides :0,4g, A conserver au frais 5 jours  après ouverture. Refermer  après usage.]|"
1,74€ / L"|"
1,74 €"
757|Jus de pomme|La bouteille de 75cl|[Origine : FRANCE]|"
4,56€ / L"|"
3,42 €"
758|Nectar de pomme à base de jus, certifié AB|La brique de 1,5L|[Origine : FRANCE, Certifié agriculture biologique. Au sucre de canne bio. Recette conçue pour toute la famille : bon goût de fruits doux. Des parfums qui plaisent à tous., Agiter avant d'ouvrir. Servir frais., Jus de pomme à base de concentré**, purée de pomme**, eau**, sucre**, acidifiant : acide citrique. **produits issus de l'agriculture biologique., Valeur énergétique en Joules :  204Kj, Valeur énergétique en Kcal : 48Kcal, Glucides : 11,4g, Lipides : 0g, Protides :0,6g, Après ouverture, se conserve 5 jours au réfrigérateur (entre +4°C et +6°C).]|"
1,62€ / L"|"
2,43 €"
759|Nectar de pomme à base de jus, certifié AB|La brique de 1,5L|[Origine : FRANCE, Certifié agriculture biologique. Au sucre de canne bio. Recette conçue pour toute la famille : bon goût de fruits doux. Des parfums qui plaisent à tous., Agiter avant d'ouvrir. Servir frais., Jus de pomme à base de concentré**, purée de pomme**, eau**, sucre**, acidifiant : acide citrique. **produits issus de l'agriculture biologique., Valeur énergétique en Joules :  204Kj, Valeur énergétique en Kcal : 48Kcal, Glucides : 11,4g, Lipides : 0g, Protides :0,6g, Après ouverture, se conserve 5 jours au réfrigérateur (entre +4°C et +6°C).]|"
1,62€ / L"|"
2,43 €"
760|Jus de Pomme, 100% pur jus, pommes du Val de Loire|La bouteille de 1L|[Origine : FRANCE, Tropicana a sélectionné de délicieux fruits du verger 100% produits, pressés et conditionnés en France. Célèbre pour ses châteaux, le Val de Loire l'est aussi pour la richesse de ses vergers, favorisés par un climat tempéré et par un terroir de qualité. Pour vous offrir un jus de pommes riche en arômes, à la fois sucré et acidulé, délicieusement fruité !, Bien secouer avant d'ouvrir., * SOUS RESERVE DE MODIFICATION DE TARIFAIRE * TARIF APPLICABLE AU 02/01/2012, Valeur énergétique en Joules :  197kj, Valeur énergétique en Kcal : 47kcal, Glucides : 10,9g, Lipides : 0g, Protides :0,1g, A conserver au réfrigérateur et à consommer dans les cinq jours suivant l'ouverture.]|"
3,00€ / L"|"
3,00 €"
761|Jus de pommes douces, sans sucres ajoutés|La bouteille de 1l|[Origine : FRANCE, Pour vous offrir un jus de pomme toujours plus savoureux, cette nouvelle recette a été élaborée pour moitié avec le jus de délicieuses pommes Pink Lady., Jus de pomme (dont 50% jus de Pink Lady), anti-oxydant : acide ascorbique. Sans sucres ajoutés*. *Sucres naturellement présents dans les fruits., Valeur énergétique en Joules :  197kj, Valeur énergétique en Kcal : 47kcal, Glucides : 11,2g, Lipides : 0g, Protides :0,1g, A conserver au réfrigérateur et à consommer dans les 5 jours suivant l'ouverture.]|"
2,32€ / L"|"
2,32 €"
762|Pur jus de pommes|La bouteille de 1L|[Origine : FRANCE]|"
2,74€ / L"|"
2,74 €"
763|Pur jus de pommes|La bouteille de 1L|[Origine : FRANCE]|"
2,74€ / L"|"
2,74 €"
764|100% pur jus ananas, sans colorant ni conservateur.|La bouteille de 1L|[Origine : FRANCE, Ce jus Monoprix est élaboré à partir d'ananas cueillis à pleine maturité. Ces ananas sont pressés juste après la récolte afin de garantir au jus ses qualités originelles et toute sa saveur., Agiter avant de servir. Servir frais., Jus d'ananas. Ce jus ne contient ni colorant, ni conservateur. Sans sucres ajoutés., Valeur énergétique en Joules :  207kj, Valeur énergétique en Kcal : 49kcal, Glucides : 11,6g, Lipides : 0,1g, Protides :0,3g, A conserver à l'abri de la lumière, dans un endroit frais et sec.]|"
1,91€ / L"|"
1,91 €"
765|100% pur jus de clémentine, sans sucres ajoutés|La bouteille de 1L|[Origine : FRANCE, Ce jus Monoprix est élaboré à partir de clémentines cueillies à pleine maturité. Ces clémentines sont pressées juste après la récolte afin de garantir au jus ses qualités originelles et toute sa saveur., Agiter avant de servir. Servir frais., Pur Jus de clémentine, vitamine C, Valeur énergétique en Joules :  212Kj, Valeur énergétique en Kcal : 50Kcal, Glucides : 11,7g, Lipides : 0,1g, Protides :O,6g, A conserver à l'abri de la lumière, dans un endroit frais et sec.]|"
1,91€ / L"|"
1,91 €"
766|100% pur jus raisin blanc muscaté|La bouteille de 1L|[Origine : FRANCE, Ce jus Monoprix est élaboré à partir de raisins cueillis à pleine maturité. Ces raisins sont pressés juste après la récolte afin de garantir au jus ses qualités originelles et toute sa saveur., Agiter avant de servir. Servir frais., Jus de raisin blanc et muscat 15%. Ce jus ne contient ni colorant, ni conservateur. Sans sucres ajoutés., Valeur énergétique en Joules :  276Kj, Valeur énergétique en Kcal : 65Kcal, Glucides : 15,1g, Lipides : 0,3g, Protides :0,6g, A conserver à l'abri de la lumière, dans un endroit frais et sec. L'apparition de cristaux de tartre dans ce produit est un phénomène naturel provoqué par la conservation au froid.]|"
2,25€ / L"|"
2,25 €"
767|Boisson gazeuse light pamplemousse citron|La bouteille de 1L|[Origine : FRANCE, Boisson rafraîchissante gazéifiée au jus de fruits à base de concentrés saveur citron pamplemousse avec édulcorants., Servir frais., Eau gazéifiée, jus d'agrumes à base de concentrés 4% (citron 3,4%, orange, pamplemousse 0,005%), acidifiant : acide citrique, arôme naturel d'agrumes avec autres arômes naturels, édulcorants : acésulfame-k, sucralose, stabilisant : E445, colorant E142., Valeur énergétique en Joules :  0kj, Valeur énergétique en Kcal : 0kcal, Glucides : traces, Lipides : 0g, Protides :0g, Avant ouverture, à conserver dans un endroit propre et sec, à l'abri de la chaleur et de la lumière. Après ouverture, à conserver au frais et à consommer rapidement.]|"
1,15€ / L"|"
1,15 €"
768|Boisson pomme cassis à l'eau de source sans conservateur|La bouteille plastique de 2L|[Origine : FRANCE, Boisson au jus de fruits à base de concentrés aromatisée pomme cassis., Servir frais. Agiter avant d'ouvrir., Avant ouverture, à conserver dans un endroit frais, à l'abri de la lumière et de l'humidité. Après ouverture, à conserver au réfrigérateur et à consommer sous 5 jours.]|"
0,74€ / L"|"
1,47 €"
769|Eau de coco, stérilisée, uht|La brik de 50cl|[Origine : FRANCE, Issue de la noix de coco verte, l'eau de coco est une boisson à déguster fraîche pour une meilleure désaltération., Agiter avant ouverture. Servir frais. L'aspect trouble du produit est naturel., Eau de coco 100% naturelle stérilisée UHT., Valeur énergétique en Joules :  71kj, Valeur énergétique en Kcal : 139kcal, Glucides : 3,8g, Lipides : 0g, Protides :0,3g, A conserver à l'abri de la lumière et dans une endroit sec. A conserver à température ambiante avant ouverture. Après ouverture, se conserve 2 jours au réfrigérateur.]|"
3,94€ / L"|"
1,97 €"
770|Jus d'ananas à base de jus concentré|La brique de 1L|[Origine : FRANCE, Le jus d'ananas MONOPRIX est à base de concentré d'ananas sélectionnés parmi les meilleures origines. Il est garanti sans conservateur conformément à la réglementation et sans sucres ajoutés., Bien agiter. A déguster frais., Jus d'ananas à base de jus d'ananas concentré., Valeur énergétique en Joules :  230Kj, Valeur énergétique en Kcal : 54Kcal, Glucides : 13g, Lipides : 0,1g, Protides :0,3g, Après ouverture, conserver au réfrigérateur et consommer rapidement.]|"
1,01€ / L"|"
1,01 €"
771|Jus de pamplemousse blanc, 100% pur jus, certifié AB|La bouteille de 1L|[Origine : FRANCE, A boire frais., Jus de pamplemousse*. *Issus de l'agriculture biologique., Valeur énergétique en Joules :  175kj, Valeur énergétique en Kcal : 41kcal, Glucides : 10g, Lipides : 0,1g, Protides :0,1g, A conserver au réfrigérateur après ouverture.]|"
2,64€ / L"|"
2,64 €"
772|Jus de pamplemousse blanc, 100% pur jus, certifié AB|La bouteille de 1L|[Origine : FRANCE, A boire frais., Jus de pamplemousse*. *Issus de l'agriculture biologique., Valeur énergétique en Joules :  175kj, Valeur énergétique en Kcal : 41kcal, Glucides : 10g, Lipides : 0,1g, Protides :0,1g, A conserver au réfrigérateur après ouverture.]|"
2,64€ / L"|"
2,64 €"
773|Jus de pamplemousse rose à base de jus concenté, sans sucres ajoutés|La brique de 1L|[Origine : FRANCE, Sans colorant ni conservateur conformément à la réglementation, un verre de 200 ml de jus de pamplemousse rose couvre 75% de l'apport journalier recommandé en vitamine C., Bien agiter. A déguster frais., Jus de pamplemousse à base de jus le pamplemousse concentré, vitamine C., Valeur énergétique en Joules :  171Kj, Valeur énergétique en Kcal : 40Kcal, Glucides : 9,3g, Lipides : 0,1g, Protides :0,5g, A conserver à l'abri de la chaleur et de l'humidité. Après ouverture, conserver au réfrigérateur et consommer dans les 4 jours.]|"
1,08€ / L"|"
1,08 €"
774|Jus de pruneau, sans sucres ajoutés, certifié AB|La bouteille de 1L|[Origine : FRANCE, A boire frais., Jus de pruneau réhydraté*. *Issus de l'agriculture biologique. Sans sucres ajoutés., Valeur énergétique en Joules :  364Kj, Valeur énergétique en Kcal : 86kcal, Glucides : 21g, Lipides : 0g, Protides :0,4g, A conserver au réfrigérateur après ouverture.]|"
2,62€ / L"|"
2,62 €"
775|Jus de pruneau, sans sucres ajoutés, certifié AB|La bouteille de 1L|[Origine : FRANCE, A boire frais., Jus de pruneau réhydraté*. *Issus de l'agriculture biologique. Sans sucres ajoutés., Valeur énergétique en Joules :  364Kj, Valeur énergétique en Kcal : 86kcal, Glucides : 21g, Lipides : 0g, Protides :0,4g, A conserver au réfrigérateur après ouverture.]|"
2,62€ / L"|"
2,62 €"
776|Jus multifruits à base de jus concentrés et de purées de fruits|La brique de 1L|[Origine : FRANCE, Jus multifruits à base de jus concentrés et de purées de fruits., Bien agiter avant consommation. Servir frais., Jus multifruits à base de jus concentrés et de purées de fruits (pomme 53%, ananas 33%, orange 7,6%, mangue 3,2%, banane 0,8%, fruit de la passion 0,7%, abricot 0,1%). Sans colorant ni conservateur., Valeur énergétique en Joules :  214kj, Valeur énergétique en Kcal : 50kcal, Glucides : 12g, Lipides : 0g, Protides :0,6g, A conserver à l'abri de la chaleur et de l'humidité. Après ouverture, à conserver au réfrigérateur et à consommer dans les 4 jours.]|"
1,16€ / L"|"
1,16 €"
777|Nectar gourmand abricot origine provence|La bouteille de 1 litre|[Origine : FRANCE, Le nectar d'abricot Monoprix Gourmet est élaboré à partir de fruits spécialement sélectionnés pour leurs origines afin de vous restituer toutes leurs qualités gustatives., Agiter avant dégustation. Servir frais., Eau, purée d'abricot, sucre, antioxydant : acide ascorbique. Teneur en fruits : 40% minimum., A conserver dans un endroit sec à l'abri de la lumière et de la chaleur. A consommer rapidement après ouverture.]|"
2,32€ / L"|"
2,32 €"
778|Nectar gourmand fraise variété Senga|La bouteille de 1 litre|[Origine : FRANCE, Le nectar de fraise Monoprix Gourmet est élaboré à partir de fruits spécialement sélectionnés pour leurs variétés afin de vous restituer toutes leurs qualités gustatives., Agiter avant dégustation. Servir frais., Eau, purée de fraise Senga, sucre, concentré de sureau, acidifiant : acide citrique, antioxydant : acide ascorbique. Teneur en fruits : 40% minimum., A conserver dans un endroit sec à l'abri de la lumière et de la chaleur. A consommer rapidement après ouverture.]|"
2,31€ / L"|"
2,31 €"
779|Nectar gourmand goyave origine Brésil|La bouteille de 1 litre|[Origine : FRANCE, Le nectar de goyave Monoprix Gourmet est élaboré à partir de fruits spécialement sélectionnés pour leurs origines afin de vous restituer toutes leurs qualités gustatives., Agiter avant dégustation. Servir frais., Eau, purée de goyave, sucre, acidifiant : acide citrique, antioxydant : acide ascorbique. Teneur en fruits : 35% minimum., A conserver dans un endroit sec à l'abri de la lumière et de la chaleur. A consommer rapidement après ouverture.]|"
2,32€ / L"|"
2,32 €"
780|Nectar gourmand mangue origine Pérou|La bouteille de 1 litre|[Origine : FRANCE, Le nectar de mangue Monoprix Gourmet est élaboré à partir de fruits spécialement sélectionnés pour leurs origines afin de vous restituer toutes leurs qualités gustatives., Agiter avant dégustation. Servir frais., Eau, purée de mangue, sucre, acidifiant : acide citrique, antioxydant : acide ascorbique. Teneur en fruits : 35% minimum., A conserver dans un endroit sec à l'abri de la lumière et de la chaleur. A consommer rapidement après ouverture.]|"
2,31€ / L"|"
2,31 €"
781|Nectar gourmand poire variété Williams|La bouteille de 1 litre|[Origine : FRANCE, Le nectar de poire Monoprix Gourmet est élaboré à partir de fruits spécialement sélectionnés pour leurs variétés afin de vous restituer toutes leurs qualités gustatives., Agiter avant dégustation. Servir frais., Purée de poire Williams, eau, sucre, acidifiant : acide citrique, antioxydant : acide ascorbique. Teneur en fruits : 50% minimum., A conserver dans un endroit sec à l'abri de la lumière et de la chaleur. A consommer rapidement après ouverture.]|"
2,32€ / L"|"
2,32 €"
782|Pur jus d'ananas du Costa Rica|La brique de 1L|[Origine : FRANCE, Jus d'ananas., Agiter avant d'ouvrir et servir frais., Jus d'ananas. Sans sucres ajoutés. Ne contient ni colorant, ni conservateur., Valeur énergétique en Joules :  213kj, Valeur énergétique en Kcal : 50kc, Glucides : 12g, Lipides : 0g, Protides :0,5g, Avant ouverture, conserver à température ambiante. Après ouverture, conserver au réfrigérateur et consommer dans les 5 jours.]|"
2,02€ / L"|"
2,02 €"
783|Pur jus de pamplemousse blanc|La bouteille de 1L|[Origine : FRANCE, Valeur énergétique en Joules :  160kj, Valeur énergétique en Kcal : 38kcal, Glucides : 8,5g, Lipides : 0,1g, Protides :0,6g]|"
1,91€ / L"|"
1,91 €"
784|Pur jus de pamplemousse rose de Floride, sans sucres ajoutés|La brique de 1L|[Origine : FRANCE, Jus de pamplemousse rose, naturellement source de vitamine C., Agiter avant d'ouvrir et servir frais., Valeur énergétique en Joules :  162, Valeur énergétique en Kcal : 38, Glucides : 9, Lipides : 0, Protides :0.5, Avant ouverture, conserver à température ambiante. Après ouverture, conserver au réfrigérateur et consommer dans les 5 jours.]|"
2,02€ / L"|"
2,02 €"
785|Pur Jus de raisin, 100% pur jus, certifié AB|Le bouteille de 1L|[Origine : FRANCE, A boire frais., Jus de raisin*.*issus de l'agriculture biologique., Valeur énergétique en Joules :  291kj, Valeur énergétique en Kcal : 68kcal, Glucides : 17g, Lipides : 0g, Protides :0,1g, A conserver au réfrigérateur après ouverture.]|"
3,12€ / L"|"
3,12 €"
786|Pur Jus de raisin, 100% pur jus, certifié AB|Le bouteille de 1L|[Origine : FRANCE, A boire frais., Jus de raisin*.*issus de l'agriculture biologique., Valeur énergétique en Joules :  291kj, Valeur énergétique en Kcal : 68kcal, Glucides : 17g, Lipides : 0g, Protides :0,1g, A conserver au réfrigérateur après ouverture.]|"
3,12€ / L"|"
3,12 €"
787|Pur jus de raisin rouge Italie, sans sucres ajoutés|La brique de 1L|[Origine : FRANCE, Jus de raisin., Agiter avant d'ouvrir et servir frais., Valeur énergétique en Joules :  272, Valeur énergétique en Kcal : 64, Glucides : 16, Lipides : 0, Protides :0, Avant ouverture, conserver à température ambiante. Après ouverture, conserver au réfrigérateur et consommer dans les 5 jours.]|"
2,52€ / L"|"
2,52 €"
788|Pur jus multifruits|La bouteille de 1,5L|[Origine : FRANCE]|"
1,73€ / L"|"
2,59 €"
789|Pur jus de poire biologique|La brique de 1L|[Origine : FRANCE]|"
2,29€ / L"|"
2,29 €"
790|Pur jus de poire biologique|La brique de 1L|[Origine : FRANCE]|"
2,29€ / L"|"
2,29 €"
791|jus cranberry raisin|La bouteille de 50 cl|[Origine : ALLEMAGNE]|"
10,56€ / L"|"
5,28 €"
792|jus cranberry raisin|La bouteille de 50 cl|[Origine : ALLEMAGNE]|"
10,56€ / L"|"
5,28 €"
793|Jus de pruneaux, certifié AB|La bouteille de 75cl|[Origine : FRANCE, Nouvelle recette, plus fruitée. Elaboré à partir de pruneaux biologiques, sans sucres ajoutés, ce délicieux jus est naturellement doux et velouté., Le jus de pruneaux Bjorg se déguste frais à tout moment de la journée. Bien agiter avant de servir., *Pruneaux d'Agen 30%, eau. *Ingrédient d'origine agricole obtenu selon les règles de la production biologique. Contient des sucres naturellement présents dans les fruits., Valeur énergétique en Joules :  326, Valeur énergétique en Kcal : 77,9, Glucides : 18,8, Lipides : 0, Protides :0,3, A conserver au frais après ouverture et à consommer rapidement.]|"
5,63€ / L"|"
4,22 €"
794|Jus de pruneaux, certifié AB|La bouteille de 75cl|[Origine : FRANCE, Nouvelle recette, plus fruitée. Elaboré à partir de pruneaux biologiques, sans sucres ajoutés, ce délicieux jus est naturellement doux et velouté., Le jus de pruneaux Bjorg se déguste frais à tout moment de la journée. Bien agiter avant de servir., *Pruneaux d'Agen 30%, eau. *Ingrédient d'origine agricole obtenu selon les règles de la production biologique. Contient des sucres naturellement présents dans les fruits., Valeur énergétique en Joules :  326, Valeur énergétique en Kcal : 77,9, Glucides : 18,8, Lipides : 0, Protides :0,3, A conserver au frais après ouverture et à consommer rapidement.]|"
5,63€ / L"|"
4,22 €"
795|Pur jus mure myrtille bio|La brik de 75cl|[Origine : ALLEMAGNE, Jus de pomme* (70%), de raisin noir* (15%), de mÛre* (10%) et de myrtille* (5%), Valeur énergétique en Joules :  205kj, Valeur énergétique en Kcal : 48kcal, Glucides : 11,5g, Lipides : 0g, Protides :0g]|"
4,60€ / L"|"
3,45 €"
796|Pur jus mure myrtille bio|La brik de 75cl|[Origine : ALLEMAGNE, Jus de pomme* (70%), de raisin noir* (15%), de mÛre* (10%) et de myrtille* (5%), Valeur énergétique en Joules :  205kj, Valeur énergétique en Kcal : 48kcal, Glucides : 11,5g, Lipides : 0g, Protides :0g]|"
4,60€ / L"|"
3,45 €"
799|Boisson aux jus de fruits et à l'eau de source enrichie en vitamines|Les 10 mini poches de 20cl|[Origine : FRANCE, Découvrez Capri-Sun, la boisson tout terrain. Capri-Sun a soigneusement sélectionné pour vous des fruits gorgés de soleil. Capri-Sun, un goût unique à déguster par tous et partout.Parfait pour les activités de vos enfants. Facile à transporter et à ouvrir, un emballage idéal pour les enfants qui bougent., Eau de source  sucre  jus de fruits à base de concentré (12%): citron (4,4%), orange (4%), pomme (1,5%), pamplemousse (0,7%), ananas (0,6%), banane (0,4%), kiwi (0,2%), fruits de la passion (0,1%), citron vert  vitamines C,B3,E,B6,B1,B8,B12  sirop deglucose-fructose  antioxydant: acide ascorbique  aromes naturels, Valeur énergétique en Joules :  164, Valeur énergétique en Kcal : 38,6, Glucides : 9,4, conserver entre 0 et 35 C et à l'abri de la lumière.   Conserver à l?abri du soleil, de la chaleur et du gel dans un endroit propre, sec et sans odeur]|"
1,96€ / L"|"
3,91 €"
800|Boisson Mojito|La bouteille de 1L|[Origine : FRANCE, Reconnue par les professionnels du bar, Caraïbos offre une palette de saveurs exotiques et originales riches en goûts et en couleurs pour sublimer les cocktails avec ou sans alcool., Bien agiter avant de servir., Eau, jus à base de concentré de citron vert, sucre, arômes naturels : menthe, citron, antioxydant : acide ascorbique. Teneur en fruits 14% minimum., Conserver au réfrigérateur et consommer dans les 5 jours suivant l'ouverture.]|"
2,75€ / L"|"
2,75 €"
801|Boisson Mojito|La bouteille de 1L|[Origine : FRANCE, Reconnue par les professionnels du bar, Caraïbos offre une palette de saveurs exotiques et originales riches en goûts et en couleurs pour sublimer les cocktails avec ou sans alcool., Bien agiter avant de servir., Eau, jus à base de concentré de citron vert, sucre, arômes naturels : menthe, citron, antioxydant : acide ascorbique. Teneur en fruits 14% minimum., Conserver au réfrigérateur et consommer dans les 5 jours suivant l'ouverture.]|"
2,75€ / L"|"
2,75 €"
802|Boisson Mojito|La bouteille de 1L|[Origine : FRANCE, Reconnue par les professionnels du bar, Caraïbos offre une palette de saveurs exotiques et originales riches en goûts et en couleurs pour sublimer les cocktails avec ou sans alcool., Bien agiter avant de servir., Eau, jus à base de concentré de citron vert, sucre, arômes naturels : menthe, citron, antioxydant : acide ascorbique. Teneur en fruits 14% minimum., Conserver au réfrigérateur et consommer dans les 5 jours suivant l'ouverture.]|"
2,75€ / L"|"
2,75 €"
803|Nectar de fruits de la passion|La bouteille de 1L|[Origine : FRANCE, Nectar de fruit de la passion., Bien agiter avant de servir. A consommer bien frais, purs ou en cocktails., Eau, jus de fuit de la passion, sucre, épaississant : pectine de fruit, antioxydant : acide ascorbique. Teneur en fruits 25% minimum., Conserver au réfrigérateur et consommer dans les 5 jours suivant l'ouverture.]|"
2,75€ / L"|"
2,75 €"
804|Nectar de fruits de la passion|La bouteille de 1L|[Origine : FRANCE, Nectar de fruit de la passion., Bien agiter avant de servir. A consommer bien frais, purs ou en cocktails., Eau, jus de fuit de la passion, sucre, épaississant : pectine de fruit, antioxydant : acide ascorbique. Teneur en fruits 25% minimum., Conserver au réfrigérateur et consommer dans les 5 jours suivant l'ouverture.]|"
2,70€ / L"|"
2,70 €"
805|Nectar Planteur des Iles|La bouteille de 1L|[Origine : FRANCE, Reconnue par les professionnels du bar, Caraïbos offre une palette de saveurs exotiques et originales riches en goûts et en couleurs pour sublimer tous les cocktails avec ou sans alcool., Bien agiter avant de servir. A consommer bien frais pur ou en cocktails., Eau, jus à base de concentrés et de purées : ananas (20%), orange, mangue (7%), banane, abricot, fruit de la passion (2%), goyave, papaye, citron, kiwi, sucre. Teneur en fruits 50% minimum., Conserver au réfrigérateur et consommer dans les 5 jours suivant l'ouverture.]|"
2,75€ / L"|"
2,75 €"
806|Nectar Planteur des Iles|La bouteille de 1L|[Origine : FRANCE, Reconnue par les professionnels du bar, Caraïbos offre une palette de saveurs exotiques et originales riches en goûts et en couleurs pour sublimer tous les cocktails avec ou sans alcool., Bien agiter avant de servir. A consommer bien frais pur ou en cocktails., Eau, jus à base de concentrés et de purées : ananas (20%), orange, mangue (7%), banane, abricot, fruit de la passion (2%), goyave, papaye, citron, kiwi, sucre. Teneur en fruits 50% minimum., Conserver au réfrigérateur et consommer dans les 5 jours suivant l'ouverture.]|"
2,75€ / L"|"
2,75 €"
807|Pina Colada|La bouteille de 1L|[Origine : FRANCE]|"
2,75€ / L"|"
2,75 €"
808|Pina Colada|La bouteille de 1L|[Origine : FRANCE]|"
2,75€ / L"|"
2,75 €"
809|Fruite 5 superfruits 1L|La brique de 1L|[Origine : FRANCE, Les Superfruits sont reconnus pour leur richesse nutritionnelle. Ils représentent notamment une excellente source naturelle de vitamines. Rafraichissante et ronde ! Laissez-vous surprendre par l'alliance délicate de 5 superfruits pour un moment de gourmandise acidulé et léger., Agiter avant d'ouvrir et servir frais., Eau, sucre, jus de fruits Å base de concentrÍs (raisin rouge, cranberry, grenade, cassis, myrtille), acidifiant : acide citrique, ar«me naturel., Valeur énergétique en Joules :  148 kj, Valeur énergétique en Kcal : 35 kcal, Glucides : 8,1 g, Lipides : traces, Protides :0,6 g, Après ouverture, se conserve 5 jours au réfrigérateur (entre +4°C et +6°C).]|"
2,01€ / L"|"
2,01 €"
810|Cranberry, Superfruits, Boisson aux fruits à base de jus de cranberry concentré|La brique de 1L|[Origine : FRANCE, Les superfruits sont reconnus pour leur richesse nutritionnelle et en particulier en antioxydants. Teneur en fruits : 15% minimum., Agiter avant d'ouvrir et servir frais., Ingrédients : eau, sucre, jus de cranberry à base de jus concentré, acidifiant : acide citrique, Vitamine C, Valeur énergétique en Joules :  179, Valeur énergétique en Kcal : 42, Glucides : 9,9, Protides :0,6, A consommer de préférence avant la date indiquée sur le dessus de la brique. AprÈs ouverture, se conserve 4 jours au réfrigérateur (entre +4° C et +6° C)]|"
1,89€ / L"|"
1,89 €"
811|pur jus de citron bio|bouteille en verre de 50cl|[Origine : FRANCE, Agiter avant de servir. Pour une utilisation optimale, nous vous conseillons de rincer le goulot après utilisation. Assaisonnement pour grillades, marinades, salades ou dans les boissons : cocktails, citronnades, thés. Le dépôt est naturel., Jus de citron issu de l'agriculture biologique., Valeur énergétique en Joules :  160kj, Valeur énergétique en Kcal : 38kcal, Glucides : 8,3g, Lipides : 0,3g, Protides :0,3g, Après ouverture, conserver au frais et consommer dans les 3 semaines.]|"
6,16€ / L"|"
3,08 €"
812|pur jus de citron bio|bouteille en verre de 50cl|[Origine : FRANCE, Agiter avant de servir. Pour une utilisation optimale, nous vous conseillons de rincer le goulot après utilisation. Assaisonnement pour grillades, marinades, salades ou dans les boissons : cocktails, citronnades, thés. Le dépôt est naturel., Jus de citron issu de l'agriculture biologique., Valeur énergétique en Joules :  160kj, Valeur énergétique en Kcal : 38kcal, Glucides : 8,3g, Lipides : 0,3g, Protides :0,3g, Après ouverture, conserver au frais et consommer dans les 3 semaines.]|"
6,16€ / L"|"
3,08 €"
813|Pur jus de citron biologique, 100% pur fruit|la bouteille de 25cl|[Origine : FRANCE, Le jardin biologique, la vitalité naturelle. Ce délicieux jus est issu de citrons de Sicile., Pur jus de citron issu de l'agriculture biologique., Valeur énergétique en Joules :  124, Valeur énergétique en Kcal : 29,6, Glucides : 6,5, Lipides : 0,2, Protides :0,5, Après ouverture, conserver au frais et consommer dans les 3 semaines.]|"
6,92€ / L"|"
1,73 €"
814|Pur jus de citron biologique, 100% pur fruit|la bouteille de 25cl|[Origine : FRANCE, Le jardin biologique, la vitalité naturelle. Ce délicieux jus est issu de citrons de Sicile., Pur jus de citron issu de l'agriculture biologique., Valeur énergétique en Joules :  124, Valeur énergétique en Kcal : 29,6, Glucides : 6,5, Lipides : 0,2, Protides :0,5, Après ouverture, conserver au frais et consommer dans les 3 semaines.]|"
6,92€ / L"|"
1,73 €"
815|Pur jus de myrtille, 100% fruit|La bouteille de 50cl|[Origine : FRANCE, Les myrtilles utilisées pour fabriquer ce pur jus sont des fruits sauvages récoltés à la main dans des zones forestières. Pour obtenir ce pur jus, les fruits ont été simplement pressés et pasteurisés après récolte, sans aucun autre ajout., Bien agiter avant ouverture, servir frais. La présence d'un dépôt au fond de la bouteille est naturelle., 100 % myrtille, Valeur énergétique en Joules :  159kj, Valeur énergétique en Kcal : 38kcal, Glucides : 8,3g, Lipides : 0,3g, Protides :0,5g, Après ouverture, à conserver au frais et à consommer dans les 7 jours.]|"
15,12€ / L"|"
7,56 €"
816|Boisson rafraichissante riche en fruits, Cranberry|la brique de 1L|[Origine : FRANCE, Pour ce parfum Cranberry, Joker a sélectionné le meilleur des cranberries, petites baies rouges cueillies en Amérique. Vous apprécierez son goût rond et fruité, légèrement acidulé et très rafraîchissant., A boire bien frais., Jus de fruits à base de concentrés (raisin blanc 45%, cranberry 25%, eau, arômes naturels, vitamine C. Sans sucres ajoutés., Valeur énergétique en Joules :  173kj, Valeur énergétique en Kcal : 41kcal, Glucides : 8,6g, Lipides : 0,2g, Protides :0,2g, Produit conditionné sous atmosphère protectrice. A conserver au frais 5 jours après ouverture, refermer après usage.]|"
1,98€ / L"|"
1,98 €"
817|Citron et citron vert|La bouteille de 1L|[Origine : FRANCE, Une forme ovale unique et pratique qui facilite la prise en main. Des recettes spécialement développées avec des superfruits, reconnus pour leur richesse nutritionnelle et leurs bienfaits. Pour ce parfum citron-citron vert, Joker a marié avec tout son savoir faire la juste dose de citrons jaunes et de citrons verts. Vous apprécierez l'équilibre subtil de leurs parfums pour un goût légèrement acidulé et une délicieuse sensation de fraîcheur., Jus de fruits à base de concentrés (raisin blanc 60%, citron vert 6%, citron jaune 4%), eau, arôme naturel, vitamine C., Valeur énergétique en Joules :  185kj, Valeur énergétique en Kcal : 43kcal, Glucides : 9,8g, Lipides : 0,1g, Protides :0,2g, A conserver au frais 5 jours après ouverture, refermer après usage. Produit conditionné sous atmosphère protectrice.]|"
1,99€ / L"|"
1,99 €"
818|Jus de pamplemousse à base de jus concentrés, sans sucres ajoutés|La brique de 1L|[Origine : FRANCE, Joker Le Fruit Pamplemousse est un délicieux cocktail élaboré à partir des meilleurs pamplemousses roses. Vous apprécierez son goût unique et sa saveur douce.Avec Joker Le Fruit c'est simple : de délicieux jus de fruits à teneur en fruits 100% et sans sucres ajoutés. Une teneur garantie en vitamines C. Une forme ovale unique et pratique qui facilite la prise en main., Jus à base de jus concentrés : pamplemousse (74%), raisin, aronia, vitamine C. Teneur en fruits : 100%. Sans sucres ajoutés., A conserver au frais 5 jours après ouverture, refermer après usage.]|"
1,83€ / L"|"
1,83 €"
819|100% pur jus multifruits|La bouteille de 1L|[Origine : FRANCE, Ce jus Monoprix est élaboré à partir de différentes variétés de fruits cueillis à pleine maturité. Ces fruits sont pressés juste après la récolte afin de garantir au jus ses qualités originelles et toute sa saveur., Agiter avant de servir. Servir frais., Jus de fruits et purées (pomme, orange, ananas, pêche, mangue, goyave, fruits de la passion, banane, poire, abricot, citron). Ce jus ne contient ni colorant, ni conservateur., Valeur énergétique en Joules :  191Kj, Valeur énergétique en Kcal : 45Kcal, Glucides : 10,5g, Lipides : 0,1g, Protides :0,5g, A conserver à l'abri de la lumière, dans un endroit frais et sec.]|"
1,80€ / L"|"
1,80 €"
820|Boisson gazeuse light framboise grenade|La bouteille de 1L|[Origine : FRANCE, Boisson rafraîchissante gazéifiée au jus de fruits à base de concentrés saveur grenade framboise avec édulcorants., Servir frais., Eau gazéifiée, jus de fruits à base de jus concentrés 3,5% (baies de sureau, grenade 0,6%, framboise 0,4%), acidifiant : acide citrique, arômes naturels, édulcorants : acésulfame-k, sucralose., Valeur énergétique en Joules :  0kj, Valeur énergétique en Kcal : 0kcal, Glucides : traces, Lipides : 0g, Protides :0g, Avant ouverture, à conserver dans un endroit propre et sec, à l'abri de la chaleur et de la lumière. Après ouverture, à conserver au frais et à consommer rapidement.]|"
1,15€ / L"|"
1,15 €"
821|Nectar Multifruits à base de jus concentré et de purée de Fruits|La brique de 2L|[Origine : FRANCE, Bien agiter avant de servir. A consommer frais., Jus de fruits à base de jus concentrés et purées de fruits 5% (pomme, orange, banane, raisin, citron, abricot, passion, mangue, goyave, kiwi, ananas), eau, sucre, provitamine A (bêta carotène), vitamines C, E, B5 et B9., Valeur énergétique en Joules :  197kj, Valeur énergétique en Kcal : 46kcal, Glucides : 11g, Lipides : 0,1g, Protides :0,3g, Après ouverture, conserver au réfrigérateur et consommer dans les 5 jours.]|"
0,91€ / L"|"
1,82 €"
822|Pur jus de pamplemousse rose et orange de Floride, sans sucres ajoutés|La brique de 1L|[Origine : FRANCE, Jus de pamplemousse rose et d'orange, naturellement source de vitamine C., Valeur énergétique en Joules :  179kj, Valeur énergétique en Kcal : 42kcal, Glucides : 10g, Lipides : 0g, Protides :0,5g, Avant ouverture, conserver à température ambiante. Après ouverture, conserver au réfrigérateur et consommer dans les 5 jours.]|"
2,02€ / L"|"
2,02 €"
823|Jus de pomme, abricot, poire et mirabelle, 100% pur jus, certifiéAB|La brique de 1L|[Origine : FRANCE, Le pur jus de fruits du verger Biopom est issu de l'agriculture biologique.Les pommes, les abricots, les poires et les mirabelles biologiques, sélectionnés, cueillis en pleine maturité et finement mélangés donnent à Biopom toute sa saveur. Biopom convient parfaitement aux enfants et à toute personne qui aspire à une alimentation saine, naturelle et équilibrée., Pommes, poires, abricots et mirabelles issus de l'agriculture biologique. Sans sucre ajouté, sans colorant, sans conservateur, sans jus concentré., Valeur énergétique en Joules :  182kj, Valeur énergétique en Kcal : 44kcal, Glucides : 10,5g, Lipides : 0,1g, Protides :0,4g, A consommer rapidement et à conserver au frais après l'ouverture du produit.]|"
2,93€ / L"|"
2,93 €"
824|Jus de pomme, abricot, poire et mirabelle, 100% pur jus, certifiéAB|La brique de 1L|[Origine : FRANCE, Le pur jus de fruits du verger Biopom est issu de l'agriculture biologique.Les pommes, les abricots, les poires et les mirabelles biologiques, sélectionnés, cueillis en pleine maturité et finement mélangés donnent à Biopom toute sa saveur. Biopom convient parfaitement aux enfants et à toute personne qui aspire à une alimentation saine, naturelle et équilibrée., Pommes, poires, abricots et mirabelles issus de l'agriculture biologique. Sans sucre ajouté, sans colorant, sans conservateur, sans jus concentré., Valeur énergétique en Joules :  182kj, Valeur énergétique en Kcal : 44kcal, Glucides : 10,5g, Lipides : 0,1g, Protides :0,4g, A consommer rapidement et à conserver au frais après l'ouverture du produit.]|"
2,93€ / L"|"
2,93 €"
825|Pur jus de 8 superfruits|La bouteille de 50cl|[Origine : ALLEMAGNE]|"
10,06€ / L"|"
5,03 €"
826|Pur jus de 8 superfruits|La bouteille de 50cl|[Origine : ALLEMAGNE]|"
10,06€ / L"|"
5,03 €"
827|Capri-Sun, jus de fruits, goût tropical|La boite de 10 sachets de 20cl, soit 2l|[Origine : COMMUNAUT EUROPEENNE, Boisson aux jus de fruits., Ingrédients : Eau de source, sucre, jus de fruits à base de concentré 10% (citron 5.6%, orange 1.8%, fruit de la passion 1%, ananas 1%, abricot 0.6%), antioxydant (acide ascorbique), aromes naturels, Valeur énergétique en Joules :  187, Valeur énergétique en Kcal : 44, Glucides : 10,6, conserver entre 0 et 35 C et à l'abri de la lumière.   Conserver à l?abri du soleil, de la chaleur et du gel dans un endroit propre, sec et sans odeur]|"
1,85€ / L"|"
3,70 €"
828|Pressade cueillette gourmande pomme framboise fraise brique 1 l|La brique de 1L|[Origine : FRANCE, Nectar pomme fruits rouges à base de jus concentrés et purées de fruits sans sucres ajoutés., Agiter avant d'ouvrir., Jus de pommes Å base de concentrÍ 28,8%, jus de raisin Å base de concentrÍ 28%, eau , jus de framboises, eau, jus de framboises Å base de concentrÍ 9,4%, purÍe de fraises 8,2%, purÍe de framboises 6,5%, Conserver à l'abri de la lumière et de la chaleur. A conserver au frais après ouverture et consommer dans les 5 jours.]|"
2,04€ / L"|"
2,18 €"
829|Nectar cueillette gourmande orange nectarine abricot|La brique de 1L|[Origine : FRANCE, Nectar multifruits à base de jus concentrés et purées de fruits sans sucres ajoutés., Agiter avant ouverture., Jus d'oranges Å base de concentrÍ 40,3%, purÍe de nectarines 21,2%, eau, purÍe d'abricots 14,5%, jus de raisin Å base de concentrÍ 9,7%, Conserver à l'abri de la lumière et de la chaleur. A conserver au frais après ouverture et consommer dans les 5 jours.]|"
2,04€ / L"|"
2,18 €"
830|100% pur jus multifruit, sans sucres ajoutés|La bouteille de 1,5L|[Origine : FRANCE, Valeur énergétique en Joules :  200kj, Valeur énergétique en Kcal : 47kcal, Glucides : 10,7g, Lipides : 0,3g, Protides :0,5g]|"
2,17€ / L"|"
3,25 €"
831|Grenade et framboise|La bouteille de 1L|[Origine : FRANCE, Valeur énergétique en Joules :  163kj, Valeur énergétique en Kcal : 38kcal, Glucides : 8,3g, Lipides : 0,2g, Protides :0,3g]|"
1,99€ / L"|"
1,99 €"
832|Jus Multifruit|La bouteille de 1,5L|[Origine : FRANCE]|"
1,81€ / L"|"
2,71 €"
833|Jus multifruit à base de jus et purées concentrés|La brique de 1L|[Origine : FRANCE, De délicieux jus de fruits à teneur en fruits 100% et sans sucres ajoutés. Une teneur garantie en vitamine C. Une forme ovale unique et pratique qui facilite la prise en main., Jus et purées à base de concentrés de : pomme, orange, passion, mangue, ananas, banane, abricot, vitamines C. Sans sucres ajoutés*. *Contient les sucres naturellement présents dans les fruits., Valeur énergétique en Joules :  215Kj, Valeur énergétique en Kcal : 51Kcal, Glucides : 11,5g, Lipides : 0,3g, Protides :0,5g, A conserver au frais 5 jours après ouverture, refermer après usage. Produit conditionné sous atmosphère protectrice.]|"
1,53€ / L"|"
1,53 €"
834|Pur jus multifruit|La brique de 2L|[Origine : FRANCE, Avec le nouveau Jocker 100% Pur Jus Multifruit, découvrez l'onctuosité de la banane et de la pêche associée à l'exotisme de la mangue et à la douceur de l'ananas.Une nouvelle recette plus savoureuse dévoilant toute la volupté des fruits. Source de vitamine C., Bien agiter avant de servir., Jus et purées de : pomme, pêche, banane, ananas, mangue, orange, pomelo, passion, abricot, vitamine C. Sans sucres ajoutés. Sans conservateurs., Pour une saveur optimale, Joker 100% Pur Jus doit être conservé au réfrigérateur et consommer dans les 5 jours après l'ouverture.]|"
1,95€ / L"|"
3,89 €"
835|Pur jus velours cocktail de fruits|La bouteille de 1L|[Origine : FRANCE]|"
2,47€ / L"|"
2,47 €"
836|100 % Multifruits|La brique de 1,5L|[Origine : FRANCE, Fruité a sélectionné pour vous le meilleur des fruits. L'élaboration de ce jus a fait l'objet d'une attention particulière pour en préserver toutes les qualités et les saveurs. Idéal pour toute la famille, Maxi Fruité conjugue qualité et convivialitégrâce à son format 1,5L. Sans sucres ajoutés*, le jus Multifruits Fruité ne contient ni colorant, ni conservateur conformément à la réglementation., Agiter avant d'ouvrir et servir frais., Jus de fruits à base de jus et purées concentrés de fruits (pomme, orange, mandarine, raisin, ananas, poire, fruits de la passion, citron, banana, goyave, mangue, pêche, papaye), vitamines :C, PP, E, B5, provitamine A, B6, B1, B2, B9, B8., Valeur énergétique en Joules :  199Kj, Valeur énergétique en Kcal : 47Kcal, Glucides : 11,1g, Lipides : 0,1g, Protides :0,6g, Après ouverture, se conserve 5 jours au réfrigérateur (entre +4°C et 6°C).]|"
1,29€ / L"|"
1,94 €"
837|Multivitaminés tropical, Boissons multi-fruits à base de jus concentré et purée de fruits|La bouteille pet de 75cl|[Origine : FRANCE, Jus multifruits à base de jus concentrés et de purées de 12 fruits., Agiter avant ouverture., Jus concentrés de pomme (62,3%) et d'orange (10%), purées de goyave (5%) et d'abricot (5%), jus concentrés de raisin (5%), de poire (5%), d'ananas (5%) et de citron (1,5%), purées de banane (0,5%), de mangue (0,4%) et de pêche (0,2%), jus concentré de papaye (0,1%), vitamines : vitamine C, niacine, vitamine E, acide pantothénique, provitamine A, vitamine B6, vitamine B1, acide folique, biotine, vitamine B12. Sans sucres ajoutés., Valeur énergétique en Joules :  210kj, Valeur énergétique en Kcal : 49kcal, Glucides : 11,4g, Lipides : 0,1g, Protides :0,3g, A conserver au frais et à consommer dans les 3 jours suivant l'ouverture.]|"
3,33€ / L"|"
2,50 €"
838|Nectar de fruits à base de jus, de jus concentrés et de purées de fruits, certifié AB|La brique de 1,5L|[Origine : FRANCE, Au sucre de canne bio. Délicieux : recettes conçues pour toute la famille : bon goût de fruits, doux et sans pulpe. Des parfums qui plaisent à tous : orange, pomme, multifruits., Agiter avant d'ouvrir. Servir frais., Ingrédients : jus de fruits à base de jus concentrés**, jus et purées de fruits** (pomme**, orange**, ananas**, banane**, pêche**, raisin**, pamplemousse**, abricot**), eau, sucre**.  ** produits issus de l'agriculture biologique, Valeur énergétique en Joules :  208, Valeur énergétique en Kcal : 49, Glucides : 12, Protides :0,5, A consommer de préférence avant la date indiquée sur le dessus de la brique. AprÈs ouverture, se conserve 5 jours au réfrigérateur (entre +4° C et +6° C)]|"
1,67€ / L"|"
2,51 €"
839|Nectar de fruits à base de jus, de jus concentrés et de purées de fruits, certifié AB|La brique de 1,5L|[Origine : FRANCE, Au sucre de canne bio. Délicieux : recettes conçues pour toute la famille : bon goût de fruits, doux et sans pulpe. Des parfums qui plaisent à tous : orange, pomme, multifruits., Agiter avant d'ouvrir. Servir frais., Ingrédients : jus de fruits à base de jus concentrés**, jus et purées de fruits** (pomme**, orange**, ananas**, banane**, pêche**, raisin**, pamplemousse**, abricot**), eau, sucre**.  ** produits issus de l'agriculture biologique, Valeur énergétique en Joules :  208, Valeur énergétique en Kcal : 49, Glucides : 12, Protides :0,5, A consommer de préférence avant la date indiquée sur le dessus de la brique. AprÈs ouverture, se conserve 5 jours au réfrigérateur (entre +4° C et +6° C)]|"
1,67€ / L"|"
2,51 €"
840|Sirop de grenadine et orange|La bouteille de 70cl|[Origine : FRANCE, Sirop de grenadine et d'orange., 1 dose de sirop pour 7 à 10 volumes d'eau. Encore meilleur conservé au frais., Sucre, eau, jus de fruits Å base de concentrÍs 17% (citron, orange 7%, fruits rouges 2,5% : framboise, sureau, cassis, groseille), ar«mes, acidifiant : acide citrique, colorant : E120, stabilisant : E445. Contient un extrait de vanille., Valeur énergétique en Joules :  1428kj, Valeur énergétique en Kcal : 336kcal, Glucides : 84 g, Lipides : <0,1 g, Protides :<0,01 g, A conserver idéalement au frais après ouverture.]|"
4,55€ / L"|"
3,41 €"
841|Boisson aux jus de 4 fruits et de carotte, fibres ananas mangue|La bouteille plastique de 1L|[Origine : FRANCE, Ce savoureux mélange restitue harmonieusement les nuances subtiles de chacun des 5 fruits et légumes qui le composent., Jus et purée de fruits (pomme 48%, ananas 33%, mangue 7,7%, fruit de la passion), purée de carotte, fibres (inuline), vitamine C et provitamine A. Sans sucres ajoutés. Aucun ajout de sucres, ni d'eau, ni colorants ni de conservateurs. Sucres naturellement présents dans les fruits., Valeur énergétique en Joules :  233kj, Valeur énergétique en Kcal : 55kcal, Glucides : 10,8g, Lipides : 0g, Protides :0,3g, A conserver au réfrigérateur et à consommer dans les 7 jours suivant l'ouverture.]|"
3,15€ / L"|"
3,15 €"
842|Multivitamines, coktail de 12 fruits sans sucres ajoutés|La bouteille 1,5L|[Origine : FRANCE, Ce savoureux mélange restitue harmonieusement les nuances subtiles de chacun des 12 fruits qui le composent. La sélection des meilleurs fruits. Un pressage à maturité optimale.Un cocktail de vitamines : pour faire le plein de tonus et de vitalité. Tropicana associe 12 fruits et 6 vitamines dans un jus savoureux, idéal pour bien démarrer la journée., Jus et purées de fruits (orange, pomme, raisin blanc, ananas, fruit de la passion, abricot, banane, mangue, pêche, goyave, poire, citron), vitamines C, E, B6, B2, B1 et provitamine A. Sans sucres ajoutés*. *sucres naturellement présents dans les fruits., Valeur énergétique en Joules :  219Kj, Valeur énergétique en Kcal : 51Kcal, Glucides : 11,2g, Lipides : 11g, Protides :0,5g, A conserver au réfrigérateur et à consommer dans les 7 jours suivant l'ouverture.]|"
2,56€ / L"|"
3,84 €"
843|Multivitamines, Jus de 12 fruits sans sucre ajoutés|La bouteille plastique de 1L|[Origine : FRANCE, Jus d'orange. Sans sucres ajoutés*. *Sucres naturellement présents dans les fruits. Aucun ajout de sucres*, ni d'eau, ni colorants**, ni de conservateurs** ou d'additifs. **Conformément à la réglementation., Valeur énergétique en Joules :  219kj, Valeur énergétique en Kcal : 51kcal, Glucides : 11,2g, Lipides : 0g, Protides :0,5g]|"
2,94€ / L"|"
2,94 €"
844|Pamplemousse rose, 100% pur jus de pamplemousse sans sucres ajoutés|La bouteille de 1L|[Origine : FRANCE, 100% pur jus.L'engagement qualité : la sélection des meilleurs fruits, un pressage à maturité optimale, un pressage douceur unique, sans sucres ajoutés, la garantie des bienfaits nutritionnels du fruit., Jus de pamplemousse rose. Sans sucres ajoutés., Valeur énergétique en Joules :  156kj, Valeur énergétique en Kcal : 37kcal, Glucides : 7,6g, Lipides : 0g, Protides :0,5g, A conserver au réfrigérateur et à consommer dans les 7 jours suivant l'ouverture.]|"
2,78€ / L"|"
2,78 €"
845|Pur jus d'orange, d'abricot, de pomme et de mandarine|La bouteille de 1,5L|[Origine : FRANCE, Valeur énergétique en Joules :  193kj, Valeur énergétique en Kcal : 46kcal, Glucides : 9,8g, Lipides : 0g, Protides :0,8g]|"
2,69€ / L"|"
4,03 €"
846|Pur jus d'orange, de pamplemousse et d'orange sanguine sans sucres ajoutés, ruby breakfast|La bouteille de 1L|[Origine : FRANCE, 100% pur jus.L'engagement qualité : la sélection des meilleurs fruits, un pressage à maturité optimale, un pressage douceur unique, sans sucres ajoutés, la garantie des bienfaits nutritionnels du fruit., Jus d'orange, de pamplemousse rose et d'orange sanguine. Sans sucres ajoutés., Valeur énergétique en Joules :  193kj, Valeur énergétique en Kcal : 45kcal, Glucides : 9,7g, Lipides : 0g, Protides :0,8g, A conserver au réfrigérateur et à consommer dans les 7 jours suivant l'ouverture.]|"
2,84€ / L"|"
2,84 €"
847|Pur jus d'orange, pomme, ananas, fruits de la passion et purée de mangue, réveil tropique|La bouteille de 1,5L|[Origine : FRANCE, La sélection des meilleurs fruits. Un pressage à maturité optimale. Un assemblage harmonieux. Rien n'est ajouté, rien n'est enlevé. La garantie des bienfaits nutritionnels du fruit., Jus d'orange, de pomme, d'ananas, de fruits de la passion et purée de mangue., Valeur énergétique en Joules :  201kj, Valeur énergétique en Kcal : 47kcal, Glucides : 11g, Lipides : 0g, Protides :0,5g, A conserver au réfrigérateur et à consommer dans les 7 jours suivant l'ouverture.]|"
2,56€ / L"|"
3,84 €"
848|Pur jus pressé de mandarine et raisin blanc|La bouteille de 1,5L|[Origine : FRANCE, Un délicieux mélange d'orange, de mandarine et de raisin blanc, idéal pour un réveil en douceur. La sélection des meilleurs fruits. Un pressage à maturité optimale. Assemblage harmonieux., Jus d'orange, de mandarine et de raisin blanc. Sans sucres ajoutés., Valeur énergétique en Joules :  195Kj, Valeur énergétique en Kcal : 47Kcal, Glucides : 11g, Lipides : 0g, Protides :0,6g, A conserver au réfrigérateur et à consommer dans les 7 jours suivant l'ouverture.]|"
2,70€ / L"|"
4,05 €"
849|Boisson au jus de framboises cranberries et autres fruits|La brique de 1 litre|[Origine : FRANCE, Une délicieuse boisson rafraîchissante qui allie la saveur de la framboise et le caractère de la cranberry., Bien agiter avant d'ouvrir., Valeur énergétique en Joules :  70, Valeur énergétique en Kcal : 16, Glucides : 3.5, Lipides : 0, Protides :0.6, Se conserve au réfrigérateur 3 jours après ouverture.]|"
2,71€ / L"|"
2,71 €"
850|Boisson au jus de mûre baie d'açai et autres fruits|La brique de 1 litre|[Origine : FRANCE, Une délicieuse boisson rafraîchissante qui allie la saveur de la mûre et la douceur de la baie d'açaï., Bien agiter avant d'ouvrir., Valeur énergétique en Joules :  82, Valeur énergétique en Kcal : 21, Glucides : 4.2, Lipides : 0.1, Protides :0.7, Se conserve au réfrigérateur 3 jours après ouverture.]|"
2,71€ / L"|"
2,71 €"
851|Jus de carotte, 100% pur jus, certifié AB|La bouteile de 1L|[Origine : FRANCE, Se boit frais,, Pur jus de carotte issu de l'agriculture biologique., Valeur énergétique en Joules :  136Kj, Valeur énergétique en Kcal : 32Kcal, Glucides : 7,5g, Lipides : 0g, Protides :0,5g, A conserver au réfrigérateur après ouverture]|"
2,29€ / L"|"
2,29 €"
852|Jus de carotte, 100% pur jus, certifié AB|La bouteile de 1L|[Origine : FRANCE, Se boit frais,, Pur jus de carotte issu de l'agriculture biologique., Valeur énergétique en Joules :  136Kj, Valeur énergétique en Kcal : 32Kcal, Glucides : 7,5g, Lipides : 0g, Protides :0,5g, A conserver au réfrigérateur après ouverture]|"
2,29€ / L"|"
2,29 €"
853|Jus de légumes salés, certifié AB, sans sucres ajoutés|La bouteille de 1L|[Origine : FRANCE, A boire frais., Jus de légumes 97,4% (tomate*, carotte*, céleri*, betterave rouge*, concombre*, oignons*), acidifiant : jus de citron*, épices* et aromates*, sel. *Issus de l'agriculture biologique. Sans sucres ajoutés., Valeur énergétique en Joules :  92Kj, Valeur énergétique en Kcal : 22kcal, Glucides : 4,5g, Lipides : 0,1g, Protides :0,7g, A conserver au réfrigérateur après ouverture.]|"
2,52€ / L"|"
2,52 €"
854|Jus de légumes salés, certifié AB, sans sucres ajoutés|La bouteille de 1L|[Origine : FRANCE, A boire frais., Jus de légumes 97,4% (tomate*, carotte*, céleri*, betterave rouge*, concombre*, oignons*), acidifiant : jus de citron*, épices* et aromates*, sel. *Issus de l'agriculture biologique. Sans sucres ajoutés., Valeur énergétique en Joules :  92Kj, Valeur énergétique en Kcal : 22kcal, Glucides : 4,5g, Lipides : 0,1g, Protides :0,7g, A conserver au réfrigérateur après ouverture.]|"
2,52€ / L"|"
2,52 €"
855|Pur jus tomate|La bouteille de 1L|[Origine : FRANCE, Se déguste frais. Agiter avant d'ouvrir., Jus de tomate, sel (6g/l). Ce jus de tomate ne contient ni colorant, ni conservateur., Valeur énergétique en Joules :  120kj, Valeur énergétique en Kcal : 28kcal, Glucides : 5,8g, Lipides : 0,1g, Protides :0,9g, Avant ouverture : se conserve à température ambiante. Après ouverture : à conserver au réfrigérateur et à consommer rapidement.]|"
1,75€ / L"|"
1,75 €"
856|Jus de carottes, certifié AB|La bouteille de 75cl|[Origine : FRANCE, Riche en béta-carotène, le jus de carottes Bjorg participe naturellement à l'éclat de votre teint tout au long de l'année.Découvrez notre nouvelle recette plus douce, fabriquée à partir de carottes pressées juste après la récolte. Un filet de citronlui permet de conserver naturellement toutes ses qualités gustatives., A consommer frais. Bien agiter avant de servir., Jus de carotte (96%)*, jus de citron (4%)*,. *100% des ingrédients d'origine agricole ont été obtenus selon les règles de la production biologique., Valeur énergétique en Joules :  126, Valeur énergétique en Kcal : 30,1, Glucides : 6,5, Lipides : 0,2, Protides :0,5, A conserver au frais après ouverture et à consommer rapidement.]|"
4,31€ / L"|"
3,23 €"
857|Jus de carottes, certifié AB|La bouteille de 75cl|[Origine : FRANCE, Riche en béta-carotène, le jus de carottes Bjorg participe naturellement à l'éclat de votre teint tout au long de l'année.Découvrez notre nouvelle recette plus douce, fabriquée à partir de carottes pressées juste après la récolte. Un filet de citronlui permet de conserver naturellement toutes ses qualités gustatives., A consommer frais. Bien agiter avant de servir., Jus de carotte (96%)*, jus de citron (4%)*,. *100% des ingrédients d'origine agricole ont été obtenus selon les règles de la production biologique., Valeur énergétique en Joules :  126, Valeur énergétique en Kcal : 30,1, Glucides : 6,5, Lipides : 0,2, Protides :0,5, A conserver au frais après ouverture et à consommer rapidement.]|"
4,31€ / L"|"
3,23 €"
858|Jus de tomate|La bouteille de 75cl|[Origine : FRANCE]|"
4,69€ / L"|"
3,52 €"
859|Jus de légumes|La brique de 1L|[Origine : FRANCE, V8 est un jus de légumes délicieusement sain à base de 8 légumes différents, sans colorants ni agents conservateurs. Un verre V8 de 200ml équivaut à 2 portions de légumes et ainsi vous apporte la vitalité dont vous avez besoin., Jus de tomates et de légumes concentré (carottes, céleri, betteraves, persil, laitue, cresson, epinards), sel (0,75%), extrait d'épices., Valeur énergétique en Joules :  88Kj, Valeur énergétique en Kcal : 11Kcal, Glucides : 3,3g, Lipides : 0,5g, Protides :0,8g, Après ouverture, se conserve 4 Jours au réfrigérateur.]|"
2,57€ / L"|"
2,57 €"
860|Jus de légumes concentré|Les 4 boîtes de 16cl|[Origine : FRANCE, jus de tomates et de légumes concentré (carottes, céleri, betteraves, persil, laitue, cresson, épinard), sel (0,75%), extrait d'épices. Sans colorant ni agents conservateurs., Valeur énergétique en Joules :  88Kj, Valeur énergétique en Kcal : 21Kc, Glucides : 3,3g, Lipides : 0,5g, Protides :0,8g, Après ouverture, la partie non utilisée doit être versée dans un récipient, mise au réfrigérateur et consommée dans la semaine.]|"
5,23€ / L"|"
3,35 €"
861|100% pur jus de raisin issu de l'agriculture biologique|Les 6 briques de 20cl|[Origine : FRANCE, Agiter avant d'ouvrir., Jus de raisin*. *Issu de l'agriculture biologique. Sans sucres ajoutés., Valeur énergétique en Joules :  270Kj, Valeur énergétique en Kcal : 65kcal, Glucides : 16g, Lipides : 0g, Protides :0g, A conserver au réfrigérateur après ouverture.]|"
2,46€ / L"|"
2,95 €"
862|100% pur jus de raisin issu de l'agriculture biologique|Les 6 briques de 20cl|[Origine : FRANCE, Agiter avant d'ouvrir., Jus de raisin*. *Issu de l'agriculture biologique. Sans sucres ajoutés., Valeur énergétique en Joules :  270Kj, Valeur énergétique en Kcal : 65kcal, Glucides : 16g, Lipides : 0g, Protides :0g, A conserver au réfrigérateur après ouverture.]|"
2,46€ / L"|"
2,95 €"
863|Jus d'ananas à base de jus concentré|Les 4 briquettes de 20cl|[Origine : FRANCE, Bien agiter. A déguster frais., Jus d'ananas à base de jus d'ananas concentré, antioxydant : acide ascorbique., Valeur énergétique en Joules :  230Kj, Valeur énergétique en Kcal : 54Kcal, Glucides : 13g, Lipides : 0,1g, Protides :0,3g, A conserver à l'abri de la chaleur et de l'humidité. Après ouverture, conserver au réfrigérateur et consommer rapidement.]|"
1,38€ / L"|"
1,65 €"
864|Jus d'orange, 100% pur jus|Les 4 bouteilles de 20cl|[Origine : FRANCE, Jus d'orange., Se déguste frais. Agiter avant d'ouvrir., 100% pur jus orange. Ce jus ne contient ni colorant, ni conservateur. Sans sucres ajoutés., Valeur énergétique en Joules :  193, Valeur énergétique en Kcal : 46, Glucides : 10,2, Lipides : 0,2, Protides :0,7, Avant ouverture : se conserve à température ambiante. Après ouverture, à conserver au réfrigérateur et à consommer rapidement.]|"
2,56€ / L"|"
2,05 €"
865|Jus d'orange, 100% pur jus, certifié AB|Les 6 briques de 20cl|[Origine : FRANCE, Agiter avant d'ouvrir., Jus d'oranges*. *Issues de l'agriculture biologique. Sans sucres ajoutés., Valeur énergétique en Joules :  200Kj, Valeur énergétique en Kcal : 45kcal, Glucides : 11g, Lipides : 0g, Protides :0,5g, A conserver au réfrigérateur après ouverture.]|"
2,38€ / L"|"
2,86 €"
866|Jus d'orange, 100% pur jus, certifié AB|Les 6 briques de 20cl|[Origine : FRANCE, Agiter avant d'ouvrir., Jus d'oranges*. *Issues de l'agriculture biologique. Sans sucres ajoutés., Valeur énergétique en Joules :  200Kj, Valeur énergétique en Kcal : 45kcal, Glucides : 11g, Lipides : 0g, Protides :0,5g, A conserver au réfrigérateur après ouverture.]|"
2,38€ / L"|"
2,86 €"
867|Jus d'orange à base de jus concentré, sans colorant ni conservateur|Les 6 briques de 20cl|[Origine : FRANCE, Bien agiter. A déguster frais., Jus d'orange à base de jus d'orange concentré., Valeur énergétique en Joules :  209Kj, Valeur énergétique en Kcal : 49Kcal, Glucides : 11g, Lipides : 0,2g, Protides :0,7g, A conserver à l'abri de la chaleur et de l'humiidté. Après ouverture, conserver au réfrigérateur et à consommer rapidement.]|"
1,27€ / L"|"
1,53 €"
868|Jus de pomme, 100% pur jus, certifié AB|Les 6 briques de 20cl|[Origine : FRANCE, Agiter avant d'ouvrir., Jus de pomme*. *Issues de l'agriculture biologique. Sans sucres ajoutés., Valeur énergétique en Joules :  190Kj, Valeur énergétique en Kcal : 45kcal, Glucides : 11g, Lipides : 0g, Protides :0g, A conserver au réfrigérateur après ouverture.]|"
2,38€ / L"|"
2,86 €"
869|Jus de pomme, 100% pur jus, certifié AB|Les 6 briques de 20cl|[Origine : FRANCE, Agiter avant d'ouvrir., Jus de pomme*. *Issues de l'agriculture biologique. Sans sucres ajoutés., Valeur énergétique en Joules :  190Kj, Valeur énergétique en Kcal : 45kcal, Glucides : 11g, Lipides : 0g, Protides :0g, A conserver au réfrigérateur après ouverture.]|"
2,38€ / L"|"
2,86 €"
870|Jus de pomme à base de jus concentré, sans sucres ajoutés|Les 6 briquettes de 20cl|[Origine : FRANCE, Bien agiter. A déguster frais., Jus de pomme à base de concentré. Sans colorant ni conservateur., Valeur énergétique en Joules :  171kj, Valeur énergétique en Kcal : 40kcal, Glucides : 9,9g, Lipides : 0,1g, Protides :0,1g, A conserver à l'abri de la chaleur et de l'humidité. Après ouverture, conserver au réfrigérateur et consommer dans les 4 jours.]|"
1,47€ / L"|"
1,76 €"
871|Pur jus tomate|Les 4 bouteilles de 20cl|[Origine : FRANCE, Jus de tomate salé à 3g/l., Se déguste frais. Agiter avant d'ouvrir., Jus de tomate, sel (6g/l). Ce jus ne contient ni colorant, ni conservateur., Valeur énergétique en Joules :  121kj, Valeur énergétique en Kcal : 29kcal, Glucides : 5,8g, Lipides : 0,2g, Protides :0,9g, Avant ouverture, se conserve à température ambiante. Après ouverture, à conserver au réfrigérateur et à consommer rapidement.]|"
2,63€ / L"|"
2,10 €"
872|Jus d'orange sans pulpe à base de concentré, sans sucres ajoutés|la boîte de 15cl|[Origine : FRANCE, 1/5 des fruits et légumes recommandés par jour., Servir frais., Jus d'orange sans pulpe à base de concentré. Sans colorant et sans conservateur. Contient naturellement le sucre des fruits., Valeur énergétique en Joules :  202Kj, Valeur énergétique en Kcal : 47Kcal, Glucides : 11g, Lipides : 0g, Protides :0,7g, Conserver à l'abri de la chaleur et de la lumière. Après ouverture, conserver au froid et consommer rapidement.]|"
4,47€ / L"|"
0,67 €"
873|Boisson rafraîchissante aux fruits et à l'eau de source, multivitaminé|Les 4 bouteilles de 20cl|[Origine : ROYAUME UNI, Eau de source** (79%), jus et purÍes de fruits Å base de concentrÍs 13% (orange, p²che, abricot, banane), sucre, acidifiant : acide citrique, conservateurs : sorbate de potassium, dicarbonate de dimethyle, antioxydant : acide ascorbique, ar«me naturel d'abricot avec autres ar«mes naturels, stabilisant : pectine,  vitamines (B6, acide folique B9), extrait de paprika., Valeur énergétique en Joules :  155, Valeur énergétique en Kcal : 36, Glucides : 8.6, Lipides : traces, Protides :0.1]|"
2,56€ / L"|"
2,05 €"
874|Boisson rafraichissante aux fruits et à l'eau de source, orange|Les 4 bouteilles avec bouchon sport de 20cl|[Origine : FRANCE, Bouchon 'sport' refermable. Bouteille solide et légère. Forme adaptée aux mains des enfants. Malin pour le goûter. Zéro éclaboussure., Bien secouer avant d'ouvrir. Le bouchon ne convient pas à des enfants de moins de 36 mois., Eau de source (78%), jus d'orange à base de concentré : 13%, sucre, acidifiant : acide citrique, arôme naturel d'orange avec autres arômes naturels, conservateurs : sorbate de potassium, dicarbonate de diméthyle, antioxygène : acide ascorbique, stabilisant : pectine, colorant : carotènes mélangés. Sans colorant artificiel., Valeur énergétique en Joules :  170kj, Valeur énergétique en Kcal : 40kcal, Glucides : 9,5g, Lipides : 0g, Protides :0,1g, Se conserve hors du réfrigérateur. Après ouverture, à consommer dans les 3 jours.]|"
2,69€ / L"|"
2,15 €"
875|Jus de fruits, Tropical|La gourde de 20cl|[Origine : FRANCE, Bien secouer avant d'ouvrir. Le bouchon ne convient pas à des enfants de moins de 36 mois. Pour des raisons d'hygiènes, nous vous recommandons de ne pas re-remplir cette bouteille., Eau de source (78%), jus de fruits à base de concentrés et purée de mangue 13% (orange 6%, pomme 5%, mangue 1%, fruit de la passion 1%), sucre, acidifiant : acide citrique, arôme naturel, conservateurs : sorbate de potassium, dicarbonate de dimethyle, antioxygène : acide ascorbique, extrait de paprika. Sans colorant artificiel, arômes naturels., Après ouverture, à consommer dans les 3 jours.]|"
3,20€ / L"|"
0,64 €"
876|Tropical, boisson rafraichissante aux fruits et à l'eau de source|Les 4 bouteilles avec bouchon sport de 20cl|[Origine : FRANCE, Bouchon 'sport' refermable. Bouteille solide et légère. Forme adaptée aux mains des enfants. Malin pour le goûter. Zéro éclaboussure., Bien secouer avant d'ouvrir. Le bouchon ne convient pas à des enfants de moins de 36 mois., Eau de source (78%), jus de fruits à base de concentrés et purée de mangue : 13% (orange 6%, pomme 5%, mangue 1%, fruit de la passion 1%), sucre, acidifiant : acide citrique, arôme naturel, conservateurs : sorbate de potassium, dicarbonate de dimethyle, antioxygène : acide ascorbique, extrait de paprika. Sans colorant artificiel., Valeur énergétique en Joules :  159kj, Valeur énergétique en Kcal : 37kcal, Glucides : 8,8g, Lipides : 0g, Protides :0,1g, Se conserve hors du réfrigérateur. Après ouverture, à consommer dans les 3 jours.]|"
2,53€ / L"|"
2,02 €"
877|100% jus d'orange, maxi format|La brique de 1,75L|[Origine : FRANCE, Jus d'orange avec pulpe flash pasteurisé et réfrigéré., Bien agiter avant d'ouvrir. Servir frais. Bien refermer après ouverture., Jus d'orange, pulpe 3%. Sans colorant, sans conservateur. Contient des sucres naturellement présents dans les fruits., Valeur énergétique en Joules :  184kj, Valeur énergétique en Kcal : 43kcal, Glucides : 10g, Lipides : 0,1g, Protides :0,8g, Avant ouverture, à conserver au réfrigérateur entre 0°C et +6°C. Après ouverture, à consommer dans les 5 jours.]|"
1,95€ / L"|"
3,42 €"
878|Ananas, mangue et fruits de la passion, smoothie|La bouteille de 50cl|[Origine : FRANCE, Jus de fruits à base de jus et de purées de fruits, flash pasteurisé et réfrigéré., Agiter avant d'ouvrir., Jus d'ananas 48% - purée de mangue 20% - purée de banane - purée de pomme - purée de fruit de la passion 7%., Valeur énergétique en Joules :  247kj, Valeur énergétique en Kcal : 58kcal, Glucides : 13g, Lipides : 0,2g, Protides :0,6g, A conserver entre 0 et +6°C. Après ouverture, à consommer sous 4 jours.]|"
4,10€ / L"|"
2,05 €"
879|Jus d'orange 100% pur jus|La brique de 1L|[Origine : ESPAGNE, Jus d'orange flash pasteurisé et réfrigéré., Bien agiter avant d'ouvrir. Servir frais. Bien refermer après ouverture., Jus d'orange, pulpe 3%. Naturellement source de vitamine C. Sans sucres ajoutés. Contient les sucres naturellement présents dans les fruits. Sans colorant, sans conservateur conformément à la réglementation., Valeur énergétique en Joules :  184kj, Valeur énergétique en Kcal : 43kcal, Glucides : 10g, Lipides : 0,1g, Protides :0,8g, Avant ouverture : à conserver au réfrigérateur entre 0°C et +6°C. Après ouverture : à consommer dans les 5 jours.]|"
2,26€ / L"|"
2,26 €"
880|Jus d'orange fraîchement pressé, sans conservateurs|La bouteille de 1l|[Origine : FRANCE, Jus d'orange stabilisé par haute pression à froid., Agiter le produit avant ouverture., Jus d'orange 100%. Sans conservateur. Jus d'orange stabilisé par haute pression à froid., Valeur énergétique en Joules :  175kj, Valeur énergétique en Kcal : 41kcal, Glucides : 8,9g, Lipides : 0,0g, Protides :0,8g, A conserver entre 0°C et +4°C. A consommer dans les 48 h après ouverture.]|"
4,11€ / L"|"
4,11 €"
881|Jus d'orange mangue, 100% pur jus|La brique d'1L|[Origine : FRANCE, Jus d'orange et purée de mangue, flash pasteurisés et réfrigérés., Bien agiter avant d'ouvrir. Servir frais. Bien refermer après ouverture., Jus d'orange 80%, purée de mangue 20%. Sans sucres ajoutés. Contient des sucres naturellement présents dans les fruits. Sans colorant, sans conservateur conformément à la réglementation., Valeur énergétique en Joules :  209kj, Valeur énergétique en Kcal : 49kcal, Glucides : 11g, Lipides : 0,2g, Protides :0,7g, Avant ouverture : à conserver au réfrigérateur entre 0°C et +6°C. Après ouverture : à consommer dans les 5 jours.]|"
2,43€ / Kg"|"
2,43 €"
882|Jus d'orange sanguine 100% pur jus|La brique de 1L|[Origine : FRANCE, Jus d'orange sanguine, flash pasteurisé et réfrigéré., Bien agiter avant d'ouvrir. Servir frais. Bien refermer après ouverture., Jus d'orange sanguine. Naturellement riche en vitamine C., Valeur énergétique en Joules :  203kj, Valeur énergétique en Kcal : 48kcal, Glucides : 11g, Lipides : 0,1g, Protides :0,7g, Avant ouverture : à conserver au réfrigérateur entre 0°C et +6°C. Après ouverture : à consommer dans les 5 jours.]|"
2,52€ / L"|"
2,52 €"
883|Jus de 11 fruits à teneur garantie en 5 vitamines|La brique de 1L|[Origine : ESPAGNE, Ce jus aux 12 fruits multivitaminé MONOPRIX, à teneur garantie en 5 vitamines, est flash pasteurisé (élévation et abaissement éclairs de la température) avant d'être conditionné dans cet emballage hermétique. Ce procédé de fabrication permet de préserver au mieux l'arôme et la saveur des fruits pour une pause fraîcheur à tout moment de la journée., Bien agiter avant de déguster, jus et purées de fruits (orange, pomme, raisin, ananas, fruit de la passion, abricot, pèche, mangue,poire, banane, goyave et citron) vitamines : C, provitamine A ((s-carotène), acide folique (89),pyridoxine (B6), thiamine (B1, Valeur énergétique en Joules :  187Kj, Valeur énergétique en Kcal : 44Kcal, Glucides : 10,5g, Lipides : 0g, Protides :0,5g, A conserver entre 0°C et +6°C]|"
2,33€ / L"|"
2,33 €"
884|Jus de Pamplemousse rose, 100% pur jus|La brique de 1L|[Origine : ETATS-UNIS AMERIQUE, Ce pur jus de pamplemousse rose MONOPRIX, naturellement riche en vitamine C, est flash pasteurisé (porté à 84° C pendant 2 secondes) avant d'être conditionné dans un emballage hermétique. Ce procédé de fabrication permet de préserver au mieux l'arômeet la saveur des fruits., Conseil d'utilisation : bien agiter avant dégustation., Pur jus de pamplemousse rose., Valeur énergétique en Joules :  174Kj, Valeur énergétique en Kcal : 41Kcal, Glucides : 9,4g, Lipides : 0,1g, Protides :0,5g, CONSERVATION : A conserver entre 0°C et + 6°C. A consommer dans les 5 jours après ouverture.]|"
2,22€ / L"|"
2,22 €"
885|Jus frais pêche et raisin|La brique de 1L|[Origine : FRANCE, Mélange de purée de pêche et de jus de raisin, flash pasteurisé et réfrigéré., Agiter avant de servir., Purée de pêche 50%, jus de raisin 50%., A conserver entre 0 et +6°C et à consommer dans les 4 jours après ouverture.]|"
2,36€ / L"|"
2,36 €"
886|Pomme/framboise, 100% jus de fruits|La brique de 1L|[Origine : FRANCE, Agiter avant de servir., Jus de pomme 82%, purée de framboise 18%. Elaboré et conditionné en Espagne., Valeur énergétique en Joules :  158kj, Valeur énergétique en Kcal : 37kcal, Glucides : 9,3g, Lipides : traces, Protides :traces, A conserver entre 0°C et +6°C et à consommer dans les 4 jours après ouverture.]|"
2,36€ / L"|"
2,36 €"
887|Pur jus d'orange et framboise|La bouteille de 1l|[Origine : FRANCE, Mélange de jus d'orange et de purée de framboise stabilisé par haute pression à froid., Agiter le produit avant de le boire., Jus d'orange 94%, purée de framboise 6%. Sans conservateur., Valeur énergétique en Joules :  214kj, Valeur énergétique en Kcal : 51kcal, Glucides : 9,9g, Lipides : 0,7g, Protides :0,7g, A conserver entre 0°C et +4°C. A consommer rapidement après ouverture.]|"
4,11€ / L"|"
4,11 €"
888|Pur jus d'orange sans pulpe, 100% fruits pressés|La brique de 1l|[Origine : FRANCE, Jus d'orange flash pasteurisé et réfrigéré., Bien agiter avant d'ouvrir., Jus d'orange., Valeur énergétique en Joules :  172kj, Valeur énergétique en Kcal : 40kcal, Glucides : 9,4g, Lipides : 0g, Protides :0,7g, A conserver à une température de 0°C et +6°C. Après ouverture, à conserver au réfrigérateur et à consommer dans les 5 jours.]|"
2,21€ / L"|"
2,21 €"
889|Pur jus orange pasteurisé sans sucres ajoutés, certifié AB|La bouteille de 1L|[Origine : FRANCE, Jus d'orange avec pulpe issu de l'agriculture biologique, flash pasteurisé, réfrigéré., Agiter délicatement avant d'ouvrir et servir frais., Jus d'orange* 97%, pulpe d'orange* 3%. *Ingrédients issu de l'agriculture biologique., Valeur énergétique en Joules :  162kj, Valeur énergétique en Kcal : 38kcal, Glucides : 9g, Protides :0,5g, A conserver entre +1°C et +6°C et à consommer dans les 4 jours après ouverture.]|"
3,14€ / L"|"
3,14 €"
890|Pur jus orange pasteurisé sans sucres ajoutés, certifié AB|La bouteille de 1L|[Origine : FRANCE, Jus d'orange avec pulpe issu de l'agriculture biologique, flash pasteurisé, réfrigéré., Agiter délicatement avant d'ouvrir et servir frais., Jus d'orange* 97%, pulpe d'orange* 3%. *Ingrédients issu de l'agriculture biologique., Valeur énergétique en Joules :  162kj, Valeur énergétique en Kcal : 38kcal, Glucides : 9g, Protides :0,5g, A conserver entre +1°C et +6°C et à consommer dans les 4 jours après ouverture.]|"
3,14€ / L"|"
3,14 €"
891|Pur jus pomme pasteurisé, certifié AB|La bouteille de 1L|[Origine : FRANCE, Jus de pomme issu de l'agriculture biologique, flash pasteurisé, réfrigéré., Agiter délicatement avant d'ouvrir et servir frais., Jus de pomme issu de l'agriculture biologique., Valeur énergétique en Joules :  187, Valeur énergétique en Kcal : 44, Glucides : 11g, Protides :0g, A conserver entre +1°C et +6°C et à consommer dans les 4 jours après ouverture.]|"
2,67€ / L"|"
2,67 €"
892|Pur jus pomme pasteurisé, certifié AB|La bouteille de 1L|[Origine : FRANCE, Jus de pomme issu de l'agriculture biologique, flash pasteurisé, réfrigéré., Agiter délicatement avant d'ouvrir et servir frais., Jus de pomme issu de l'agriculture biologique., Valeur énergétique en Joules :  187, Valeur énergétique en Kcal : 44, Glucides : 11g, Protides :0g, A conserver entre +1°C et +6°C et à consommer dans les 4 jours après ouverture.]|"
2,67€ / L"|"
2,67 €"
893|Smoothie pasteurisé à la framboise, fraise et myrtille|La bouteille de 50cl|[Origine : ESPAGNE, Bien agiter avant d'ouvrir., Jus de pomme, purée de framboise 18%, purée de fraise 15%, purée de banane, purée de myrtille 5%, jus d'orange., Valeur énergétique en Joules :  205Kj, Valeur énergétique en Kcal : 48Kcal, Glucides : 11g, Lipides : 0,1g, Protides :0,4g, A conserver au réfrigérateur entre 0°C et +6°C. Après ouverture, à consommer sous 4 jours.]|"
4,10€ / L"|"
2,05 €"
894|Ananas, jus de fruits frais pasteurisé|La bouteille de 1L|[Origine : FRANCE, Mettez du fruit dans votre vie ! 1 verre de jus de 200ml = le jus de : 1 demi-ananas., Jus d'ananas, pectine de fruits, gellane. Sans ajout de sucres. Sans colorant. Sans conservateur., Valeur énergétique en Joules :  196kj, Valeur énergétique en Kcal : 46kcal, Glucides : 11g, Lipides : 0,1g, Protides :0,4g, Se conserve au réfrigérateur, température conseillée : +6°C.]|"
3,08€ / L"|"
3,08 €"
895|Citrons pressés, préparation pasteurisée de fruits|La bouteille de 1L|[Origine : FRANCE, Mettez du fruit dans votre vie !, Eau, citron (30%), sucre, pulpe de fruits., Valeur énergétique en Joules :  206kj, Valeur énergétique en Kcal : 48kcal, Glucides : 12g, Lipides : Traces, Protides :0,1g, Se conserve au réfrigérateur, température conseillée : + 6° C.]|"
2,63€ / L"|"
2,63 €"
896|Jus d'oranges pressées|La bouteille de 1,5L|[Origine : FRANCE, Mettez du fruit dans votre vie ! 1 verre de jus de 200ml = le jus de : 3 oranges., Jus d'oranges. Sans ajout de sucres. Sans colorant. Sans conservateur., Valeur énergétique en Joules :  201kj, Valeur énergétique en Kcal : 47kcal, Glucides : 11g, Lipides : 0,1g, Protides :0,6g, Se conserve au réfrigérateur, température conseillée : +6°C.]|"
2,32€ / L"|"
3,48 €"
897|Jus d'oranges pressées 100% pur jus|La bouteille de 1L|[Origine : FRANCE, Mettez du fruit dans votre vie !. 1 Verre de jus de 200ml=le jus de : 3 oranges., Jus d'oranges. Sans ajout de sucres*, sans colorant, sans conservateur, conformément à la réglementation. *Contient des sucres naturellement présents dans les fruits., Valeur énergétique en Joules :  201kj, Valeur énergétique en Kcal : 47kcal, Glucides : 11g, Lipides : 0,1g, Protides :0,6g, Se conserve au réfrigérateur, température conseillée : +6°C.]|"
2,67€ / L"|"
2,67 €"
898|Jus de clémentines pressées 100% pur jus|La bouteille de 1L|[Origine : FRANCE, Jus de clémentines., Valeur énergétique en Joules :  212kj, Valeur énergétique en Kcal : 50kcal, Glucides : 11g, Lipides : 0,3g, Protides :0,8g]|"
2,94€ / L"|"
2,94 €"
899|Jus de fruits, verger douceur|La bouteille de 1l|[Origine : FRANCE, Andros vous invite à découvrir sa sélection gourmande de fruits des vergers, des associations généreuses pour des instants très fruités !, Jus d'ananas 39%, jus de pommes, purée de bananes 14%, jus de raisins blancs 6%, jus de fruits de la passion, épaississants (pectine de fruits, gellane)., Valeur énergétique en Joules :  257kj, Valeur énergétique en Kcal : 61kcal, Glucides : 14g, Lipides : 0,1g, Protides :0,4g, Se conserve au réfrigérateur, température conseillée : +6°C.]|"
3,08€ / L"|"
3,08 €"
900|Jus de fruits multivitamines|La bouteille de 1l|[Origine : FRANCE, Jus pasteurisé multifruits., Jus et purées de fruits (oranges 47%, raisins blancs, pommes 9%, ananas 9%, abricots 8%, mangues 5%, bananes 5%, fruits de la passion 2%), vitamines A, E, C, B6 et B9. Sans ajout de sucres (contient des sucres naturellement présents dans les fruits).Sans colorant. Sans conservateur conformément à la réglementation., Valeur énergétique en Joules :  235kj, Valeur énergétique en Kcal : 55kcal, Glucides : 13g, Lipides : 0,1g, Protides :0,6g, Se conserve au réfrigérateur, température conseillée : +6°C.]|"
3,08€ / L"|"
3,08 €"
901|Jus de pamplemousse rose pressé 100% pur jus|La bouteille de 1L|[Origine : FRANCE, Equivaut à une des 5 portions de fruits et légumes recommandées., Jus de pamplemousses roses. Sans ajout de sucres, sans colorant, sans conservateur., Valeur énergétique en Joules :  182Kj, Valeur énergétique en Kcal : 43Kcal, Glucides : 10g, Lipides : 0,1g, Protides :0,5g, Se conserve au réfrigérateur, température conseillée: +6°C.]|"
2,99€ / L"|"
2,99 €"
902|Jus de pommes pressées 100% pur jus|La bouteille de 1L|[Origine : FRANCE, Mettez du fruit dans votre vie ! 1 verre de jus de 200ml = le jus de 2 pommes., Jus de pommes, vitamine C. Sans ajout de sucres. Sans colorant. Sans conservateur., Se conserve au réfrigérateur, température conseillée : +6°C.]|"
2,83€ / L"|"
2,83 €"
905|Danao orange, banane, fraise|La brique de 1L|[Origine : FRANCE, Danao c'est du bon lait et un délicieux jus de fruits dans le même verre., Agiter avant emploi., A conserver à +7°C maximum. Doit être conservé au réfrigérateur et consommé dans les 5 jours après son ouverture.]|"
2,49€ / L"|"
2,49 €"
906|Jus de fruits à base de jus de grenade concentré, 42% de teneur minimum|La brique de 1L|[Origine : FRANCE, Ingrédients : eau, jus de grenade à base de jus concentré, sucre, acidifiant : acide citrique, Vitamine C, Valeur énergétique en Joules :  171, Valeur énergétique en Kcal : 40, Glucides : 9,5, Protides :0,6, A consommer de préférence avant la date indiquée sur le dessus de la brique. AprÈs ouverture, se conserve 4 jours au réfrigérateur (entre +4° C et +6° C)]|"
2,16€ / L"|"
2,16 €"
907|Abricots, poire & pêches, smoothie|La brique de 750ml|[Origine : ROYAUME UNI, Un smoothie Innocent, c'est un mélange de fruits entiers mixés et de purs jus de fruits. C'est tout., Pasteurisé tout en douceur. Secouez avant ouverture, pas après., Pêche mixée (35%), poire mixée (20%), pomme pressée, abricot mixé (15%), orange pressée, citron pressé., Valeur énergétique en Joules :  202kj, Valeur énergétique en Kcal : 48kcal, Glucides : 8,4g, Lipides : 0,1g, Protides :0,6g, A conserver au frais (0-8°C). A consommer dans les 4 jours suivant ouverture.]|"
4,11€ / L"|"
3,08 €"
908|Fraises & bananes, smoothie|La brique de 750ml|[Origine : ROYAUME UNI, Un Smoothie innocent, c'est un mélange de fruits entiers mixés et de purs jus de fruit. C'est tout., Secouez avant ouverture., Fraise mixée (25%), banane mixée (25%), pomme pressée, orange pressée, raisin pressé, jus de citron vert. Pas de concentré, pas d'additif, pas de colorant*, pas de conservateur*, pas de sucre ajouté**. *Conformément à la réglementation. **Contient des sucres naturellement présents dans les fruits., Valeur énergétique en Joules :  226kj, Valeur énergétique en Kcal : 53kcal, Glucides : 12,2g, Lipides : 0,1g, Protides :0,6g, A conserver au frais (0-8°C). A consommer dans les 4 jours suivant ouverture.]|"
4,11€ / L"|"
3,08 €"
909|Fraises & mûres, smoothie, fruits entiers mixés et purs jus de fruits|La brique de 75cl|[Origine : ROYAUME UNI, Valeur énergétique en Joules :  229kj, Valeur énergétique en Kcal : 54kcal, Glucides : 12,5g, Lipides : 0,1g, Protides :0,6g]|"
4,11€ / L"|"
3,08 €"
910|Innocent orange & citron vert|La bouteille plastique de 900ml|[Origine : ROYAUME UNI, La promesse Innocent : des produits bons et sains, issus de l'agriculture durable, 10% des bénéfices reversés à des ONG., Secouez avant ouverture, pas après., 11 oranges pressÍes (99%), 1/3 d'un citron vert pressÍ (1%), Valeur énergétique en Joules :  170kj, Valeur énergétique en Kcal : 40kcal, Glucides : 8,8g, Lipides : <0,5g, Protides :0,6g, A garder au réfrigérateur entre 0°C et 8°C avant et après ouverture. A boire dans les 4  jours après ouverture.]|"
3,00€ / L"|"
2,70 €"
911|Innocent orange & framboise|La bouteille de plastique de 900ml|[Origine : ROYAUME UNI, 8 oranges pressÍes (63%), 2,5 pommes pressÍes (29%), 23 framboises ÍcrasÍes (6%), 21 grains de cassis (2%), un trait de citron vert, Valeur énergétique en Joules :  212kj, Valeur énergétique en Kcal : 50kcal, Glucides : 12g, Lipides : <0,5g, Protides :0,7g]|"
3,00€ / L"|"
2,70 €"
913|Jus de pomme et framboise, 100% pur jus|La bouteille de 900ml|[Origine : FRANCE, Ce jus contient 7 pommes pressées et 30 framboises. Il ne contient pas de concentré., Secouez avant ouverture, pas après., 7 pommes pressées (91%), 30 framboises mixées (9%)., A garder au réfrigérateur entre 0°C et 8°C avant et après ouverture. A boire dans les 4 jours après ouverture.]|"
2,83€ / L"|##
914|Kiwis, pommes & ananas, smoothie, fruits entiers mixés et pur jusde fruits|La brique de 75cl|[Origine : ROYAUME UNI, Un smoothie innocent, c'est un mélange de fruits entiers et de purs jus de fruits. C'est tout., Secouez avant ouverture, pas après., Pomme pressée (47%), ananas pressé (25%), kiwi mixé (16%), raisin pressé, jus de citron vert, extrait d'épinards et d'orties., A conserver au frais (0-8°C). A consommer dans les 4 jours suivant ouverture.]|"
4,11€ / L"|"
3,08 €"
915|Mangues & fruits de la passion, smoothie|La brique de 750ml|[Origine : ROYAUME UNI, Un Smoothie innocent, c'est un mélange de fruits entiers et de purs jus de fruits. C'est tout., Secouez avant ouverture., Pomme pressée (50%), mangue mixée (16%), banane mixée, orange pressée, fruit de la passion pressé (4%), pêche mixée, jus de citron vert. Pas de concentré, pas d'additif, pas de colorant*, pas de conservateur*, pas de sucre ajouté**. *Conformément à la réglementation. **Contient des sucres naturellement présents dans les fruits., Valeur énergétique en Joules :  243kj, Valeur énergétique en Kcal : 57kcal, Glucides : 12,5g, Lipides : 0,2g, Protides :0,6g, A conserver au frais (0-8°C). A consommer dans les 4 jours suivant ouverture.]|"
3,76€ / L"|"
3,08 €"
916|Pur jus ananas et fruits de la passion|La bouteille de 900ml|[Origine : FRANCE]|"
3,00€ / L"|"
2,70 €"
917|Pur jus poire, pomme, pêche|La bouteille de 900ml|[Origine : FRANCE]|"
2,83€ / L"|##
918|Fruits Kid'z bio Pomme Raisin|Les 3 briques de 20cl (60cl)|[Origine : FRANCE, Cocktail de fruits bio pomme raisin acérola., Pur jus de pomme* 66%, pur jus de raisin* 30%, acérola* 4%. *Ingrédients issus de l'agriculture biologique. 100% fruits, sans colorant, sans conservateur. Vitamine C naturelle grâce à l'acérola., Conserver au frais après ouverture.]|"
4,43€ / L"|"
2,66 €"
919|Fruits Kid'z bio Pomme Raisin|Les 3 briques de 20cl (60cl)|[Origine : FRANCE, Cocktail de fruits bio pomme raisin acérola., Pur jus de pomme* 66%, pur jus de raisin* 30%, acérola* 4%. *Ingrédients issus de l'agriculture biologique. 100% fruits, sans colorant, sans conservateur. Vitamine C naturelle grâce à l'acérola., Conserver au frais après ouverture.]|"
4,43€ / L"|"
2,66 €"
920|Jus de fruits 100% fruits|Les 3 briques de 20cl (60cl)|[Origine : FRANCE, Cocktail de fruits bio pomme orange ananas acérola., Pur jus de pomme* 66%, pur jus d'orange* 15%, pur jus d'ananas* 15%, acérola* 4%. *Ingrédients issus de l'agriculture biologique. 100% fruits, sans colorant, sans conservateur. Vitamine C naturelle grâce à l'acérola., Conserver au frais après ouverture.]|"
4,57€ / L"|"
2,74 €"
921|Jus de fruits 100% fruits|Les 3 briques de 20cl (60cl)|[Origine : FRANCE, Cocktail de fruits bio pomme orange ananas acérola., Pur jus de pomme* 66%, pur jus d'orange* 15%, pur jus d'ananas* 15%, acérola* 4%. *Ingrédients issus de l'agriculture biologique. 100% fruits, sans colorant, sans conservateur. Vitamine C naturelle grâce à l'acérola., Conserver au frais après ouverture.]|"
4,57€ / L"|"
2,74 €"
922|Cola classique|La bouteille de 1,5L|[Origine : FRANCE]|"
0,57€ / L"|"
0,85 €"
923|Boisson gazeuse aux extraits végétaux|La boîte de 15cl|[Origine : FRANCE, Ne pas agiter., Eau gazéifiée, sucre, colorant : caramel (E150d), acidifiant : acide phosphorique, extraits végétaux, arôme caféine. Sans conservateurs ajoutés, sans arômes artificiels., Conserver à l'abri de la chaleur et du gel dans un endroit propre, sec et sans odeur.]|"
3,27€ / L"|"
0,49 €"
924|Boisson gazeuse aux extraits végétaux|La boîte de 15cl|[Origine : FRANCE, Le goût du Coca-Cola avec zéro sucres. Mini canette pour les mini soifs., Servir très frais. Ne pas agiter., Eau gazéifiée, colorant: caramel (E150d), acidifiants : acide phosphorique et citrate de sodium, édulcorants : aspartame, acésulfame-K, extraits végétaux, arôme caféine. Contient une source de phénylalanine., Valeur énergétique en Joules :  1,3, Valeur énergétique en Kcal : 0,3, Glucides : 0g, Lipides : 0g, Protides :0g, Conserver à l'abri de la chaleur et du gel dans un endroit propre, sec et sans odeur.]|"
3,27€ / L"|"
0,49 €"
925|Boisson gazeuse aux extraits végétaux|La boîte de 33cl|[Origine : FRANCE, Boisson rafraîchissante aux extraits végétaux., Ne pas agiter. Se boit très frais., Eau gazéifiée : sucre, colorant : caramel (E150d), acidifiant : acide phosphorique, extraits végétaux, arôme caféine., Valeur énergétique en Joules :  180Kj, Valeur énergétique en Kcal : 43,1Kc, Glucides : 10.6g, Lipides : 0g, Protides :0g, Conserver à l'abri de la chaleur et du gel dans un endroit propre, sec et sans odeur.]|"
1,91€ / L"|"
0,63 €"
926|Boisson gazeuse aux extraits végétaux|La bouteille de 1,25L|[Origine : FRANCE]|"
1,36€ / L"|"
1,70 €"
927|Boisson gazeuse aux extraits végétaux|La bouteille de 1,5L|[Origine : FRANCE, Eau gazéifiée, colorant : caramel (E150d), acidifiants : E338 et E330, édulcorants : aspartame et acésulfame-K, extraits végétaux, caféine, conservateur : E211., Valeur énergétique en Joules :  1, Valeur énergétique en Kcal : 0,2, Glucides : 0, Lipides : 0, Protides :0, à protéger de la chaleur, conserver à l'abri du gel., Conserver dans un endroit sec et propre., A conserver dans un endroit sans odeur.]|"
0,99€ / L"|"
1,49 €"
928|Boisson gazeuse aux extraits végétaux|La bouteille de 1,5L|[Origine : FRANCE, Se boit très frais., Eau gazéifiée, colorant : caramel (E150d), acidifiants : acide phosphorique et citrate de sodium, édulcorants : aspartame, acésulfame K, extraits végétaux, arôme caféine. Contient une source de phénylalanine., Valeur énergétique en Joules :  1,3, Valeur énergétique en Kcal : 0,3, Glucides : 0, Lipides : 0, Protides :0, Conserver à l'abri de la chaleur et du gel, dans un endroit propre, sec et sans odeur.]|"
0,99€ / L"|"
1,49 €"
929|Boisson gazeuse aux extraits végétaux|La bouteille de 1,5L|[Origine : FRANCE]|"
0,99€ / L"|"
1,49 €"
930|Boisson gazeuse aux extraits végétaux|La bouteille de 1L|[Origine : FRANCE, Boisson rafraîchissante aux extraits végétaux, aromatisée cerise, avec édulcorants., Ne pas agiter. Se boit très frais., Eau gazéifiée : colorant : caramel E150d : acidifiants : acide phosphorique, citrate de sodium, édulcorants : aspartame et acésulfame-K, arômes naturels (dont extraits végétaux, caféine). Contient une source de phénylalanine., Valeur énergétique en Joules :  1,4kj, Valeur énergétique en Kcal : 0,3kcal, Glucides : 0g, Lipides : 0g, Protides :0g, Conserver à l'abri de la chaleur et du gel dans un endroit propre, sec et sans odeur.]|"
1,45€ / L"|"
1,81 €"
931|Boisson gazeuse aux extraits végétaux|La bouteille de 1l|[Origine : COMMUNAUT EUROPEENNE, Boisson rafraîchissante aux extraits végétaux, avec édulcorants., Se boit très frais., Eau gazéifiée, colorant : caramel (E150d), acidifiants : acide phosphorique et citrate de sodium, édulcorants : aspartame, acésulfame-k, extraits végétaux, arôme caféine. Contient une source de phénylalanine., Valeur énergétique en Joules :  1,3kj, Valeur énergétique en Kcal : 0,3kcal, Glucides : 0g, Lipides : 0g, Protides :0g, Conserver à l'abri de la chaleur et du gel dans un endroit propre, sec et sans odeur.]|"
1,39€ / L"|"
1,39 €"
932|Boisson gazeuse aux extraits végétaux|La bouteille de 1L|[Origine : COMMUNAUT EUROPEENNE]|"
1,39€ / L"|"
1,39 €"
933|Boisson gazeuse aux extraits végétaux|La bouteille de 1L|[Origine : COMMUNAUT EUROPEENNE, Eau gazéifiée : sucre, colorant : caramel (E150), acidifiant : acide phosphorique, arômes naturels (extraits végétaux), dont caféine. Sans conservateurs ajoutés., Valeur énergétique en Joules :  180kj, Valeur énergétique en Kcal : 42kcal, Glucides : 10,6g, Lipides : 0g, Protides :0g]|"
1,39€ / L"|"
1,39 €"
934|Boisson gazeuse aux extraits végétaux|La bouteille de 2L|[Origine : FRANCE, Ne pas agiter. Se boit très frais. Ne pas agiter., Eau gazéifiée, sucre, colorant : caramel (E150d), acidifiants : acide phosphorique, arômes naturels (extraits végétaux), dont caféine. Sans conservateurs ajoutés. Sans arômes artificiels., Valeur énergétique en Joules :  180, Valeur énergétique en Kcal : 43, Glucides : 10,6, Lipides : 0, Protides :0, Conserver à l'abri de la chaleur et du gel dans un endroit propre, sec et sans odeur.]|"
0,94€ / L"|"
1,88 €"
935|Boisson gazeuse aux extraits végétaux|La bouteille de 2L|[Origine : FRANCE, Le goût de Coca-Cola avec zéro sucres. Format familial., Ne pas agiter., Eau gazéifiée, colorant : caramel (E150d), acidifiants : acide phosphorique et citrate de sodium, édulcorants : aspartame, acésulfame K, extraits végétaux, arôme caféine. Contient une source de phénylalanine., Valeur énergétique en Joules :  1,3kj, Valeur énergétique en Kcal : 0,3kcal, Glucides : 0g, Lipides : 0g, Protides :0g, Conserver à l'abri de la chaleur et du gel, dans un endroit propre, sec et sans odeur.]|"
0,95€ / L"|"
1,89 €"
936|Boisson gazeuse aux extraits végétaux|La bouteille de 2L|[Origine : FRANCE, Ne pas agiter. Se boit très frais., Eau gazéifiée , colorant : caramel (E150d) , acidifiants : acide phosphorique et acide citrique , édulcorants : aspartame et acésulfame k , extraits végétaux, arôme caféine. Contient une source de phénylalanine., Valeur énergétique en Joules :  1Kj, Valeur énergétique en Kcal : 0,2Kcal, Glucides : 0g, Lipides : 0g, Protides :0g, Conserver à l'abri de la chaleur et du gel dans un endroit propre, sec et sans odeur.]|"
1,00€ / L"|"
1,99 €"
937|Boisson gazeuse aux extraits végétaux|La bouteille de 50cl|[Origine : FRANCE, Sans calories. Sans sucres., Ne pas agiter. Se boit très frais., eau gazéifiée, colorant : caramel (E 150d), acidifiants : acide phosphorique et acide citrique , édulcorants aspartame et  acésulfame-K, extraits végétaux, arôme caféine. Contient une source de phénylalanine, Valeur énergétique en Joules :  1Kj, Valeur énergétique en Kcal : 0,2KCal, Glucides : 0g, Lipides : 0g, Protides :0g, Conserver à l'abri de la chaleur et du gel dans un endroit propre, sec et sans odeur.]|"
2,26€ / L"|"
1,13 €"
938|Boisson gazeuse aux extraits végétaux|La bouteille de 50cl|[Origine : FRANCE, Ne pas agiter. Se boit très frais., Eau gazéifiée, sucre, colorant : caramel (E150d), acidifiant : acide phosphorique, arômes naturels  (extraits végétaux), dont caféine. Sans conservateurs ajoutés., Valeur énergétique en Joules :  180, Valeur énergétique en Kcal : 42, Glucides : 10,6g, Lipides : 0g, Protides :0g, Conserver à l'abri de la chaleur et du gel dans un endroit propre, sec et sans odeur.]|"
2,26€ / L"|"
1,13 €"
939|Boisson gazeuse aux extraits végétaux|La bouteille de 50cl|[Origine : FRANCE, Se boit très frais. Ne pas agiter., Eau gazéifiée, colorant : caramel (E150d), acidifiant : acide phosphorique et citrate de sodium, édulcorant : aspartame, acésulfame K, extraits végétaux, arôme caféine. Contient une source de phénylalanine., Valeur énergétique en Joules :  1,3, Valeur énergétique en Kcal : 0,3, Glucides : 0g, Lipides : 0g, Protides :0g, Conserver à l'abri de la chaleur et du gel dans un endroit propre, sec et sans odeur.]|"
2,38€ / L"|"
1,19 €"
940|Boisson gazeuse aux extraits végétaux|La canette de 15cl|[Origine : FRANCE, Sans sucres et sans calorie. Mini canette pour les mini soifs., Se boit très frais. Ne pas agiter., Eau gazéifiée, colorant : caramel (E150d), acidifiants : acide phosphorique et acide citrique, édulcorants : aspartame et acésulfame-K, extraits végétaux,  arôme caféine. Contient une source de phénylalanine., Conserver à l'abri de la chaleur et du gel dans un endroit propre, sec et sans odeur.]|"
3,27€ / L"|"
0,49 €"
941|Boisson gazeuse aux extraits végétaux|La canette de 33cl|[Origine : FRANCE, Le goût de Coca Cola avec zéro sucres., Se boit très frais. Ne pas agiter., Eau gazéifiée, colorant : caramel (E150d), acidifiants : acide phosphorique et citrate de sodium, édulcorants : aspartame, acésulfame K, extraits végétaux, arôme caféine. Contient une source de phénylalanine. Zéro sucres., Valeur énergétique en Joules :  1,3Kj, Valeur énergétique en Kcal : 0KCal, Glucides : 0g, Lipides : 0g, Protides :0g, A protéger de la chaleur et du gel dans un endroit propre, sec et sans odeur.]|"
2,06€ / L"|"
0,68 €"
942|Boisson gazeuse aux extraits végétaux|La canette de 33cl|[Origine : FRANCE, Sans sucre, sans calorie., Se boit très frais. Ne pas agiter., eau gazéifiée, colorant : caramel (E 150d), acidifiants : acide phosphorique et acide citrique, édulcorants : aspartame et acésulfame-K, extraits végétaux, arôme caféine. Contient une source de phénylalanine., A protéger de la chaleur et du gel dans un endroit propre, sec et sans odeur.]|"
2,70€ / L"|"
0,89 €"
943|Boisson gazeuse aux extraits végétaux|Les 12 boîtes de 15cl|[Origine : FRANCE, Sans sucres et sans calorie. Mini canette pour les mini soifs., Se boit très frais. Ne pas agiter., Eau gazéifiée, colorant : caramel (E150d), acidifiants : acide phosphorique et acide citrique, édulcorants : aspartame et acésulfame-K, extraits végétaux,  arôme caféine. Contient une source de phénylalanine., Valeur énergétique en Joules :  1Kj, Valeur énergétique en Kcal : 0Kc, Glucides : 0g, Lipides : 0g, Protides :0g, Conserver à l'abri de la chaleur et du gel dans un endroit propre, sec et sans odeur.]|"
3,17€ / L"|"
5,71 €"
944|Boisson gazeuse aux extraits végétaux|Les 12 boîtes de 15cl|[Origine : FRANCE, Mini canette pour les mini soifs., Se boit très frais. Ne pas agiter., Eau gazéifiée, sucre, colorant (E150d), acidifiant : acide phosphorique, arômes naturels (extraits végétaux) dont caféine. Sans conservateurs ajoutés. Arômes naturels., Conserver à l'abri de la chaleur et du gel dans un endroit propre, sec et sans odeur.]|"
2,61€ / L"|"
4,70 €"
945|Boisson gazeuse aux extraits végétaux|Les 12 cannettes de 15cl|[Origine : FRANCE, Le goût du Coca-Cola avec zéro sucres. Mini canette pour les mini soifs., Servir très frais. Ne pas agiter., Eau gazéifiée, colorant: caramel (E150d), acidifiants : acide phosphorique et citrate de sodium, édulcorants : aspartame, acésulfame-K, extraits végétaux, arôme caféine. Contient une source de phénylalanine., Valeur énergétique en Joules :  1,3Kj, Valeur énergétique en Kcal : 0,3KCal, Glucides : 0g, Lipides : 0g, Protides :0g, Conserver à l'abri de la chaleur et du gel dans un endroit propre, sec et sans odeur.]|"
3,00€ / L"|"
5,40 €"
946|Boisson gazeuse aux extraits végétaux|Les 4 bouteilles de 1,5l|[Origine : COMMUNAUT EUROPEENNE]|"
0,99€ / L"|"
5,94 €"
947|Boisson gazeuse aux extraits végétaux|Les 4 bouteilles de 1,5L|[Origine : FRANCE, Le goût du Coca-cola avec zéro sucres., Se boit très frais. Ne pas agiter., Eau gazéifiée, colorant: caramel (E150d), acidifiants: acide phosphorique et citrate de sodium, édulcorants: aspartame, acésulfame-K, extraits végétaux, arôme: caféine. Contient une source de phénylalanine., Valeur énergétique en Joules :  1,3kj, Valeur énergétique en Kcal : 0,3kcal, Glucides : 0g, Lipides : 0g, Protides :0g, Conserver à l'abri de la chaleur et du gel dans un endroit propre, sec et sans odeur.]|"
0,99€ / L"|"
5,94 €"
948|Boisson gazeuse aux extraits végétaux|Les 4 bouteilles de 1,5L|[Origine : FRANCE, Ne pas agiter. Se boit très frais., Eau gazéifiée, colorant : caramel (E150d), acidifiants : acide phosphorique et acide citrique, édulcorant : aspartame et acesulfame-K, extraits végétaux : caféine. Contient une source de phénylalanine. Sans calorie. Sans sucres., Valeur énergétique en Joules :  1, Valeur énergétique en Kcal : 0.2, Glucides : 0, Lipides : 0, Protides :0, Conserver à l'abri de la chaleur et du gel, dans un endroit propre, sec et sans odeur.]|"
0,99€ / L"|"
5,94 €"
949|Boisson gazeuse aux extraits végétaux|Les 4 bouteilles de 50cl|[Origine : FRANCE, Format pratique, à emporter partout. Refermable., Contient 2 verres. Ne pas agiter. Se boit très frais., Eau gazéifiée, sucre, colorant : caramel (E150d), acidifiant : acide phosphorique, arômes naturels (extraits végétaux), dont caféine. Sans conservateurs ajoutés., Valeur énergétique en Joules :  180, Valeur énergétique en Kcal : 43, Glucides : 10,6, Lipides : 0, Protides :0, Conserver à l'abri de la chaleur et du gel dans un endroit propre, sec et sans odeur.]|"
1,73€ / L"|"
3,46 €"
950|Boisson gazeuse aux extraits végétaux|Les 4 bouteilles de 50cl|[Origine : FRANCE, Sans sucre, sans calorie., Se boit très frais. Ne pas agiter., Eau gazéifiée, colorant : caramel (E150d), acidifiants :acide phosphorique et acide citrique, édulcorants : aspartame et acésulfame K, extraits végétaux, arôme caféine. Contient une source de phénylalanine., Valeur énergétique en Joules :  1, Valeur énergétique en Kcal : 0,2, Glucides : 0, Lipides : 0, Protides :0, A protéger de la chaleur et du gel dans un endroit propre, sec et sans odeur.]|"
1,70€ / L"|"
3,59 €"
951|Boisson gazeuse aux extraits végétaux|Les 4 bouteilles de 50cl|[Origine : FRANCE, Ne pas agiter., Eau gazéifiée, colorant : caramel (E150d), acidifiants : acide phosphorique et citrate de sodium, édulcorants : aspartame et acésulfame k, extraits végétaux, arôme caféine. Contient une source de phénylalanine., Valeur énergétique en Joules :  1,3Kj, Valeur énergétique en Kcal : 0,3Kcal, Glucides : 0g, Lipides : 0g, Protides :0g, Conserver à l'abri de la chaleur et du gel, dans un endroit propre, sec et sans odeur.]|"
1,58€ / L"|"
3,34 €"
952|Boisson gazeuse aux extraits végétaux|Les 6 canettes de 33cl|[Origine : FRANCE]|"
1,43€ / L"|"
2,84 €"
953|Boisson gazeuse aux extraits végétaux|Les 6 canettes de 33cl|[Origine : FRANCE, Sans sucre, sans calorie., Se boit très frais. Ne pas agiter., eau gazéifiée, colorant : caramel (E 150d), acidifiants : acide phosphorique et acide citrique, édulcorants : aspartame et acésulfame-K, extraits végétaux, arôme caféine. Contient une source de phénylalanine., Valeur énergétique en Joules :  0, Valeur énergétique en Kcal : 0,2, Glucides : 0g, Lipides : 0g, Protides :0g, A protéger de la chaleur et du gel dans un endroit propre, sec et sans odeur.]|"
1,43€ / L"|"
2,84 €"
954|Boisson gazeuse aux extraits végétaux|Les 6 canettes de 33cl|[Origine : FRANCE, Le goût de Coca Cola avec zéro sucres., Se boit très frais. Ne pas agiter., Eau gazéifiée, colorant : caramel (E150d), acidifiants : acide phosphorique et citrate de sodium, édulcorants : aspartame, acésulfame K, extraits végétaux, arôme caféine. Contient une source de phénylalanine. Zéro sucres., Valeur énergétique en Joules :  1,3Kj, Valeur énergétique en Kcal : 0KCal, Glucides : 0g, Lipides : 0g, Protides :0g, A protéger de la chaleur et du gel dans un endroit propre, sec et sans odeur.]|"
1,43€ / L"|"
2,84 €"
955|Boisson gazeuse aux extraits végétaux|Les 8 bouteilles de 25cl|[Origine : FRANCE, Utilisez un décapsuleur. Ne pas agiter., Eau gazéifiée, sucre, colorant : caramel (E150cl), acidifiant : acide phosphorique, arômes naturels (extraits végétaux), dont caféine., Valeur énergétique en Joules :  180Kj, Valeur énergétique en Kcal : 42Kcal, Glucides : 0g, Lipides : 0g, Protides :0g, A conserver à l'abri de la chaleur et du gel dans un endroit propre, sec et sans odeur.]|"
2,93€ / L"|"
5,86 €"
956|Boisson gazeuse aux extraits végétaux, frigo pack|Les 10 boîtes de 33cl|[Origine : FRANCE, Facile à transporter et à ranger. Pratique pour se servir., Se boit très frais., Eau gazéifiée, sucre, colorant : caramel (E150d), acidifiant : acide phosphorique, extraits végétaux, arôme caféine. Sans conservateurs ajoutés. Sans arômes artificiels., Valeur énergétique en Joules :  180kj, Valeur énergétique en Kcal : 43,1kc, Glucides : 10,6g, Lipides : 0g, Protides :0g]|"
1,62€ / L"|"
5,33 €"
957|Boisson gazeuse aux extraits végétaux, frigo pack|Les 10 canettes de 33cl|[Origine : FRANCE, Distributeur de boîtes. Facile à transporter et à ranger. Pratique pour se servir., Déchirez selon les pointillés. Ouvrez l'avant du pack. Retenez la 1ère boîte. Servez-vous ! Se boit très frais. Ne pas agiter., Eau gazéifiée, colorant : caramel (E 150d) , acidifiants : acide phosphorique et acide citrique, édulcorants : aspartame et acésulfame-K : extraits végétaux : arôme caféine. Contient une source de phénylalanine. Sans sucres. Sans calorie., Valeur énergétique en Joules :  1Kj, Valeur énergétique en Kcal : 0,2Kcal, Glucides : 0g, Lipides : 0g, Protides :0g, A conserver à l'abri de la chaleur et du gel et dans un endroit propre, sec et sans odeur.]|"
1,72€ / L"|"
5,69 €"
958|Boisson gazeuse aux extraits végétaux, frigo pack|Les 10 canettes de 33cl|[Origine : FRANCE, Distributeur de boîtes. Facile à transporter et à ranger. Pratique pous se servir. Le goût de Coca-Cola avec zéro sucres.Notre recette mélange unique d'ingrédients, de caféine, d'eau pétillante, avec une touche caramel recrée le goût de Coca-Cola, sans sucres. Coca-Cola zéro contient zéro sucres. Appréciez-le sans contrainte. Qualité et goût garantis par The Coca - Cola Company., Déchirez selon les pointillés. Ouvrez l'avant du pack. Retenez la 1ère boîte. Servez-vous ! Se boit très frais. Ne pas agiter., Eau gazéifiée, colorant : caramel (E150d), acidifiants : acide phosphorique et citrate de sodium, édulcorants : aspartame, acésulfame-K, extraits végétaux, arôme caféine. Contient une source de phénylalanine., Valeur énergétique en Joules :  1,3Kj, Valeur énergétique en Kcal : 0,3KCal, Glucides : 0g, Lipides : 0g, Protides :0g, Conserver à l'abri de la chaleur et du gel dans un endroit propre, sec et sans odeur.]|"
1,62€ / L"|"
5,33 €"
959|Boisson gazeuse aux extraits végétaux, sans caféine|La boîte de 33cl|[Origine : FRANCE, Ne pas agiter., Eau gazéifiée, colorant : caramel (E150d), acidifiants : acide phosphorique et acide citrique, édulcorants : aspartame et acésulfame-K, extraits végétaux. Contient une source de phénylalanine., Valeur énergétique en Joules :  1, Valeur énergétique en Kcal : 0,2, Glucides : 0g, Lipides : 0g, Protides :0g, Conserver à l'abri de la chaleur et du gel dans un endroit propre, sec et sans odeur.]|"
2,36€ / L"|"
0,78 €"
960|Boisson gazeuse aux extraits végétaux, sans caféine|La bouteille de 1,5L|[Origine : FRANCE, Se boit très frais., Eau gazéifiée, colorant : caramel (E150d), acidifiants : acide phosphorique et acide citrique, édulcorants : aspartame et acésulfame K, extraits végétaux. Sans caféine., Valeur énergétique en Joules :  1, Valeur énergétique en Kcal : 0,2, Glucides : 0, Lipides : 0, Protides :0, Conserver à l'abri de la chaleur et du gel dans un endroit propre, sec et sans odeur. Ne pas agiter.]|"
1,11€ / L"|"
1,67 €"
961|Boisson gazeuse aux extraits végétaux, sans caféine|La bouteille de 1,5L|[Origine : FRANCE, Le goût de Coca-Cola avec zéro sucres et zéro caféine., Ne pas agiter. Se boit très frais., Eau gazéifiée, colorant : caramel (E150d), acidifiants : acide phosphorique et citrate de sodium, édulcorants : aspartame, acésulfame-k, extraits végétaux. Contient une source de phénylalanine., Valeur énergétique en Joules :  1,4kj, Valeur énergétique en Kcal : 0,3kcal, Glucides : 0g, Lipides : 0g, Protides :0g, Conserver à l'abri de la chaleur et du gel dans un endroit propre, sec et sans odeur.]|"
1,07€ / L"|"
1,60 €"
962|Pulpée Orange, à base de jus concentré, sans conservateur|La bouteille de 1,5L|[Origine : FRANCE, Servir frais, nature ou en cocktail., Valeur énergétique en Joules :  157kj, Valeur énergétique en Kcal : 37kcal, Glucides : 9,1g, Lipides : 0,1g, Protides :0,1g, A conserver à l'abri de la lumière et de la chaleur dans un endroit sec et propre. Après ouverture, à conserver au frais et à consommer rapidement.]|"
0,77€ / L"|"
1,15 €"
963|Soda Orange, sans conservateur, à base de jus de fruits          concentrés aromatisée orange|La bouteille de 1,5L|[Origine : FRANCE, Servir frais., Eau gazéifiée, jus d'orange à base de concentré (10%), sucre, acidifiant : acide citrique, arôme naturel d'orange avec autres arômes naturels, conservateur : sorbate de potassium, antioxydant : acide ascorbique, stabilisant : gomme guar, colorants :E160a., Valeur énergétique en Joules :  162kj, Valeur énergétique en Kcal : 38kcal, Glucides : 9,5g, Lipides : 0g, Protides :0,01g, Avant ouverture : à conserver à l'abri de la lumière et de la chaleur. Après ouverture : à conserver au frais et à consommer rapidement.]|"
0,79€ / L"|"
1,19 €"
964|boisson à l'orange, édulcorants, zéro sucres ajoutés|La bouteille de 1,5L|[Origine : FRANCE, Ne pas agiter. Se bois très frais., Eau gazéifiée, jus d'orange à base de concentré (10%), jus de citron à base de concentré (2%), édulcorants : aspartame, acésulfame-k, conservateur : sorbate de potassium, arômes naturels d'orange avec autres arômes naturels, stabilisant : gomme de guar, extrait de miel, colorant : bêta carotène. Contient une source de phénylalanine., Valeur énergétique en Joules :  12,8Kj, Valeur énergétique en Kcal : 3KCal, Glucides : 0,49g, Lipides : 0g, Protides :0g, Conserver à l'abri de la chaleur et du gel dans un endroit propre, sec et sans odeur.]|"
1,29€ / L"|"
1,94 €"
965|Boisson gazeuse à la fraise et au kiwi|La bouteille de 1,5L|[Origine : COMMUNAUT EUROPEENNE]|"
1,27€ / L"|"
1,91 €"
966|Boisson gazeuse au jus d'orange|La boîte de 33cl|[Origine : FRANCE, Se boit très frais. Ne pas agiter., Eau gazéifiée, jus d'orange à base de concentré (10%), sucre, jus de citron à base de concentré (2%), arômes naturels d'orange avec autres arômes naturels, conservateur : sorbate de potassium, stabilisant : gomme guar, extraits de miel, colorant : béta-carotène., Conserver à l'abri de la chaleur et du gel, dans un endroit propre, sec et sans odeur.]|"
2,09€ / L"|"
0,69 €"
967|Boisson gazeuse au jus d'orange|Les 6 canettes de 33cl|[Origine : FRANCE, Se boit très frais. Ne pas agiter., Eau gazéifiée, jus d'orange à base de concentré (10%), sucre, jus de citron à base de concentré (2%), arômes naturels d'orange avec autres arômes naturels, conservateur : sorbate de potassium, stabilisant : gomme guar, extraits de miel, colorant : béta-carotène., Valeur énergétique en Joules :  166, Valeur énergétique en Kcal : 39,7, Glucides : 9,6, Lipides : 0, Protides :0, Conserver à l'abri de la chaleur et du gel, dans un endroit propre, sec et sans odeur.]|"
1,55€ / L"|"
3,07 €"
968|Boisson rafraichissante aromatisé fruit tropicaux|La bouteille de 1,5L|[Origine : FRANCE, Valeur énergétique en Joules :  176kj, Valeur énergétique en Kcal : 41,3kcal, Glucides : 10,1g, Lipides : 0g, Protides :0g]|"
1,29€ / L"|"
1,94 €"
969|Citron frappé, boisson pétillante|La bouteille de 1.5L|[Origine : FRANCE, Se boit très frais. Ne pas agiter., Eau gazéifiée, sucre, jus de citron (5%),antioxydant : acide ascorbique, acidifiant : acide citrique, conservateur : sorbate de potassium, stabilisants : E414, E445, arômes naturels de citron avec autres arômes naturels, colorants : chlorophylles, lutéine., Valeur énergétique en Joules :  211Kj, Valeur énergétique en Kcal : 50Kcal, Glucides : 12,1g, Lipides : 0g, Protides :0g, Conserver à l'abri de la chaleur et du gel dans un endroit propre, sec et sans odeur.]|"
1,10€ / L"|"
1,65 €"
970|Jus d'orange|La bouteille de 1,5L|[Origine : FRANCE, Avec du jus d'orange aux arômes naturels., Se bois très frais. Ne pas agiter., Eau gazéifiée, jus d'orange à base de concentré (10%), sucre, jus de citron à base de concentré (2%), arômes naturels d'orange avec autres arômes naturels, conservateur : sorbate de potassium, stabilisant : gomme de guar, extraits de miel, colorant :béta-carotène., Valeur énergétique en Joules :  166Kj, Valeur énergétique en Kcal : 40KCal, Glucides : 9,6g, Lipides : 0g, Protides :0g, Conserver à l'abri de la chaleur et du gel, dans un endroit propre, sec et sans odeur.]|"
0,99€ / L"|"
1,48 €"
971|Soda original inventé et produit en corse|La bouteille de 1,5l|"[Origine : FRANCE, Mouss'or c'est un soda ""original"". Une recette exclusive inventée et produite en Corse depuis 1960. Son goût unique de pomme et de caramel fait le régal des amateurs de tous ages depuis plusieurs générations., Eau gazéfiée, sucre de canne, arômes pomme et caramel, acidulant acide citrique., A conserver à l'abri de la lumière et de la chaleur dans un endroit sec et propre. Après ouverture, à conserver au frais et à consommer rapidement.]"|"
1,07€ / L"|"
1,60 €"
972|Boisson gazeuse rafraîchissante aux fruits, fraise|La bouteille de 1,5L|[Origine : FRANCE, Boisson gazeuse rafraîchissante aux fruits.                               Le bon goût d'Orangina avec une touche de Fraise.                         Teneur en fruits et Pulpe 14%                                             Cette bouteille se recycle.Pensez à la trier !, A déguster frais., Eau gazéifiée, jus d'orange et autres agrumes à base de concentrés 12% (orange 10%, citron, mandarine, pamplemousse), sucre, pulpe d'orange 2%, arômes naturels colorants : anthocyanes et carmins, extrait de zeste d'orange, conservateur: sorbate de potassium., Valeur énergétique en Joules :  142kj, Valeur énergétique en Kcal : 33kcal, Glucides : 7,8g, Lipides : 0g, Protides :0,1g, A conserver à l'abri du soleil et de la chaleur.  Après ouverture, conserver au réfrigérateur et consommer rapidement.]|"
1,38€ / L"|"
2,07 €"
973|Boisson gazeuse rafraîchissante aux fruits, grenade|La bouteille de 1,5L|[Origine : FRANCE]|"
1,37€ / L"|"
2,05 €"
974|Boisson gazeuse rafraîchissante aux fruits, orange|La boîte de 33cl|[Origine : FRANCE, Se boit très frais., eau gazéifiée, jus d'oronge et autres agrumes a base de concentrés, 12% (orange l0%, citron, pamplemousse,  mandarine), pulpe d'orange 2%, extrait de zeste d'orange, arômes naturels, édulcorants : aspartame et acésulfame K. Contient une source de phénylalanine., Valeur énergétique en Joules :  26Kj, Valeur énergétique en Kcal : 6Kc, Glucides : 1,2g, Lipides : 0g, Protides :0,1g, A conserver à l'abri de la chaleur.]|"
2,12€ / L"|"
0,70 €"
975|Boisson gazeuse rafraîchissante aux fruits, orange|La boîte de 33cl|[Origine : FRANCE, Boisson gazeuse rafraîchissante aux fruits., Se boit très frais., Eau gazéifiée, jus d'orange et autres agrumes à base de concentrés 12% (orange 10%, citron, pamplemousse, mandarine), sucre, pulpe d'orange 2%, extrait de zeste d'orange, arômes naturels. Sans colorant., Valeur énergétique en Joules :  179Kj, Valeur énergétique en Kcal : 42,8Kc, Glucides : 10.2g, Lipides : 0g, Protides :0.1g, A conserver à l'abri de la chaleur.]|"
2,12€ / L"|"
0,70 €"
976|Boisson gazeuse rafraîchissante aux fruits, orange|La bouteille de 1,5L|[Origine : FRANCE, Orangina et sa pulpe! Secouez, buvez!, Se boit très frais., eau gazéifiée, jus d'orange et autres agrumes à base de concentré 12 % (orange 10 %, citron, pamplemousse, mandarine), pulpe d'orange 2 %, extrait de zeste d'orange, arômes naturels, édulcorants : aspartame et acésulfame K, conservateur : sorbate depotassium. Contient une source de phénylalanine., Valeur énergétique en Joules :  26, Valeur énergétique en Kcal : 6, Glucides : 1,2g, Lipides : 0g, Protides :0,1g, A conserver à l'abri du soleil et de la chaleur.]|"
1,23€ / L"|"
1,85 €"
977|Boisson gazeuse rafraîchissante aux fruits, orange|Les 6 bouteilles de 25cl|[Origine : FRANCE, Teneur garantie en fruits., Se boit très frais., Eau gazéifiée, jus d'orange et autres agrumes à base de concentrés 12% (orange 10%, citron, pamplemousse, mandarine), sucre, pulpe d'orange 2%, extrait de zeste d'orange, arômes naturels, conservateurs : sorbate de potassium, benzoate de sodium., A conserver à l'abri du soleil et de la chaleur.]|"
3,27€ / L"|"
4,90 €"
978|Boisson gazeuse rafraîchissante aux fruits, orange|Les 6 canettes de 33cl|[Origine : FRANCE, Secouez, buvez !, Se boit très frais., Eau gazéifiée, jus d'orange et autres agrumes à base de concentrés 12% (orange 10%, citron, pamplemousse, mandarine), sucre, pulpes d'orange (2%), extraits de zeste d'orange, arômes naturels d'orange. Boisson conservée par pasteurisation., Valeur énergétique en Joules :  179Kj, Valeur énergétique en Kcal : 42,8Kc, Glucides : 10.2g, Lipides : 0g, Protides :0.1g, A conserver à l'abri de la chaleur.]|"
1,96€ / L"|"
3,88 €"
979|Boisson gazeuse rafraîchissante aux fruits, orange|Les 6 canettes de 33cl|[Origine : FRANCE, Se boit très frais. Contient une source de phénylalanine, Eau gazéifiée, jus d'orange et autres agrumes à base de concentrés 12% (orange 10%, citron, pamplemousse, mandarine), pulpe d'orange 2%, arômes naturels d'orange, édulcorants : aspartame et acésulfame-K. Contient une source de phénylalanine., A conserver à l'abri de la chaleur.]|"
2,08€ / L"|"
4,12 €"
980|Boisson gazeuse rafraîchissante aux fruits, passion|La bouteille de 1,5L|[Origine : FRANCE, Boisson gazeuse rafraîchissante aux fruits avec édulcorants.              Saveur passion.                                                           Light. 0 sucres ajoutés. Contient les sucres naturellement présents dans les fruits.Sans aspartame (avec édulcorants).                                        Cette bouteille se recycle. Pensez à la trier !, A déguster frais., Eau gazéifiée, jus d'orange et autres agrumes à base de concentrés 12% (orange 10%, citron, mandarine, pamplemousse), pulpe d'orange 2%, colorants : acide carminique et caroténoïdes mélangés, arômes naturels d'orange avec autre arôme naturel, conservateur : sorbate de potassium, édulcorants : acesulfame K et sucralose, extrait de zeste d'orange., A conserver à l'abri du soleil et de la chaleur.  Après ouverture, conserver au réfrigérateur et consommer rapidement.]|"
1,33€ / L"|"
1,99 €"
981|Fruits, boisson gazeuse|La bouteille de 1,5L|[Origine : FRANCE, Se boit très frais. Secouez, buvez !, Eau gazéifiée, jus d'orange et autres agrumes à base de concentrés 12% (orange 10%, citron, pamplemousse, mandarine), sucre, pulpe d'orange 2%, extrait de zeste d'orange, arômes naturels d'orange, conservateurs : sorbate de potassium, benzoate de sodium., Valeur énergétique en Joules :  179, Valeur énergétique en Kcal : 42,8, Glucides : 10,2, Lipides : 0, Protides :0,1, A conserver à l'abri du soleil et de la chaleur.]|"
1,19€ / L"|"
1,79 €"
982|Boisson gazeuse aux extraits naturels d'orange et arômes pamplemousse, citron vert et mandarine|La boîte de 33cl|[Origine : FRANCE, Servir frais., Eau gazéifiée, sirop de glucose fructose, sucre, extraits naturels d'orange, acidifiant : acide citrique, conservateurs (E202, E211), amidon modifié, stabilisants (E445, E452), antioxygène : acide ascorbique, arômes (pamplemousse, citron vert, mandarine), colorant : E142., Valeur énergétique en Joules :  206Kj, Valeur énergétique en Kcal : 49Kc, Glucides : 12g, Lipides : 0g, Protides :0g, A conserver à l'abri de la chaleur]|"
2,12€ / L"|"
0,70 €"
983|Boisson gazeuse aux extraits naturels d'orange et arômes pamplemousse, citron vert et mandarine|La bouteille de 1,5L|[Origine : FRANCE, Aux saveurs de 4 agrumes sans amertume., Servir frais., Eau gazéifiée, extraits naturels d'orange, acidifiant : acide citrique, édulcorants (E950, E951, E954), conservateur : E202, amidon modifié, antioxygène : acide ascorbique, arômes naturels d'agrumes avec autres arômes naturels, stabilisants E445, colorant E142. Contient une source de phénylalanine., Valeur énergétique en Joules :  8,1Kj, Valeur énergétique en Kcal : 2Kc, Glucides : 0,2g, Lipides : 0g, Protides :0g, A conserver à l'abri du soleil et de la chaleur]|"
1,27€ / L"|"
1,91 €"
984|Boisson gazeuse aux extraits naturels d'orange et arômes pamplemousse, citron vert et mandarine|Les 6 boîtes de 33cl|[Origine : FRANCE, Servir frais., Eau gazéifiée, sirop de glucose fructose, sucre, extraits naturels d'orange, acidifiant : acide citrique, conservateurs : E202, édulcorants (E951, E950), amidon modifié, antioxydant : acide ascorbique, stabilisant E445, arômes naturels d'agrumes avecautres arômes naturels, colorant E142. Contient une source de phénylalanine., Valeur énergétique en Joules :  206Kj, Valeur énergétique en Kcal : 49Kc, Glucides : 12g, Lipides : 0g, Protides :0g, A conserver à l'abri de l'humidité.]|"
1,93€ / L"|"
3,82 €"
985|Boisson gazeuse aux extraits naturels d'orange et arômes pamplemousse, citron vert et mandarine|Les 6 canettes de 33cl|[Origine : FRANCE]|"
1,93€ / L"|"
3,82 €"
986|Extraits orange et arômes pamplemousse, citron vert et mandarine, boisson gazeuse|La bouteille de 1,5L|[Origine : FRANCE, Servir frais., Eau gazéifiée, A : sirop de glucose-fructose, sucre ou B : sucre (A ou B voir le haut de la bouteille), extraits naturels d'orange, acidifiant : acide citrique, conservateur : E202, édulcorants : E951, E950, amidon modifié, antioxydant : acide ascorbique, stabilisants : E445, arômes naturels d'agrumes avec d'autres arômes naturels, colorant : E142. Contient une source de phénylalanine., Valeur énergétique en Joules :  196, Valeur énergétique en Kcal : 46,8, Glucides : 12, Lipides : 0, Protides :0, A conserver à l'abri du soleil et de la chaleur]|"
1,20€ / L"|"
1,80 €"
987|Pêch', aux saveurs des 4 pêches|La bouteille de 1,5L|[Origine : FRANCE, 'Créateur de saveurs' Découvrez Schweppes Pêch', une délicieuse recette aux saveurs de pêche jaune, pêche blanche, pêche de vigne et pêche plate de Chine., Servir frais. 1 bouteille de 1,5 litre contient 7 verres et demi de 200 ml., Eau gazéifiée, A : sirop de glucose-fructose, sucre ou B : sucre (A ou B voir le haut de la bouteille), acidifiant : acide citrique, arômes, conservateur E202, antioxygène : acide ascorbique, amidon modifié, édulcorants (E950, E951), stabilisants (E445, E444), colorants : acide carminique et caroténoïdes mélangés., Valeur énergétique en Joules :  118kj, Valeur énergétique en Kcal : 28kcal, Glucides : 6,8g, Lipides : 0g, Protides :0g, A conserver à l'abri du soleil et de la chaleur.]|"
1,33€ / L"|"
1,99 €"
988|Schweppes framboise|La bouteille de 1,5L|[Origine : FRANCE]|"
1,32€ / L"|"
1,98 €"
989|Schweppes lemon|La bouteille de 1,5L|[Origine : FRANCE, Une délicieuse recette aux extraits naturels de citron et aux saveurs de citron vert, yuzu et combava., Servir frais., Eau gazéifiée, A : sirop de glucose-fructose, sucre ou B : sucre (A ou B voir le haut de la bouteille), extraits naturels de citron, acidifiant : acide citrique, arômes naturels de citron et autres arômes naturels, conservateur E202, édulcorants (E951, E950), amidon modifié, stabilisants (E445, E444). Contient une source de phénylalanine., Valeur énergétique en Joules :  180Kj, Valeur énergétique en Kcal : 42Kcal, Glucides : 10g, Lipides : 0g, Protides :0g, A conserver à l'abri du soleil et de la chaleur.]|"
1,33€ / L"|"
1,99 €"
990|Schweppes lemon Zero|La bouteille de 1,5L|[Origine : FRANCE, 0% calorie. 'Créateur de Saveurs' Découvrez Schweppes Lemon Light, une délicieuse recette aux extraits naturels de citron et saveurs de citron vert, yuzu et combava., Servir Frais., Eau gazéifiée, extraits naturels de citron, acidifiant : acide citrique, arômes naturels de citron avec autres arômes naturels, édulcorants (E950, E951, E954), conservateurs E202, amidon modifié, stabilisants (E445, E444). Contient une source de phénylalanine., Valeur énergétique en Joules :  6,2Kj, Valeur énergétique en Kcal : 1,5Kcal, Glucides : 0g, Lipides : 0g, Protides :0g, A conserver à l'abri du soleil et de la chaleur.]|"
1,33€ / L"|"
1,99 €"
991|Schweppes Mandarine|La bouteille de 1,5L|[Origine : FRANCE]|"
1,33€ / L"|"
1,99 €"
992|Schweppes Mûre|La bouteille de 1,5L|[Origine : FRANCE]|"
1,33€ / L"|"
1,99 €"
993|Schweppes Poire|La bouteille de 1,5L|[Origine : FRANCE, Boisson gazeuse rafraîchissante aux saveurs de 4 poires : poire comice, conférence, alexandrine et williams.                                        Cette bouteille se recycle. Pensez à la trier !, Eau gazéifiée, sucre, acidifiant: acide citrique, arômes naturels, colorants : caramel ordinaire et lutéine, conservateur : sorbate de potassium, antioxydant: acide ascorbique, édulcorants : acésulfame K et sucralose, amidon modifié, stabilisants (E445, E444)., Valeur énergétique en Joules :  103kj, Valeur énergétique en Kcal : 24kcal, Glucides : 5,8g, Lipides : 0g, Protides :0g, A conserver à l'abri du soleil et de la chaleur.  Après ouverture, conserver au réfrigérateur et consommer rapidement.]|"
1,33€ / L"|"
1,99 €"
994|Schweppes Pomm', aux saveurs de 4 pommes|La bouteille de 1,5l|[Origine : FRANCE, 'Créateur de Saveurs'. Découvrez Schweppes Pomm', une délicieuse recette aux saveurs de pomme rouge, Granny Smith, Boskoop et Royal Gala., Servir frais., Eau gazéifiée, sucre, acidifiants : acide citrique et acide malique, arômes, conservateur E202, colorants : caramel E150d et caroténoïdes mélangés, édulcorants (E950, E955)., Valeur énergétique en Joules :  120kj, Valeur énergétique en Kcal : 28kcal, Glucides : 6,8g, Lipides : 0g, Protides :0g, A conserver à l'abri de du soleil et de la chaleur.]|"
1,33€ / L"|"
1,99 €"
995|Schweppes zero ananas|La bouteille de 1,5L|[Origine : FRANCE, Boisson gazeuse rafraîchissante aux saveurs de 4 ananas : ananas Cayenne, Pernambuco, Queen et Victoria, avec édulcorants.                          Zero sucres.                                                              Zero aspartame. Avec édulcorants.                                                                                                                   Cette bouteille se recycle. Pensez à la trier !, A déguster frais, Eau gazéifiée, acidifiant: acide citrique, édulcorants : acésulfame K et sucralose, colorants : caramel ordinaire et lutéine, conservateur : sorbate de potassium, antioxydant : acide ascorbique, arômes naturels, amidon modifié, stabilisants: (E445, E444)., Valeur énergétique en Joules :  4,2kj, Valeur énergétique en Kcal : 1kcal, Glucides : 0g, Lipides : 0g, Protides :0g, A conserver à l'abri du soleil et de la chaleur.  Après ouverture, conserver au réfrigérateur et consommer rapidement.]|"
1,33€ / L"|"
1,99 €"
996|Boisson gazeuse au jus de fruits, agrumes|La bouteille de 1,5L|[Origine : FRANCE, Taillefine vous offre toute la sentation des bulles et des fruits dans une une boisson légère à 0% de calorie.                                      Boisson hypocalorique convenant particulièrement aux personnes qui contrôlent leurs apports en calories.                                                                                                                      Bouteille recyclable.                                                     Faites un geste pour l'environnement, pensez au tri!, Ce produit convient aux personnes consommant peu de produits lactés., Eau de source gazéifiée (95%), jus de fruits à base de concentré 5% (citron 3%, pamplemousse 1%, orange 1%), arôme, acidifiant : acide citrique, sulfate de magnésium, lactate et chlorure de calcium, conservateur : E202, émulsifiants : E414 et E445, édulcorants : acésulfame K et sucralose, colorant : lutéine.                                                                                      Données nutritionnelles pour 100 ml:  0,3g de glucides.n- Valeur énergétique pour 100 ml:  0,3g de glucides.n- Valeur énergétique pour 100 ml: 1,9 Kcal., Valeur énergétique en Joules :  12,1, Valeur énergétique en Kcal : 2,9, Glucides : 0,6, Lipides : 0, Protides :0, A conserver dans un endroit propre, sec et frais à l'abri de la lumière et des odeurs.]|"
1,13€ / L"|"
1,70 €"
997|Boisson à base d'eau et de pulpe d'aloe vera (12%) aromatisée|La bouteille de 50cl|[Origine : THAILANDE, Sans colorant et sans conservateur, la boisson à l'aloe vera est élaborée à partir de pulpe fraîche d'aloé vera. Les morceaux de pulpe en suspension dans la bouteille apportent un croquant subtil et inédit à cette boisson. Cette bouteille contient environ 2 portions de 200 ml., Agitez avant d'ouvrir. Servir frais., Eau 75%, pulpe d'aloe vera 12%, sirop de glucose 7%, sirop de fructose 4%, arôme, acidifiant : acide citrique., Valeur énergétique en Joules :  230kj, Valeur énergétique en Kcal : 54kcal, Glucides : 13g, Lipides : 0g, Protides :0,1g, Avant ouverture, à conserver dans un endroit propre et sec, à l'abri de la chaleur et de la lumière. Après ouverture, à conserver au réfrigérateur et à consommer dans les 5 jours.]|"
2,48€ / L"|"
1,24 €"
998|Boisson Exotique à l'eau de source, à base de jus d'orange, de pomme, de mangue et de fruit de la passion|La bouteille plastique de 2L|[Origine : FRANCE, Boisson aux jus de fruits à base de concentrés aromatisée exotique., Eau de source 82,1%, jus de fruits à base de concentrés 12% (orange 5,5%, pomme 5,3%, ananas 1%, mangue 0,1%, passion 0,1%), sucre, acidifiant : acide citrique, arômes antioxydant : acide ascorbique, colorant : bêta-carotène, stabilisant : esters glycérique de résine de bois., Valeur énergétique en Joules :  170, Valeur énergétique en Kcal : 40, Glucides : 10, Lipides : 0, Protides :0, Avant ouverture : à conserver dans un endroit frais, à l'abri de la lumière et de l'humidité. Après ouverture : à conserver au réfrigérateur et à consommer dans les 5 jours.]|"
0,58€ / L"|"
1,15 €"
999|Boisson Orange à l'eau de source|La bouteille plastique de 2L|[Origine : FRANCE, Boisson aux jus de fruits à base de concentrés aromatisée orange., Servir frais. Agiter avant d'ouvrir., Eau de source 78,5%, jus de fruits à base de concentrés 15% (orange 13%, pomme 2%), sucre, acidifiants : acide citrique, acide malique, arôme naturel d'orange, antioxydant : acide ascorbique, colorant : extrait de paprika. Sans conservateur., Avant ouverture, à conserver dans un endroit frais, à l'abri de la lumière et de l'humidité. Après ouverture, à conserver au réfrigérateur et à consommer sous 5 jours.]|"
0,58€ / L"|"
1,15 €"
1000|Boisson sans alcool à l'aloe vera|La bouteille de 50cl|[Origine : THAILANDE, A boire très frais., Eau, pulpe d?Aloe vera, Fructose/Glucose, Acide citrique, Aromes, Valeur énergétique en Joules :  139, Valeur énergétique en Kcal : 34.8, Glucides : 8.4, Lipides : 0, Protides :0, Après ouverture à conserver au frais et à consommer dans les 5 jours]|"
4,30€ / L"|"
2,15 €"
1001|Boisson sans alcool à l'aloe vera et au thé vert|La bouteille de 50cl|[Origine : THAILANDE, Sans colorant ni conservateur Aloe Drink For Life Thé vert est une boisson rafraîchissante sans alcool prête à boire. Le goût caractéristique du Thé Vert associé au croquant de la pulpe d'Aloe Vera magiquement en suspension dans la bouteille en fontune boisson ''Plaisir'de référence  particulièrement facile et agréable à consommer., A boire très frais., Eau, pulpe d?Aloe vera, Fructose/Glucose, Acide citrique, Aromes, Valeur énergétique en Joules :  139, Valeur énergétique en Kcal : 34.92, Glucides : 8.4, Lipides : 0, Protides :0, Après ouverture à conserver au frais et à consommer dans les 5 jours.]|"
4,30€ / L"|"
2,15 €"
1002|Lait de coco|La boite de 400ml|[Origine : FRANCE]|"
7,95€ / L"|"
3,18 €"
1003|Lait de coco|La boite de 400ml|[Origine : FRANCE]|"
7,95€ / L"|"
3,18 €"
1004|Boisson rafraîchissante aux fruits, Tropical, sans sucres ajoutés|La bouteille de 2L|[Origine : FRANCE, Des fruits et de l'eau de source, toute la gourmandise des fruits., Eau de source 80%, jus de fruits à base de concentrés 12% (orange 6,4%, pomme 5%, fruit de la passion 0,1%, mangue 0,07%), eau, acidifiant : acide citrique, arômes, correcteur d'acidité : citrate de sodium, édulcorants : aspartame et acésulfame K, antioxygène : acide ascorbique, stabilisant : gomme d'acacia, colorant : extrait de paprika. Contient une source de phénylalanine. Colorant d'origine naturelle. Sana sucres ajoutés. Sans conservateur, sans colorant artificiel., A  conserver à l'abri du soleil et de la chaleur. Après ouverture, conserver au réfrigérateur et consommer rapidement.]|"
1,19€ / L"|"
2,37 €"
1005|Boisson rafraîchissante aux fruits et à l'eau de source, Cocktail Tropical|La bouteille de 2L|[Origine : FRANCE, Eau de source 80%, jus de fruits à base de concentrés 12% (orange 6,4%, pomme 5,5%, fruit de la passion 0,1%, mangue 0,07%), sucre, acidifiant : acide citrique, arômes, antioxygène : acide ascorbique, stabilisant : gomme d'acacia, colorant : extraitde paprika. Sans conservateur, sans colorant artificiel., A conserver à l'abri du soleil et de la chaleur. Après ouverture, à conserver au réfrigérateur et consommer rapidement.]|"
1,00€ / L"|"
1,99 €"
1006|Boisson rafraîchissante aux fruits et à l'eau de source, Cocktail Tropical|Les 6 canettes de 33cl|[Origine : FRANCE, Eau de source 80%, jus de fruits à base de concentrés 12% (orange 6,4%, pomme 5,5%, fruit de la passion 0,1%, mangue 0,07%), sucre, acidifiant : acide citrique, arômes, antioxygène : acide ascorbique, stabilisant : gomme d'acacia, colorant : extraitde paprika. Teneur en fruits 12%. Sans conservateur., Valeur énergétique en Joules :  167, Valeur énergétique en Kcal : 39,9, Glucides : 10, Lipides : 0,1, Protides :0,1, A conserver à l'abri de la chaleur. Après ouverture, conserver au réfrigérateur et consommer rapidement.]|"
1,91€ / L"|"
3,78 €"
1007|Boisson rafraîchissante aux fruits et à l'eau de source, fraise et framboise|La bouteille|[Origine : FRANCE, Eau de source 80%, jus de fruits à base de concentrés 12% (pomme, fraise 5,5%, framboise 0,5%), sucre, acidifiant : acide citrique, arômes, colorant : anthocyanes, stabilisants (E414, E445, E444). Colorant d'origine naturelle. Sans conservateur, sanscolorant artificiel, sans arôme artificiel., Valeur énergétique en Joules :  162Kj, Valeur énergétique en Kcal : 38Kcal, Glucides : 9,2g, Lipides : 0g, Protides :0g, A conserver à l'abri du soleil et de la chaleur. Après ouverture, conserver au réfrigérateur et consommer rapidement.]|"
1,20€ / L"|"
2,39 €"
1008|Boisson rafraîchissante aux fruits et à l'eau de source, mûre et framboise|La bouteille de 2l|[Origine : FRANCE, Boisson rafraîchissante aux fruits avec édulcorants. Sans aspartame. Teneur en fruits 12%., Eau de source 80%, jus de fruits à base de concentrés 12% (pomme, framboise 3%, mûre 3%, orange), eau, acidifiant : acide citrique, arômes naturels, colorant : acide carminique, concentrés (carotte, hibiscus), édulcorants : acésulfame K et sucralose.Sans sucres ajoutés., Valeur énergétique en Joules :  25kj, Valeur énergétique en Kcal : 5,9kcal, Glucides : 1,1g, Lipides : 0g, Protides :0g, A conserver à l'abri du soleil et de la chaleur. Après ouverture, conserver au réfrigérateur et consommer rapidement.]|"
1,20€ / L"|"
2,39 €"
1009|Boisson rafraîchissante aux fruits et à l'eau de source, orange|La bouteille de 2L|[Origine : FRANCE, Eau de source 80%, jus de fruits à base de concentrés 12% (orange 10%, pomme), sucre, acidifiants : acide citrique et acide malique, arômes, antioxydant : acide ascorbique,  colorants : extrait de paprika. Sans conservateur., Valeur énergétique en Joules :  176, Valeur énergétique en Kcal : 41, Glucides : 9,9, Lipides : 0, Protides :0,1, A conserver à l'abri du soleil et de la chaleur. A conserver au réfrigérateur après ouverture et consommer rapidement.]|"
1,00€ / L"|"
1,99 €"
1010|Boisson rafraîchissante aux fruits et à l'eau de source, orange|Les 6 canettes de 33cl|[Origine : FRANCE]|"
1,88€ / L"|"
3,73 €"
1011|Boisson rafraîchissante aux fruits et à l'eau de source, orange et fraise|La bouteille de 2L|[Origine : FRANCE]|"
1,16€ / L"|"
2,32 €"
1012|Boisson rafraîchissante aux fruits et à l'eau de source, pêche et abricot|La bouteille de 2L|[Origine : FRANCE, Des fruits et de l'eau de source., Eau de source 80%, jus de fruits à base de concentrés 12% (pomme, pêche 3%, abricot 3%), sucre, acidifiant : acide citrique, stabilisants (E414, E445, E444), antioxygène: acide ascorbique, colorants : acide carminique et lutéine, arômes. Sans conservateur, sans colorant artificiel et sans arôme artificiel., Valeur énergétique en Joules :  170Kj, Valeur énergétique en Kcal : 41KCal, Glucides : 9,8g, Lipides : 0g, Protides :0g, A conserver à l'abri du soleil et de la chaleur Après ouverture, conserver au réfrigérateur et consommer rapidement.]|"
1,20€ / L"|"
2,39 €"
1013|Boisson rafraîchissante aux fruits et à l'eau de source, pomme, cassis et framboise|La bouteille de 2L|[Origine : FRANCE, Des fruits et de l'eau de source., Eau de source 80%, jus de fruits à base de concentrés 12% (pomme 8,5%, cassis 2%, sureau, framboise 0.2%), sucre, acidifiant : acide citrique et acide malique, arômes, antioxygène : acide ascorbique. Sans colorant ni conservateur. Sans arôme artificiel., Valeur énergétique en Joules :  180Kj, Valeur énergétique en Kcal : 43KCal, Glucides : 10g, Lipides : 0g, Protides :0g, A conserver à l'abri du soleil et de la chaleur Après ouverture, conserver au réfrigérateur et consommer rapidement.]|"
1,15€ / L"|"
2,29 €"
1014|Boisson rafraîchissante aux fruits et à l'eau de source, pomme et poire|La bouteille de 2L|[Origine : FRANCE, Eau de source 80%, jus de fruits à base de concentrés 10% (pomme 8%, poire 2%), sucre, acidifiant : acide citrique, colorant : caramel (El 50a), arômes, antioxygène : acide ascorbique., Valeur énergétique en Joules :  198Kj, Valeur énergétique en Kcal : 47Kcal, Glucides : 11g, Lipides : 0g, Protides :0g, A conserver à l'abri du soleil et de la chaleur.Après ouverture , conserver au réfrigérateur et consommer rapidement.]|"
1,20€ / L"|"
2,39 €"
1015|Boisson rafraîchissante aux fruits et à l'eau de source, Tropical|La bouteille de 50cl|[Origine : FRANCE, Valeur énergétique en Joules :  189, Valeur énergétique en Kcal : 44, Glucides : 11, Lipides : 0, Protides :0.1, Eau de source 80%, jus de fruits à base de concentré 12% (orange 6.4%, pomme 5.5%, fruit de la passion 0.1%, mangue 0.07%), sucre, acidifiant : acide citrique, arômes, antioxygène : acide ascorbique, stabilisant : gomme d'acacia, colorant : extrait de paprika. Sans conservateur. Sans bulles., A conserver à l'abri du soleil et de la chaleur. Après ouverture, conserver au réfrigérateur et consommer rapidement.]|"
2,06€ / L"|"
1,03 €"
1016|Boisson rafraîchissante aux fruits et à l'eau de source, Tropical|La canette de 33cl|[Origine : FRANCE, Eau, jus de fruits à base de concentrés : 12% (orange 6.4%, pomme 5.8%, fruit de la passion 0.1%, mangue.1%), sucre, acidifiant : acide citrique, arômes, antioxygène : acide ascorbique, stabilisant : gomme d'acacia, colorant : extrait de paprika. Teneur en fruits : 12%. Sans conservateur., à protéger de la chaleur; A conserver au froid après ouverture.; Consommer rapidement après ouverture.]|"
2,12€ / L"|"
0,70 €"
1017|Boisson rafraîchissante aux fruits, Orange|Les 8 poches de 20cl|[Origine : FRANCE, Boisson rafraîchissante aux fruits et à l'eau de source. Teneur en fruits 12%., Déchirez le coin. Mettez la paille. Agrippez la gourde., Eau de source 80%, jus de fruits à base de concentrés 12% (orange 10%, pomme 2%), sucre, acidifiants : acide citrique et acide malique, arômes, antioxydants : acide ascorbique et alpha tocophérol, colorants : lutéine, acide carminique et extrait de paprika, stabilisant : gomme d'acacia. Sans colorant artificiel, sans conservateur., Valeur énergétique en Joules :  176kj, Valeur énergétique en Kcal : 41kcal, Glucides : 9,9g, Lipides : 0g, Protides :0,1g, A conserver à l'abri du soleil et de la chaleur. Après ouverture, conserver au réfrigérateur et consommer rapidement.]|"
2,03€ / L"|"
3,24 €"
1018|Boisson rafraîchissante aux fruits, Tropical|Les 8 poches de 20cl|[Origine : FRANCE, Boisson rafraîchissante aux fruits et à l'eau de source. Teneur en fruits 12%., Déchirez le coin. Mettez la paille. Agrippez la gourde., Eau de source 80%, jus de fruits à base de concentrés 12% (orange 6,6%, pomme 5,3%, fruit de la passion 0,1%, mangue 0,07%), sucre, acidifiants : acide citrique, antioxydants : acide ascorbique et alpha tocophérol, colorants : lutéine, acide carminique et extrait de paprika, arômes, stabilisant : gomme d'acacia. Sans colorant artificiel, sans conservateur., Valeur énergétique en Joules :  165kj, Valeur énergétique en Kcal : 39kcal, Glucides : 9,4g, Lipides : 0g, Protides :0g, A conserver à l'abri du soleil et de la chaleur. Après ouverture, conserver au réfrigérateur et consommer rapidement.]|"
2,09€ / L"|"
3,35 €"
1019|Boisson rafraîchissante aux fruits et à l'eau de source, citronnade|La bouteille de 1,5L|[Origine : FRANCE, Citronnade rafraîchissante aux fruits et à l'eau de source.Pulco la remet au goût du jour en mariant la juste quantité de citrons pressés, relevés d'une note de citron confit, et d'eau de source., Prêt à boire. Agiter avant de servir. Servir frais. La formation d'un léger dépôt est naturelle., A conserver à l'abri du soleil et de la chaleur. Après ouverture, conserver au réfrigérateur et consommer rapidement.]|"
1,55€ / L"|"
2,33 €"
1020|Boisson rafraîchissante aux fruits et à l'eau de source, citron vert|La bouteille de 1,5L|[Origine : FRANCE]|"
1,59€ / L"|"
2,39 €"
1021|Pulco citronnade|Le pack de 6 canettes de 33cl|[Origine : FRANCE, Boisson rafraîchissante aux fruits et à l'eau de source., Agiter avant de servir. A servir très frais., Eau de source 80%, jus de fruits à base de concentrés 12% (citron 11%, orange 1%), sucre, pulpe de citron 0,7%, acidifiant : acide citrique, arôme naturel de citron avec autres arômes naturels, antioxydant : acide ascorbique. Sans colorant. Sans conservateur., Valeur énergétique en Joules :  122kj, Valeur énergétique en Kcal : 29kcal, Glucides : 6,5g, Lipides : 0g, Protides :0,1g, A conserver à l'abri de la chaleur. Après ouverture, conserver au réfrigérateur et consommer rapidement.]|"
1,85€ / L"|"
3,67 €"
1022|Eau de coco 100% naturelle, avec bouchon refermable|La brique de 1l|[Origine : FRANCE, Valeur énergétique en Joules :  50kj, Valeur énergétique en Kcal : 12kcal, Glucides : 3,2g, Lipides : 0g, Protides :0g]|"
4,20€ / L"|"
4,26 €"
1023|Light saveur pêche, à l'extrait de Thé aromatisée, avec édulcorants|La bouteille plastique de 1,5L|[Origine : FRANCE, A servir frais., Eau(99%), jus de pêche à base de concentré (0,6%), acidifiant : acide citrique, extraits de thé (1,0 g/L), arômes, correcteur d'acidité : citrate de sodium, édulcorants : aspartame et acésulfame de potassium, antioxygène : acide ascorbique. Contientune source de phénylalanine., Valeur énergétique en Joules :  14kj, Valeur énergétique en Kcal : 3Kcal, Glucides : 0,5g, Lipides : 0,1g, Protides :0,1g, Avant ouverture : à conserver dans un endroit propre et sec, à l'abri de la chaleur et de la lumière. Après ouverture : à conserver au frais et à consommer dans les 5 jours.]|"
0,79€ / L"|"
1,19 €"
1024|Saveur Mangue, à l'extrait de Thé aromatisée|La bouteille plastique de 50cl|[Origine : FRANCE, Boisson à l'extrait de thé aromatisée mangue., Servir frais., Eau (93%), sucre, acidifiant : acide citrique, extrait de thé (1,2g/l), jus de mangue à base de concentré (0,1%), arôme, correcteur d'acidité : citrate de sodium, antioxydant : acide ascorbique., Valeur énergétique en Joules :  114kj, Valeur énergétique en Kcal : 27kcal, Glucides : 12,8g, Lipides : 0,1g, Protides :0,1g, Avant ouverture : à conserver dans un endroit propre et sec, à l'abri de la chaleur et de la lumière. Après ouverture : à conserver au frais et à consommer dans les 5 jours.]|"
1,46€ / L"|"
0,73 €"
1025|Saveur pêche, à l'extrait de thé aromatisée|La bouteille plastique de 1.5L|[Origine : FRANCE, A servir frais., Eau(93%), sucre, jus de pêche à base de concentré (0.5%), acidifiant : acide citrique, arôme, extraits de thé (1.2g/L), correcteur d'acidité : citrate de sodium, antioxydant : acide ascorbique., Valeur énergétique en Joules :  111Kj, Valeur énergétique en Kcal : 26KCal, Glucides : 6,2g, Lipides : 0,1g, Protides :0,1g, Avant ouverture : à conserver dans un endroit propre et sec, à l'abri de la chaleur et de la lumière. Après ouverture : à conserver au frais et à consommer dans les 5 jours.]|"
0,70€ / L"|"
1,05 €"
1026|Saveur pêche, à l'extrait de Thé aromatisée|La bouteille plastique de 50cl|[Origine : FRANCE, Servir frais., Eau (93%), sucre, jus de pêche à base de concentré (0,5%), acidifiant : acide citrique, arôme, extrait de thé (1,2g/l), correcteur d'acidité : citrate de sodium, antioxydant : acide ascorbique., Valeur énergétique en Joules :  111, Valeur énergétique en Kcal : 26kcal, Glucides : 6,2g, Lipides : 0,1g, Protides :0,1g, Avant ouverture : à conserver dans un endroit propre et sec, à l'abri de la chaleur et de la lumière. Après ouverture : à conserver au frais et à consommer dans les 5 jours.]|"
1,46€ / L"|"
0,73 €"
1027|Pêche, mangue et thé vert|La brique de 1L|[Origine : FRANCE]|"
2,39€ / L"|"
2,39 €"
1028|Raisin, cranberry, grenade et thé noir|La brique de 1L|[Origine : FRANCE]|"
2,23€ / L"|"
2,39 €"
1029|Boisson au thé, saveur Mojito|La bouteille de 1,5L|[Origine : FRANCE, SOUS RESERVE DE MODIFICATION TARIFAIRE & LOGISTIQUE]|"
1,48€ / L"|"
2,22 €"
1030|Boisson au thé citron et citron vert|La bouteille de 1,5L|[Origine : FRANCE, 30% moins sucré que la plupart des sodas, hors light., Servir très frais. Les extraits de thé peuvent former un léger dépôt naturel, sans incidence sur la qualité du produit., Eau, sucre, extrait de thé noir (1,4g/l), acidifiant : acide citrique, jus de citron à base de concentré (0,1%), arôme, correcteur d'acidité : citrate trisodique, antioxydant : acide ascorbique. Sans colorant. Sans conservateur., Après ouverture, à consommer dans les 5 jours et à conserver au frais.]|"
1,26€ / L"|"
1,89 €"
1031|Boisson aux extraits de thé, saveur tropical|La bouteille de 1,5L|[Origine : FRANCE]|"
1,24€ / L"|"
1,89 €"
1032|Boisson aux extraits de thé et aromatisé pêche|La bouteille de 2L|[Origine : FRANCE]|"
1,01€ / L"|"
2,02 €"
1033|Citron/Citron vert, boisson aux extraits de thé et aromatisé citron/citron vert|Les 6 briques de 33cl|[Origine : FRANCE]|"
1,76€ / L"|"
3,49 €"
1034|Framboise, boisson aux extraits de thé et aromatisé framboise|La bouteille de 1,5L|[Origine : FRANCE, * SOUS RESERVE DE MODIFICATION DE TARIFAIRE * TARIF APPLICABLE AU 02/01/2012]|"
1,30€ / L"|"
1,95 €"
1035|Framboise, boisson aux extraits de thé et aromatisé framboise|Les 6 briques de 20cl|[Origine : FRANCE]|"
2,34€ / L"|"
2,81 €"
1036|Ice Tea mangue|La bouteille de 1,5l|[Origine : FRANCE, 30% moins sucré que la plupart des sodas hors light., Servir très frais., * SOUS RESERVE DE MODIFICATION DE TARIFAIRE * TARIF APPLICABLE AU 02/01/2012, Valeur énergétique en Joules :  120kj, Valeur énergétique en Kcal : 30kcal, Glucides : 7g, Lipides : 0g, Protides :0g, Après ouverture, à consommer dans les 5 jours et à conserver au frais. Les extraits de thé peuvent former un léger dépôt naturel, sans incidence sur la qualité du produit.]|"
1,26€ / L"|"
1,89 €"
1037|Light pêche, boisson à l'extrait de thé et aromatisée pêche, aux édulcorants|La bouteille de 1,5L|[Origine : FRANCE, Servir très frais. Les extraits de thé peuvent former un léger dépôt naturel, sans incidence sur la qualité du produit., Eau, extrait de thé noir (1.4g/L), acidifiant : acide malique, jus de pêche à base de concentré (0,1%), arôme, correcteur d'acidité : citrate trisodique, édulcorants : aspartame et acésulfame K, antioxydant : acide ascorbique. Contient une source dephénylalanine. Sans colorant. Sans conservateur. Sans sucres., Valeur énergétique en Joules :  1,6, Valeur énergétique en Kcal : 0,4, Glucides : 0,1, Lipides : 0, Protides :0, Après ouverture, à consommer dans les 5 jours et à conserver au frais.]|"
1,32€ / L"|"
1,98 €"
1038|Liptonic, Boisson gazeuse aux extraits de thé et aromatisée citron vert|La bouteille de 1,5L|[Origine : FRANCE, Eau gazéifiée, sucre, extrait de thé noir (2.4g/l), acidifiant : acide citrique, correcteur d'acidité : citrate trisodique, arôme, antioxydany : acide ascorbique. Sans colorant, ni conservateur., Valeur énergétique en Joules :  140Kj, Valeur énergétique en Kcal : 30KCal, Glucides : 8g, Lipides : 0g, Protides :0g, Après ouverture, à consommer dans les 5 jours et à conserver au frais.]|"
1,16€ / L"|"
1,74 €"
1039|Pêche|La bouteille de 1L|[Origine : FRANCE, Appréciez Lipton Ice Tea dans le cadre d'une alimentation et d'une hygiène de vie équilibrée. La présence d'extraits de thé dans la recette peut entraîner la formation d'un léger dépôt naturel, sans incidence sur la qualité du produit., Servir très frais., Eau, sucre, acidifiant (acide citrique), extrait de thé noir (1,4g/l), jus de pêche à base de concentré  (0,1%), arôme,  antioxygène: acide ascorbique., Valeur énergétique en Joules :  109, Valeur énergétique en Kcal : 26, Glucides : 6,4g, Lipides : 6,2g, Protides :0g, Après ouverture, à consommer dans les 5 jours et à conserver au frais.]|"
1,36€ / L"|"
1,36 €"
1040|Pêche|La canette de 33cl|[Origine : FRANCE, Eau, sucre, sirop de glucose-fructose, acidifiant : acide citrique, extraits de thé (1,4g/l), jus de pêche à base de concentré déshydraté (0,1%), arôme, antioxygène : acide ascorbique. Sans colorant, ni conservateur.]|"
2,18€ / L"|"
0,72 €"
1041|Pêche|Les 6 canettes de 33cl|[Origine : FRANCE, Servir très frais. Les extraits de thé peuvent former un léger dépôt naturel, sans incidence sur la qualité du produit., Eau, sucre, acidifiant (acide citrique), extraits de thé noir (1,4g/l), jus de pêche à base de concentré (0,1%), arôme, antioxydant (acide ascorbique). Sans colorant, ni conservateur., Valeur énergétique en Joules :  126kj, Valeur énergétique en Kcal : 30kcal, Glucides : 7,4g, Lipides : 0g, Protides :0g, Après ouverture, à consommer dans les 5 jours et à conserver au frais.]|"
1,45€ / L"|"
2,88 €"
1042|Pêche, boisson aux extraits de thé et aromatisé pêche|Les 6 briques de 20cl|[Origine : FRANCE]|"
2,34€ / L"|"
2,81 €"
1043|Pêche, Boisson rafraîchissante aux extraits de thé et arômatisée pêche|La bouteille de 1,5L|[Origine : FRANCE, Pour que vous profitiez pleinement de votre thé glacé préféré, Lipton Ice Tea Pêche est : 30% moins sucré que la plupart des sodas, hors light., Eau, sucre, acidifiant (acide citrique), extrait de thé noir (1,4 g/l), jus de pêche à base de concentré (0,1%), arôme, antioxydant : acide ascorbique., Valeur énergétique en Joules :  120kj, Valeur énergétique en Kcal : 30kcal, Glucides : 7,1g, Lipides : 0g, Protides :0g, A conserver au frais et à consommer dans les 5 jours après ouverture.]|"
1,04€ / L"|"
1,56 €"
1044|Pêche light|Les 6 canettes de 33cl|[Origine : FRANCE, Boisson rafraîchissante aux extraits de thé et aromatisée pêche, avec édulcorants., Servir très frais., Eau, extrait de thé (1,4g/l), acidifiant : acide malique, jus de pêche à base de concentré déshydraté (0,1%), arôme, correcteur d'acidité : citrate trisodique, édulcorants : aspartame et acésulfame K, antioxygène : acide ascorbique. Sans colorant, niconservateur, sans sucres., Valeur énergétique en Joules :  4Kj, Valeur énergétique en Kcal : 0Kcal, Glucides : 0,1g, Lipides : 0mg, Protides :0g]|"
1,71€ / L"|"
3,39 €"
1045|Boisson au thé et à la pêche blanche|La bouteille de 1,5L|[Origine : FRANCE, Non gazeux., Eau, sucre, acidifiants : E330, E331, arômes, extraits de thé, jus de pêche blanche à base de concentré (0,1%), antioxygène : acide ascorbique. Sans colorants. Sans conservateurs., A conserver à l'abri de la chaleur et de la lumière. Après ouverture, conserver au froid et consommer rapidement.]|"
1,03€ / L"|"
1,63 €"
1046|Boisson gazéifiée Lemon lime, aux extraits de citron et citron vert|La bouteille de 1,5L|[Origine : FRANCE, Boisson gazéifiée aromatisée citron-citron vert., Servir frais., Eau gazéifiée, sirop de sucre inverti, acidifiant : acide citrique, arôme naturel., Valeur énergétique en Joules :  156kj, Valeur énergétique en Kcal : 37kcal, Glucides : 9g, Lipides : 0g, Protides :0g, Avant ouverture, à conserver dans un endroit propre et sec, à l'abri de la lumière et de la chaleur. Après ouverture, à conserver au frais et à consommer rapidement.]|"
0,55€ / L"|"
0,82 €"
1047|Limonade a l'arôme naturel de citron et de citron vert|La bouteille de 1,25L|[Origine : FRANCE, Boisson gazéifiée à l'arôme naturel de citron et de citron vert, et au sucre de canne, issu de l'agriculture biologique., Servir frais., Eau gazéifiée, sirop de sucre de canne* 11%, acidifiant : acide citrique, arôme naturel de citron et de citron vert. *Ingrédient issu de l'agriculture biologique., A conserver dans un endroit propre, sec, à l'abri de la lumière et de la chaleur. A conserver au frais après ouverture.]|"
1,07€ / L"|"
1,34 €"
1048|Limonade a l'arôme naturel de citron et de citron vert|La bouteille de 1,25L|[Origine : FRANCE, Boisson gazéifiée à l'arôme naturel de citron et de citron vert, et au sucre de canne, issu de l'agriculture biologique., Servir frais., Eau gazéifiée, sirop de sucre de canne* 11%, acidifiant : acide citrique, arôme naturel de citron et de citron vert. *Ingrédient issu de l'agriculture biologique., A conserver dans un endroit propre, sec, à l'abri de la lumière et de la chaleur. A conserver au frais après ouverture.]|"
1,07€ / L"|"
1,34 €"
1049|Limonade aux arômes naturels de citron, sans conservateur|La bouteille de 1,5L|[Origine : FRANCE, Servir frais, nature ou en cocktail., Eau gazéifiée, sucre, acidifiant : acide citrique, extraits naturels de citron et de limette, arôme naturel., Valeur énergétique en Joules :  153Kj, Valeur énergétique en Kcal : 36KCal, Glucides : 9g, Lipides : 0g, Protides :0g, A conserver à l'abri de la lumière et de la chaleur dans un endroit sec et propre. Après ouverture, à conserver au frais et à consommer rapidement.]|"
0,59€ / L"|"
0,89 €"
1050|Limonade light, légèrement citronnée, aux arômes naturels avec édulcorants|La bouteille de 1,5L|[Origine : FRANCE, Boisson gazéifiée allégée en sucres aux arômes naturels avec édulcorants., Servir très frais., Eau gazéifiée, acidifiant : acide citrique, arômes naturels, edulcorants : aspartame, acésulfame Contient une source de phénylalanine, Valeur énergétique en Joules :  3kj, Valeur énergétique en Kcal : 1kcal, Glucides : 0,2g, Lipides : 0g, Protides :0g, Avant ouverture : à conserver dans un endroit propre et sec, à l'abri de la lumière et de la chaleur. Après ouverture : à conserver au frais et à consommer dans les 3 jours.]|"
0,57€ / L"|"
0,85 €"
1051|Tonic Light aux extraits naturels décorses de Quinquinoa et d'agrumes.|La bouteille de 1,5L|[Origine : FRANCE, Boisson gazéifiée allégée en sucre aux extraits d'écorces de quinquina et d'agrumes avec édulcorants., Servir frais., Eau gazéifiée, acidifiant : acide citrique, arôme naturel (dont quinine), edulcorants : aspartame, acésulfame K. Contient une source de phénylalanine., Valeur énergétique en Joules :  5kj, Valeur énergétique en Kcal : 1kcal, Glucides : 0,6g, Lipides : 0g, Protides :0g, Avant ouverture : à conserver dans un endroit propre et sec, à l'abri de la lumière et de la chaleur. Après ouverture : à conserver au frais et à consommer rapidement.]|"
0,59€ / L"|"
0,89 €"
1052|Tonique aux extraits naturels d'écorcesde quinquinoa et d'agrume s.|La bouteille de 1,5L|[Origine : FRANCE, Boisson gazéifiée aux extraits d'écorces de quinquina et d'agrumes., Servir frais., Eau gazéifiée, sirop de sucre inverti, acidifiant : acide citrique, arôme naturel (dont quinine)., Valeur énergétique en Joules :  134, Valeur énergétique en Kcal : 32, Glucides : 7,9g, Lipides : 0g, Protides :0g, Avant ouverture : à conserver dans un endroit propre et sec, à l'abri de la lumière et de la chaleur. Après ouverture : à conserver au frais et à consommer rapidement.]|"
0,66€ / L"|"
0,99 €"
1053|Extraits de gingembre, ginger ale, boisson|La bouteille de 1.5L|[Origine : FRANCE, Servir frais., Eau gazéifiée, A: sirop de glucose-fructose, sucre, ou B: sucre (A ou B: voir sur le haut de la bouteille), acidifiant: acide citrique, arômes naturels de gingembre avec autres arômes naturels, colorant : caramel (E150d), édulcorants (E951, E950). Contient une source de phénylalanine., Valeur énergétique en Joules :  155Kj, Valeur énergétique en Kcal : 37KCal, Glucides : 9g, Lipides : 0,01g, Protides :0g, A conserver à l'abri du soleil et de la chaleur.]|"
1,55€ / L"|"
2,33 €"
1054|Pomme, sans alcool, sans sucres ajoutés, boisson gazeuse|La bouteille de 75cl|[Origine : FRANCE, La boisson de la fête., Pur jus de pomme, gaz carbonique. Sans alcool, sans colorant et sans conservateur conformément à la réglementation.  Sans sucres ajoutés*. Ce produit contient des sucres naturellement présents dans les fruits., Valeur énergétique en Joules :  234Kj, Valeur énergétique en Kcal : 56KCal, Glucides : 11,7g, Lipides : 0,6g, Protides :0,4g, A conserver à l'abri du soleil et de la chaleur]|"
4,52€ / L"|"
3,39 €"
1055|Premium Ginger Ale|Le pack de 4 bouteilles de 20cl|[Origine : ROYAUME UNI]|"
5,50€ / L"|"
4,40 €"
1056|Premium Lemon Tonic|Les 4 bouteilles de 20cl|[Origine : ROYAUME UNI]|"
5,50€ / L"|"
4,40 €"
1057|Tonic Water Premium Indian|Les 4 bouteilles de 20cl|[Origine : ROYAUME UNI]|"
5,50€ / L"|"
4,40 €"
1058|Artisanale, arôme citron, boisson gazeuse|La bouteille de 1L|[Origine : FRANCE, 'Encouragé par la satisfaction des enfants et par la reconnaissance de leurs parents, je poursuis, jour après jour à Munster, la fabrication de notre limonade.' Yves Kesseler, maître limonadier., Ouvrir avec précaution en recouvrant de la main le bouchon mécanique., Eau gazéifiée, sucre, acidifiant : acide citrique, arôme naturel citron., Conserver dans un endroit propre et frais, à l'abri de la lumière et de la chaleur. Après ouverture, conserver au réfrigérateur et à consommer dans les 48 heures.]|"
3,23€ / L"|"
3,23 €"
1059|Double zest, arômes citron et citron vert|La bouteille de 1.5L|[Origine : FRANCE, Une eau jaillissante du grès Vosgien, des extraits naturels citron et citron vert, quelques grammes de sucre, de smillions de fines bulles, et beaucoup de Savoir-faire !Lorina double zest, une sensation unique de fraîcheur!, A boire très frais., Eau gazéifiée, sucre, acidifiant : acide citrique, arômes naturels de citron et citron vert. Sans conservateur., Valeur énergétique en Joules :  125kj, Valeur énergétique en Kcal : 30kcal, Glucides : 7,5g, Lipides : 0g, Protides :0g, Conserver dans un endroit propre, sec, à l'abri de la lumière et de la chaleur. Après ouverture, conserver au froid et consommer rapidement.]|"
1,06€ / L"|"
1,59 €"
1060|Limonade artisanale a l'arôme naturel citron|La bouteille de 1,25l|[Origine : FRANCE]|"
2,00€ / L"|"
2,50 €"
1061|Limonade aux extraits naturels d'agrumes|La bouteille de 1,5l|[Origine : FRANCE, Limonade Or est une véritable limonade traditionnelle produite en Corse dont la recette, à base de sucre de canne et d'extrait naturels d'agrumes est appréciée depuis 1960., Eau gazéfiée, sucre de canne, extrait naturels d'agrumes, acidulant acide citrique., A conserver à l'abri de la lumière et de la chaleur dans un endroit sec et propre. Après ouverture, à conserver au frais et à consommer rapidement.]|"
1,07€ / L"|"
1,60 €"
1062|Limonade aux extraits naturels d'agrumes|Le pack de 6 bouteilles de 25cl|[Origine : FRANCE, Limonade Or est une véritable limonade traditionnelle produite en Corse dont la recette, à base de sucre de canne et d'extrait naturels d'agrumes est appréciée depuis 1960., Eau gazéfiée, sucre de canne, extrait naturels d'agrumes, acidulant acide citrique., A conserver à l'abri de la lumière et de la chaleur dans un endroit sec et propre. Après ouverture, à conserver au frais et à consommer rapidement.]|"
2,59€ / L"|"
3,89 €"
1063|Boisson gazeuse aux extraits d'écorces de quinquina et d'oranges amères avec édulcorants|La bouteille de 1,5L|[Origine : FRANCE, Servir frais., Eau gazéifiée, acidifiant : acide citrique, édulcorants : (E951, E950, E955), arômes naturels, arôme : quinine. Contient une source de phénylalanine., Valeur énergétique en Joules :  6Kj, Valeur énergétique en Kcal : 1Kc, Glucides : 0g, Lipides : 0g, Protides :0g, A conserver à l'abri du soleil et de la chaleur]|"
1,33€ / L"|"
1,99 €"
1064|Boisson gazeuse aux extraits d'écorces de quinquina et d'oranges amères avec édulcorants|Les 6 boîtes de 33cl|[Origine : FRANCE, Servir frais., Eau gazéifiée, acidifiant : acide citrique, édulcorants (E951, E950, E955) aspartame, acésulfame K et sucralose, arômes naturels, arôme : quinine. Contient une source de phénylalanine., Valeur énergétique en Joules :  6, Valeur énergétique en Kcal : 1,4, Glucides : 0g, Lipides : 0g, Protides :0g, A conserver à l'abri de la chaleur.]|"
1,93€ / L"|"
3,82 €"
1065|Boisson gazeuse aux extraits d'écorces de quinquina et d'oranges amères avec édulcorants|Les 6 canettes de 33cl|[Origine : FRANCE]|"
1,96€ / L"|"
3,88 €"
1066|Boisson gazeuse rafraîchissante aux extraits d'écorces de quinquina et d'oranges amères|La bouteille de 1,5L|[Origine : FRANCE]|"
1,34€ / L"|"
2,01 €"
1067|Boisson gazeuse rafraîchissante aux extraits d'écorces de quinquina et d'oranges amères|La canette de 15cl|[Origine : FRANCE, A servir frais., Eau gazéifiée, A:sirop de glucose-fructose, sucre, ou B: sucre (A ou B voir sur le fond de la boîte), acidifiant: acide citrique, arômes naturels, arôme: quinine., Valeur énergétique en Joules :  154Kj, Valeur énergétique en Kcal : 36Kcal, Glucides : 8,7g, Lipides : 0g, Protides :0g, A conserver à l'abri de chaleur.]|"
3,33€ / L"|"
0,50 €"
1068|Indian tonic, boisson gazeuse aux extraits d'écorces de quinquina et d'oranges amères|La boîte de 33cl|[Origine : FRANCE, Servir frais., Eau gazéifiée, sirop de glucose-fructose, sucre, acidifiant : acide citrique, arômes naturels, arôme : quinine., Valeur énergétique en Joules :  154, Valeur énergétique en Kcal : 36, Glucides : 8,7g, Lipides : 0g, Protides :0g, À conserver à l'abri de la chaleur.]|"
2,12€ / L"|"
0,70 €"
1069|Light 0%, Boisson gazeuse rafraîchissante aux extraits d'écorces de quinquina et d'oranges amères|La canette de 33cl|[Origine : FRANCE, A servir frais., Eau gazéifiée, acidifiant: acide citrique, édulcorants (E951, E950, E955), arômes naturels, arôme: quinine. Contient une source de phénylalanine., Valeur énergétique en Joules :  6Kj, Valeur énergétique en Kcal : 1,4Kcal, A conserver à l'abri de chaleur.]|"
2,12€ / L"|"
0,70 €"
1070|Boisson aux extraits de citron et de citron vert|La bouteille de 1,5L|[Origine : FRANCE, DIPONIBLE LIVRAISON ENTREPOT 20/8/2013]|"
0,81€ / L"|"
1,21 €"
1071|Boisson aux extraits naturels de citron et de citron vert|La boîte de 330ml|[Origine : FRANCE, Servir très frais., Eau gazéifiée, sucre, acidifiants (acide citrique, acide malique), arômes (extraits naturels de citron et de citron verts), correcteur d'acidité (citrate de sodium)., Valeur énergétique en Joules :  192, Valeur énergétique en Kcal : 45, Glucides : 11,3g, Lipides : 0g, Protides :0g]|"
2,09€ / L"|"
0,69 €"
1072|Cherry|La bouteille de 1,5L|[Origine : FRANCE, * SOUS RESERVE DE MODIFICATION DE TARIFAIRE * TARIF APPLICABLE AU 02/01/2012]|"
0,99€ / L"|"
1,48 €"
1073|Citron vert, extraits citron et lime, édulcorants|La bouteille de 1,5L|[Origine : FRANCE, Boisson gazeuse aux extraits naturels de citron et citron vert. Avec édulcorants. Sans sucres ., Servir très frais., Eau gazéifiée, acidifiants (acide citrique, acide malique), arômes (extraits naturels de citron et de citron vert), correcteur d'acidité (citrate de sodium), édulcorants (aspartame, acésulfame de potassium), conservateur (benzoate de sodium). Sans sucre., Valeur énergétique en Joules :  5, Valeur énergétique en Kcal : 1,2, Glucides : 0, Protides :0, Avant ouverture : à conserver à température ambiante dans un endroit propre et sec.]|"
0,99€ / L"|"
1,48 €"
1074|Arômes citron et citron vert|La bouteille de 1,5L|[Origine : FRANCE, Boisson aux arômes naturels de citron-citron vert 100% rafraîchissante., Se boit très frais. Ne pas agiter., Eau gazéifiée, sucre, acidifiants : acide citrique et citrate de sodium, arômes naturels de citron-citron vert, conservateur : benzoate de sodium., Valeur énergétique en Joules :  177, Valeur énergétique en Kcal : 42,3, Glucides : 10,1, Lipides : 0, Protides :0, A conserver à l'abri de la chaleur et du gel dans un endroit propre, sec et sans odeur.]|"
0,85€ / L"|"
1,27 €"
1075|Energy Drink, avec système refermable|La canette de 485ml|[Origine : FRANCE]|"
3,13€ / L"|"
1,52 €"
1076|Detox|Les 4 canettes de 25cl|[Origine : FRANCE]|"
6,34€ / L"|"
6,34 €"
1077|Assault|La canette de 50cl|[Origine : COMMUNAUT EUROPEENNE]|"
3,58€ / L"|"
1,79 €"
1078|Energy|La canette de 50cl|[Origine : COMMUNAUT EUROPEENNE]|"
3,31€ / L"|"
1,79 €"
1079|Rehab|La canette de 50cl|[Origine : COMMUNAUT EUROPEENNE]|"
3,44€ / L"|"
1,79 €"
1080|Ripper|La canette de 50cl|[Origine : COMMUNAUT EUROPEENNE]|"
3,67€ / L"|"
1,98 €"
1081|Cerise, boisson pour le sport|La bouteille de 50cl|[Origine : FRANCE, Développée avec des nutritionnistes du sport, la boisson pour le sport Powerade a été conçue pour vous aider à soutenir votre effort. De l'eau pour vous réhydrater, des glucides et du sodium., La carmoisine peut avoir des effets indésirables sur l'activité et l'attention chez les enfants. Ce bouchon ne convient pas aux enfants de moins de 36 mois. Cette bouteille est à l'usage exclusif de Powerade., Eau, glucose, maltodextrine, acidifiant : acide citrique, correcteurs d'acidité : citrate de sodium, citrate de potassium, arômes, stabilisants : gomme arabique, esters glycériques de résine de bois, édulcorants : aspartame, acésulfame K, colorant :carmoisine. Contient une source de phénylalanine., Pour une qualité optimale, conserver à l'abri de la chaleur et de la lumière. Après ouverture, conserver au froid et à consommer rapidement.]|"
2,58€ / L"|"
1,29 €"
1082|Ice Storm, boisson pour le sport|La bouteille de 50cl|[Origine : FRANCE, Powerade ION4 vous apporte plus que de l'eau. Avec sa formule améliorée et son nouveau mix de glucides.Powerade ION4 vous aide à rester à votre maximum. Cette formule a été conçue avec des nutritionnistes du sport pour vous apporter l'eau et le sodium perdus lorsque vous transpirez., Attention ce bouchon ne convient pas aux enfants de moins de 36 mois. Cette bouteille est à l'usage exclusif de Powerade., Eau, glucose, fructose, acidifiant : acide citrique, chlorure de sodium, correcteur d'acidité, citrate de potassium, chlorure de magnésium, chlorure de calcium, phosphate de potassium, stabilisants : gomme arabique, esters glycériques de résine de bois, édulcorants : sucralose, acésulfame-K, arômes, colorant : bleu brillant., Conserver à l'abri de la chaleur et de la lumière. Après ouverture, conserver au froid et à consommer rapidement.]|"
2,30€ / L"|"
1,15 €"
1083|Boisson énergisante à base de taurine pour les périodes d'activité intense,|Le pack de 4 canettes de 355ml|[Origine : FRANCE]|"
5,92€ / L"|"
8,41 €"
1084|Boisson gazéifiée sans sucre à base de taurine|La boîte de 250ml|[Origine : FRANCE, A boire très frais  Déconseillé aux enfants et aux femmes enceintes, eau gazéifiée, correcteur d'acidité citrates de sodium, taurine (0,4 %), glucurono-lactone (0,24%), édulcorants (aspartame, acé-sulfame K), caféine (0,03 %), inositol, vitamines (niacine, acide pantothénique, B6, B2, B12), arômes, épaississant gommexantane, colorant, caramel. . Contient une source de phénylalanine., Valeur énergétique en Joules :  14Kj, Valeur énergétique en Kcal : 3Kc, Glucides : 0g, Lipides : 0g, Protides :0g]|"
7,00€ / L"|"
1,75 €"
1085|Energy drink à base de Taurine, goût citron vert|La canette de 25cl|[Origine : AUTRICHE, eau gazÍifiÍe, saccharose, glucose, correcteurs d?aciditÍ (citrates de sodium, carbonate de magnÍ- sium), acidifiant (acide citrique), taurine (0,4%), cafÍine (0,03%), glucuronolactone, inositol, vitamines (niacine, acide pantothÍnique, B6, B12), ar«mes, stabilisateurs (acÍtate isobutyrate de saccharose, ester glycÍrique de rÍsine de bois), colorant (bleu brillant FCF)., Valeur énergétique en Joules :  192, Valeur énergétique en Kcal : 45, Glucides : 11, Lipides : 0, Protides :0]|"
6,76€ / L"|"
1,69 €"
1086|Energy drink à base de Taurine, goût cranberry|La canette de 25cl|[Origine : AUTRICHE, eau gazÍifiÍe, saccharose, glucose, correcteurs d?aciditÍ (citrates de sodium, carbonate de magnÍsium), acidifiant (acide citrique), taurine (0,4 %), cafÍine (0,03 %), glucuronolactone, inositol, vitamines (niacine, acide pantothÍnique, B6, B12), ar«mes, colorants (caramel, riboflavine), colorants alimentaires (concentrÍ de carotte, cassis, carthame)., Valeur énergétique en Joules :  192, Valeur énergétique en Kcal : 45, Glucides : 11, Lipides : 0, Protides :0]|"
6,76€ / L"|"
1,69 €"
1087|Energy drink à base de Taurine, goût myrtille|La canette de 25cl|[Origine : AUTRICHE, eau gazÍifiÍe, saccharose, glucose, correcteurs d?aciditÍ (citrates de sodium, carbonate de magnÍsium), acidifiant (acide citrique), taurine (0,4%), cafÍine (0,03%), glucuronolactone, inositol, vitamines (niacine, acide pantothÍnique, B6, B12), ar«mes, colorants (riboflavine, bleu brillant FCF), colorants alimentaires (concentrÍ de carotte, hibiscus)., Valeur énergétique en Joules :  192, Valeur énergétique en Kcal : 45, Glucides : 11, Lipides : 0, Protides :0]|"
6,76€ / L"|"
1,69 €"
1088|Energy drink à base de Taurine et de caféine|La boîte de 250ml|[Origine : FRANCE, Vivifie le corps et l'esprit., Un régime alimentaire varié et équilibré, ainsi qu'un mode de vie sain sont recommandés. A boire très frais.  Boisson énergisante - teneur élevée en caféine (32mg/100ml). A consommer avec modération. Déconseillé aux enfants et aux femmes enceintes., Eau gazéifiée, saccharose, glucose, correcteur d'acidité : citrates de sodium, taurine (0,4%), caféine (0,03%), glucuronolactone, inositol, vitamines (niacine, acide pantothénique, B6, B12), arômes, colorant : caramel, riboflavine.]|"
5,76€ / L"|"
1,44 €"
1089|Energy drink à base de Taurine et de caféine|La boîte de 36cl|[Origine : FRANCE, A base de taurine. Vivifie le corps et l'esprit., A boire très frais., Eau gazéifiée, saccharose, glucose, correcteur d'acidité (citrates de sodium, carbonate de magnésium), acidifiant (acide citrique), taurine (0.4%), caféine (0,03%), glucuronolactone, inositol, vitamines (niacine, acide pantothénique, B6, B12), arômes, colorants (caramel, riboflavine).]|"
6,11€ / L"|"
2,17 €"
1090|Energy drink à base de Taurine et de caféine|La bouteille de 473ml|[Origine : FRANCE, Eau gazéifiée, saccharose, glucose, correcteurs d'acidité (citrates de sodium, carbonate de magnésium), acidifiant (acide citrique), taurine (0,4%), caféine (0,03%), glucuronolactone, inositol, vitamines (niacine, acide pantothénique, B6, B12), arômes, colorants (caramel, riboflavine)., Valeur énergétique en Joules :  192kj, Valeur énergétique en Kcal : 45kcal, Glucides : 11g, Lipides : 0g, Protides :0g]|"
5,71€ / L"|"
2,70 €"
1091|Energy drink à base de Taurine et de caféine|Les 4 boîtes de 25cl|[Origine : FRANCE, Boissons énergisante à base de taurine pour périodes d'activité., A boire très frais. Teneur élevée en caféine (32mg/100ml). A consommer avec modération. Déconseillé aux enfants et aux femmes enceintes. Un régime alimentaire varié et équilibré ainsi qu'un mode de vie sain sont recommandés., Eau gazéifiée, saccharose, glucose, correcteur d'acidité (citrates de sodium, carbonate de magnésium), acidifiant (acide citrique), taurine (0,4%), caféine (0,03%), glucuronolactone, inositol, vitamines (niacine, acide pantothénique, B6, B12), arômes, colorants (caramel, riboflavine)., Valeur énergétique en Joules :  196, Valeur énergétique en Kcal : 46, Glucides : 10.7, Lipides : 0, Protides :0]|"
5,59€ / L"|"
5,59 €"
1092|Energy drink à base de Taurine et de caféine, sans sucres|Les 4 boîtes de 25cl|[Origine : FRANCE, Boissons sans sucre à base de taurine pour les périodes d'activité., A boire très frais. A consommer avec modération. Déconseillé aux enfants et aux femmes enceintes. Un régime alimentaire varié et équilibré ainsi qu'un mode de vie sain sont recommandés., eau gazéifiée, correcteur d'acidité (citrates de sodium, carbonate de magnésium), acidifiant (acide citrique), taurine (0,4 %), édulcorants (aspartame, acésulfame K), caféine (0,03%), glucuronolactone, inositol, vitamines (niacine, acide pantothénique, B6, B12), arômes, épaississant (gomme xanthane), colorant (caramel, riboflavine). Contient une source de phénylalanine., Valeur énergétique en Joules :  14Kj, Valeur énergétique en Kcal : 3Kc, Glucides : 0g, Lipides : 0g, Protides :0g]|"
6,39€ / L"|"
6,39 €"
1093|Blancs de noirs, champagne brut|La bouteille de 75cl|[Origine : FRANCE, Le Terroir: Champagne, Côte des Bar. Le Vin: La longue période où le vin  est laissé sur lies (3 ans) lui confère une grande maturité. De couleur   jaune intense. Un nez intense et complexe, notamment lié à l'utilisation  de vins de reserve (20%). Notes de fruits secs, sur des nuances anisées et mentholées. Une bouche élégante et souple tout en restant fraîche et dotée d'une belle longueur. Champagne rond, charpenté et concentré. Les Accords: Blanquette de veau, Poulet au Champagne, Foie gras., A déguster froid, entre 8°C et 10°C., Cépages: Pinot Noir à 100%. Contient sulfites.]|"
30,08€ / L"|"
22,56 €"
1094|Champagne brut Chardonnay Blanc de blancs|La bouteille de 75cl|[Origine : FRANCE, Le Terroir: Hautvilliers. Le Vin: Floral et brioché au nez, il seduit par sa bouche équilibrée et par sa longue finale aux nuances d'amandes grillées. Finesse, fraîcheur et élégance caractérisent ce champane d'aperitif., A déguster froid, entre 8°C et 10°C., Cépages: Chardonnay. Contient des sulfites.]|"
28,23€ / L"|"
21,17 €"
1095|Champagne brut|La bouteille de 75cl|[Origine : FRANCE, Robe jaune vif , bulles fines , nez floral , ce Champagne présente un équilibre parfait. La bouche est fraîche et structurée avec des notes de fraise et de miellé ., Servir entre 8° et 10°C., Contient des sulfites. 12,5% vol.]|"
30,55€ / L"|"
22,91 €"
1096|Champagne brut majeur|La bouteille de 75cl|[Origine : FRANCE, Dégustée & agréé par le jury Monoprix Gourmet avec Bezttane & Desseauve   Le brut majeur est l'expression de notre passion et l'objet de tous nos soins. Le Pinot Noir donne au vin sa structure et son intensité , equilibrées par le caractère délicat et élégant du Chardonnay . Le Pinot Meunier complète cet ensemble avec une note fruitée . Ce vin bénéficie d'un long vieillissement en caves., 12% vol.]|"
38,32€ / L"|"
28,74 €"
1097|Champagne brut, spécial cuvée, sous étui|La bouteille de 75cl|[Origine : FRANCE, Bollinger, c'est un style: le style d'une maison familiale qui depuis 1829a su préserver son indépendance, organiser son propre vignoble dans les meilleurs crus de champagne, conserver les grandes traditions de qualité, développer sa notoriété auprèsdes connaisseurs du monde entier. Le 'Spécial Cuvée' est l'expression parfaite de ce style raffiné qui allie équilibre, corps, et élégance. Le Spécial Cuvée a mûri pendant un minimum de 3 ans dans les caves Bollinger avant d'être mis sur le marché., L'assemblage est composé en moyenne de 60% Pinot Noir, 25% Chardonnay, 15% Pinot Meunier, récoltés dans une trentaine de crus du département de la Marne. Les Chardonnays et Pinots Noirs proviennent de grands et premiers crus Champenois. L'assemblagecomporte 5 à 10% de vins de réserve qui ont été conservés en magnum pendant plusieurs années dans les caves Bollinger. Contient des sulfites.]|"
58,99€ / L"|"
44,24 €"
1098|Champagne brut|La bouteille de 75cl|[Origine : FRANCE, Doit être dégusté à une température fraîche 6 à 9 degrés centigrades., Contient des sulfites.]|"
19,21€ / L"|"
14,41 €"
1099|Champagne brut|La bouteille de 75cl|[Origine : FRANCE, Depuis 1868, à Ludes, au coeur du vignoble de la Montagne de Reims, Canard-Duchêne choisit les meilleurs crus de Pinots et Chardonnay pour élaborer des vins de Champagne fruités, ronds et équilibrés. Elaboré dans le respect du style Canard-Duchêne, ce Champagne a longuement mûri dans les six kilomètres de caves de la Maison., Sa dégustation est agréable à tout moment de la journée et plus particulièrement à l'apéritif., Contient des sulfites.]|"
31,52€ / L"|"
23,64 €"
1100|Champagne brut souverain|La bouteille de 75cl|[Origine : FRANCE, Depuis 1808, la Maison Henriot, toujours familiale et indépendante, poursuit son travail d'excellence. Sélectionner les meilleurs crus, magnifier la pureté du Chardonnay et offrir à chaque cuvée le temps de l'épanouissement : autant d'engagements pris par chacune des sept générations qui se sont succédé à la tête de la Maison. Notre souhait est de vous faire partager une émotion rare à travers la dégustation d'un vin à l'élégance unique et au style ciselé., Contient des sulfites.]|"
41,61€ / L"|"
31,21 €"
1101|Champagne brut réserve, tête de cuvée, tradition père & fils|La bouteille de 75cl|[Origine : FRANCE]|"
32,15€ / L"|"
24,11 €"
1102|Ethylotests à usage unique|Le blister de 2|[Origine : FRANCE, Soyez responsables, prenez le réflexe éthylotest ! Avec 1271 personnes tuées sur la route en 2006, l'alcool est devenu le premier facteur d'accidents mortels en France. 26% des décès auraient pu être évités si tous les conducteurs avaient respecté lalimitation légale d'alcoolémie au volant. Ne prenez pas de risque !L'alcool compromet votre sécurité. Ne sous-estimez pas ses effets : rétrécissement du champ visuel, diminution des réflexes, altération de l'appréciation des distances... Ne vous laissez pas surprendre ! N'oubliez pas qu'il est interdit de conduire avec une alcoolémie égale ou supérieure à 0.5g d'alcool par litre de sang (ou 0.25mg/l d'air expiré). Contrôlez-vous ! Pour savoir si vous pouvez conduire, contrôlez votre alcoolémieà l'aide d'un éthylotest., Ne pas laisser à la portée des enfants., Eviter un stockage prolongé à plus de 40°C.]|"
60,88€ / Kg"|"
2,07 €"
1103|Champagne brut, grande cuvée|La bouteille de 75cl|[Origine : FRANCE, Rêve ou réalité, depuis toujours la 'Demoiselle' est liée au château des Castaignes, propriété de la Maison Vranken., Contient des sulfites.]|"
35,91€ / L"|"
26,93 €"
1104|Champagne brut, premier cru, 12% vol.|La bouteille de 75cl|[Origine : FRANCE, Le Terroir: Champagne produit à partir de raisins issus de villages       premier cru et grand cru de la Côte des Blancs et de la montagne de       Reims. Le Vin: Couleur jaune-vert aux reflets argentés, bulles très fines et nombreuses au cordon persistant. Arômes de fleurs (aubépine et chèvrefeuille) s'ouvrant vers des notes d'amandes grillées. Attaque vive, soyeuse et élégante à la finale délicatement vineuse. Les Accords: Apéritif et début de repas sur des produits de la mer. Viande blanche., Idéal à l'apéritif ou pour accompagner les volailles en sauce. A déguster frais : +6°C à +8°C à l'apéritif et +9°C pendant le repas.  Zéro alcool pendant la grossesse., Cépages: Chardonnnay 70%, Pinot Noir 30%.]|"
30,15€ / L"|"
22,61 €"
1105|Champagne millésimé 2004 brut, cuvée spéciale|La bouteille de 75cl|[Origine : FRANCE, Le champagne Denis Père & Fils Millésimé est un assemblage des cépages nobles champenois : 40% de pinot noir et 60% de chardonnay. Une teinte or paille, un nez puissant, une bouche ronde et structurée éveilleront vos papilles., Il accompagnera parfaitement vos viandes blanches, poissons en sauces et comblera vos sens dès l'apéritif. A servir frais, entre +6°C à +8°C., Contient des sulfites.]|"
39,43€ / L"|"
29,57 €"
1106|Champagne brut classic, 12% vol.|La boîte de 75cl|[Origine : FRANCE, Zéro alcool pendant la grossesse.]|"
50,13€ / L"|"
37,60 €"
1107|Champagne|La bouteille de 75cl et son étui|[Origine : FRANCE]|"
163,43€ / L"|"
122,57 €"
1108|Champagne brut|La bouteille de 75cl|[Origine : FRANCE, Le champagne Dorgeval est issu d'un assemblage harmonieux des cépages Pinots et Chardonnay. Ils trouvent leur meilleure expression après un vieillissement accompli dans la fraîcheur de nos caves., Idéal à l'apéritif et pour célébrer les événements heureux de votre vie ! A servir frais entre +6°C et +8°C., Contient des sulfites.]|"
21,89€ / L"|"
16,42 €"
1109|Champagne brut nature 2008, 12% vol.|La bouteille de 75cl|[Origine : FRANCE, Cette cuvée assemble 60% de Pinot Noir et 40% de Chardonnay élevés en partie en foudre de chêne. Seules les grandes années sont retenues pour élaborer ce millésime d'exception non filtré et sans dosage., Contient sulfites.]|"
41,96€ / L"|"
31,47 €"
1110|Champagne brut|La bouteille de 75cl|[Origine : FRANCE, Assemblage: Majorité de Pinots de la Montagne de Reims et de Chardonnay de la Côte des Blancs, cette cuvée d'un joli profil aromatique et d'une bonne vinosité accompagnera idéalement un apéritif ou tout un repas., Contient des sulfites, 12% vol.]|"
31,73€ / L"|"
23,80 €"
1111|Champagne brut, vin issu de raisins de l'agriculture biologique|La bouteille de 75cl|[Origine : FRANCE, Vin issu de raisin de l'agriculture biologique.]|"
35,65€ / L"|"
26,74 €"
1112|Champagne brut, vin issu de raisins de l'agriculture biologique|La bouteille de 75cl|[Origine : FRANCE, Vin issu de raisin de l'agriculture biologique.]|"
35,65€ / L"|"
26,74 €"
1113|Champagne brut|La bouteille de 75cl|[Origine : FRANCE, Le style de cette cuvée est une recherche d'harmonie entre la finesse du chardonnay et les notes fruitées des pinots noir et meunier., Contient des sulfites, 12%vol.]|"
26,63€ / L"|"
19,97 €"
1114|Champagne brut Blue top|La bouteille de 75cl|[Origine : FRANCE, Depuis 1785, la marque Heidsieck & Co Monopole élabore ses cuvées à partir de raisins provenant des meilleurs crus de la Champagne judicieusement assemblés. Pinot (puissant et fruité) et chardonnay (finesse) confèrent au Monopole Brut des parfums fruités et une agréable fraîcheur., A consommer dès maintenant, frais, en apéritif, lors de tout repas raffiné, et pour toute occasion de fête., Contient sulfites.]|"
33,85€ / L"|"
25,39 €"
1115|Champagne brut Blue top|Les 3 bouteille de 75cl|[Origine : FRANCE]|"
31,92€ / L"|"
71,81 €"
1116|Champagne Blanc de Blancs Brut|La bouteille de 75cl|[Origine : FRANCE, Du style, de la personnalité et le caractère authentique d'une maison de Champagne historique et familiale, qui n'hésite pas à augmenter ses temps de maturation pour obtenir un champagne Blanc de Blancs d'exception. Magie du temps qui passe., Contient des sulfites. 12% vol.]|"
49,40€ / L"|"
37,05 €"
1117|Champagne brut, premier cru|La bouteille de 75cl|[Origine : FRANCE, Situé au cur de la Champagne à 5 kilomètres d'Epernay, Hautvillers domine  majestueusement le vignoble. C'est dans ce village qu'est installée la Maison J.M. Gobillard et fils. Assemblage traditionnel des trois cépages champenois, sa cuvée Brut Premier Cru, aux arômes riches et bien fondus, est un champagne de tous les instants., Assemblage : 50% Chardonnay, 25% Pinot Noir, 25% Pinot Meunier.  Contient des sulfites.]|"
27,81€ / L"|"
20,86 €"
1118|Champagne rosé|La bouteille de 75cl|[Origine : FRANCE, Grâce à son moine bénédictin Dom Pérignon, qui fit naître, vers 1681, les premières bulles de Champagne, le village d'Hautvillers est devenu le village le plus renommé de toute la région. La famille Gobillard y élabore ce superbe champagne rosé, au nez discret de fruits rouges et à la bouche fruitée. Un champagne à partager !]|"
29,25€ / L"|"
21,94 €"
1119|Champagne brut|La bouteille de 75cl|[Origine : FRANCE, Fondée en 1760, Lanson est l'une des plus anciennes Maisons de Champagne. Le style Lanson, la puissance du vin s'expriment par une intense fraîcheur qui désaltère le palais.Lanson Black Label est un vin agréable et racé, qui invite au plaisir., A déguster à tout moment, entre 8 et 10°C., Contient des sulfites - SO2, A conserver dans un endroit frais et sec - Å l'abri de la lumiÈre]|"
37,77€ / L"|"
28,33 €"
1120|Champagne brut|La bouteille de 75cl|[Origine : FRANCE, Remarquable par sa fraîcheur et sa finesse, cet élégant champagne est idéal pour s'initier à l'esprit Laurent-Perrier., Contient sulfites.]|"
42,44€ / L"|"
31,83 €"
1121|Champagne brut, cuvée intense|La bouteille de 75cl|[Origine : FRANCE, Une culture raisonnée de la vigne, la sélection rigoureuse des raisins, une vinification traditionnelle et un élevage en fûts, ainsi qu'un long vieillissement dans les caves en craie datant du 18ème siècle produisent des champagne d'une belle maturité et d'une rare élégance. La dégustation révèle des champagnes droits, purs et d'une grande fraîcheur qui font depuis 1920 la réputation de la Maison Lenoble., Contient des sulfites.]|"
35,36€ / L"|"
26,52 €"
1122|Champagne brut nature, dosage zéro|La bouteille de 75cl|[Origine : FRANCE, Une culture raisonnée de la vigne, la sélection rigoureuse des raisins, une vinification traditionnelle et un élevage en fûts, ainsi qu'un long vieillissement dans les caves en craie datant du 18ème siècle produisent des champagne d'une belle maturité et d'une rare élégance. La dégustation révèle des champagnes droits, purs et d'une grande fraîcheur qui font depuis 1920 la réputation de la Maison Lenoble., Contient des sulfites.]|"
36,73€ / L"|"
27,55 €"
1123|Champagne Brut Premier, 12% vol.|La bouteille de 75cl|[Origine : FRANCE, Contient des sulfites.]|"
55,20€ / L"|"
41,40 €"
1124|Champagne brut impérial|La bouteille de 75cl|[Origine : FRANCE, Depuis 1743, Moët & Chandon est la référence du Champagne. La qualité de ses vins exprime toute la richesse et la diversité de son fabuleux vignoble, le plus grand de Champagne, constitué essentiellement de Premiers et Grands Crus. Cuvée emblématiquede la Maison depuis 1869, Brut Impérial en est son expression la plus accomplie et la plus universelle. Assemblage complet et élégant de plus de 200 crus de Pinot Noir, Chardonnay et Pinot Meunier, Brut Impérial conjugue générosité et délicatesse, maturité et fraîcheur., Servir frais (8 à 10°C)., Contient des sulfites (SO2).]|"
47,17€ / L"|"
35,38 €"
1125|Champagne brut|La bouteille de 75cl|[Origine : FRANCE, Issue d'un assemblage subtil mêlant jusqu'à 77 crus, alliant fraîcheur et puissance, harmonie de notes d'agrumes aux accents vanillés.'Seulement le meilleur' insistait Georges H.Mumm en fondateur visionnaire. Créateur de la Cuvée Cordon Rouge. Il a souhaité parer chacune de nos bouteilles d'un ruban de même couleur devenu se signe distinctif d'excellence reconnu dans le monde entier. Depuis plus de 180 ans, G.H.Mumm perpétue l'esprit Maison dans une cuvée unique., Contient sulfites (E220).]|"
37,81€ / L"|"
28,36 €"
1126|Cordon rouge, champagne brut|La bouteille de 37,5cl|[Origine : FRANCE, Issue d'un assemblage subtil mêlant jusqu'à 77 crus, alliant fraîcheur et puissance, harmonie de notes d'agrumes aux accents vanillés.'Seulement le meilleur' insistait Georges H.Mumm en fondateur visionnaire. Créateur de la Cuvée Cordon Rouge. Il a souhaité parer chacune de nos bouteilles d'un ruban de même couleur devenu se signe distinctif d'excellence reconnu dans le monde entier. Depuis plus de 180 ans, G.H.Mumm perpétue l'esprit Maison dans une cuvée unique., Contient sulfites (E220).]|"
50,83€ / L"|"
19,06 €"
1127|Champagne brut|La bouteille de 75cl|[Origine : FRANCE, Frais et fruité.]|"
27,40€ / L"|"
20,55 €"
1128|Champagne Chardonnay blanc de blancs brut|La bouteille de 75cl|[Origine : FRANCE, CHAMPAGNE NICOLAS FEUILLATTE BLANC DE BLANCS MILLESIME 75 CL]|"
39,15€ / L"|"
29,36 €"
1129|Champagne Chardonnay blanc de blancs brut|La bouteille de 75cl|[Origine : FRANCE, CHAMPAGNE NICOLAS FEUILLATTE BLANC DE BLANCS MILLESIME 75 CL]|"
39,15€ / L"|"
29,36 €"
1130|Champagne brut, sous-étui, 12%Vol.|La bouteille de 75cl|[Origine : FRANCE]|"
49,39€ / L"|"
37,04 €"
1131|Champagne, brut|La bouteille de 75cl|[Origine : FRANCE, L'abus d'alcool est dangereux pour la santé; A consommer avec modération]|"
39,15€ / L"|"
29,36 €"
1132|Champagne brut, en étui, 12% vol.|La bouteille de 1,5L|[Origine : FRANCE, La cuvée brut se distingue par ses arômes d'agrumes et de fleurs printanières. L'attaque est vive et fraîche. Les notes fruitées prennent une expression de maturité alliant vivacité et douceur, légèreté et intensité. Un vin qui célèbre la joie de vivre et le plaisir d'être ensemble., Zéro alcool pendant la grossesse., Contient des sulfites.]|"
42,27€ / L"|"
63,40 €"
1133|Champagne brut|La bouteille de  75cl|[Origine : FRANCE, Depuis 1849, cinq générations de dirigeants familiaux se sont succédé à la tête de la maison fondée par Pol Roger. Symboles de son indépendance, ses champagnes sont appréciés sur les tables du monde entier., Contient des sulfites.]|"
46,60€ / L"|"
34,95 €"
1134|Champagne brut|la bouteille de 75cl|[Origine : FRANCE, Contient des sulfites.]|"
45,93€ / L"|"
34,45 €"
1135|Ethylotests à usage unique|Le blister de 2|[Origine : FRANCE, Soyez responsables, prenez le réflexe éthylotest ! Avec 1271 personnes tuées sur la route en 2006, l'alcool est devenu le premier facteur d'accidents mortels en France. 26% des décès auraient pu être évités si tous les conducteurs avaient respecté lalimitation légale d'alcoolémie au volant. Ne prenez pas de risque !L'alcool compromet votre sécurité. Ne sous-estimez pas ses effets : rétrécissement du champ visuel, diminution des réflexes, altération de l'appréciation des distances... Ne vous laissez pas surprendre ! N'oubliez pas qu'il est interdit de conduire avec une alcoolémie égale ou supérieure à 0.5g d'alcool par litre de sang (ou 0.25mg/l d'air expiré). Contrôlez-vous ! Pour savoir si vous pouvez conduire, contrôlez votre alcoolémieà l'aide d'un éthylotest., Ne pas laisser à la portée des enfants., Eviter un stockage prolongé à plus de 40°C.]|"
60,88€ / Kg"|"
2,07 €"
1136|Champagne demi sec|La bouteille de 75cl|[Origine : FRANCE, Le champagne Dorgeval est issu d'un assemblage harmonieux des cépages Pinots et Chardonnay. Ils trouvent leur meilleure expression après un vieillissement accompli dans la fraîcheur de nos caves., Idéal avec un dessert et pour célébrer les événements heureux de votre vie ! A servir frais entre +6°C et +8°C., Contient des sulfites.]|"
22,87€ / L"|"
17,15 €"
1137|Champagne Devaux Oeil de Perdrix rosé|La bouteille de 75cl|[Origine : FRANCE, Le Terroir: Champagne, Pinot Noir de la Côte des Bar et Chardonnay de Vitry, Montgueux, Côte des Bar et Sézanne.Le vin: Une première impression douce et fruitée de framboise qui s'enrichit de notes anisées, puis en bouche, une attaque fraîche et douce, un bel équilibre et des arômes de violette.Les Accords: Mouclade, Haddock poché aux baies roses, tarte chaude aux cerises avecsabayon de champagne., A déguster frais entre 8°C et 10°C, Cépages: 80% Pinot Noir et 20% Chardonnay]|"
32,83€ / L"|"
24,62 €"
1138|Champagne rosé|La bouteille de 75cl|[Origine : FRANCE]|"
34,73€ / L"|"
26,05 €"
1139|Ethylotests à usage unique|Le blister de 2|[Origine : FRANCE, Soyez responsables, prenez le réflexe éthylotest ! Avec 1271 personnes tuées sur la route en 2006, l'alcool est devenu le premier facteur d'accidents mortels en France. 26% des décès auraient pu être évités si tous les conducteurs avaient respecté lalimitation légale d'alcoolémie au volant. Ne prenez pas de risque !L'alcool compromet votre sécurité. Ne sous-estimez pas ses effets : rétrécissement du champ visuel, diminution des réflexes, altération de l'appréciation des distances... Ne vous laissez pas surprendre ! N'oubliez pas qu'il est interdit de conduire avec une alcoolémie égale ou supérieure à 0.5g d'alcool par litre de sang (ou 0.25mg/l d'air expiré). Contrôlez-vous ! Pour savoir si vous pouvez conduire, contrôlez votre alcoolémieà l'aide d'un éthylotest., Ne pas laisser à la portée des enfants., Eviter un stockage prolongé à plus de 40°C.]|"
60,88€ / Kg"|"
2,07 €"
1140|Champagne brut rosé, 12% vol.|La bouteille de 75cl|[Origine : FRANCE, Ce champagne, à dominante de Chardonnay exprime des arômes de petits fruits rouges. Il séduit par sa bouche vive, sa finale ronde et fruitée lui confère un équilibre parfait., Il peut être servi aussi bien en apéritif qu'avec les desserts aux fruits. A déguster frais : +6°C à +8°C à l'apéritif et +9°C pendant le repas.  Zéro alcool pendant la grossesse., Contient des sulfites.]|"
34,29€ / L"|"
25,72 €"
1141|Champagne brut rosé, sous étui|La bouteille de 75cl|"[Origine : FRANCE, Près de 200 hectares de vignobles situés dans les meilleurs crus de la Champagne ""historique"" et une sélection rigoureuse des raisins permettent à Deutz de disposer d'une matière première de la plus haute qualité. Un vieillissement prolongé dans 3 Kms de caves creusées dans le calcaire à 30 mètres de profondeur assure au champagne l'épanouissement et la complexité de ses arômes. Depuis 1838, Deutz est réputé pour l'élégance et la finesse de ses grands vins., 12% vol]"|"
59,57€ / L"|"
44,68 €"
1142|Champagne brut rosé|La bouteille de 75cl|[Origine : FRANCE, Fondée en 1760, Lanson est l'une des plus anciennes Maisons de Champagne. Le style Lanson, la puissance du vin s'exprime par une intense fraîcheur qui désaltère le palais.Lanson Rose Label est un vin idéal pour célébrer les plus belles émotions., A déguster entre 8 et 10°C., Contient des sulfites - SO2, A conserver dans un endroit frais et sec - Å l'abri de la lumiÈre]|"
49,92€ / L"|"
37,44 €"
1143|Champagne cuvée rosé brut|La bouteille de 75cl|[Origine : FRANCE, L'abus d'alcool est dangereux pour la santé; A consommer avec modération]|"
89,20€ / L"|"
66,90 €"
1144|Champagne brut rosé|La bouteille de 75cl|[Origine : FRANCE, Cuvée rare, le Mumm rosé apporte une touche d'émotion à chaque célébration. Bénéficiant de l'intensité des pinots noirs de ce grand cru, Mumm rosé se distingue par ses arômes de fruits des bois fins et élégants.Sa création en 1827, les fondateurs dela maison G.H. Mumm ont été les premiers à développer le vignoble de Bouzy. Elevé trois années en cave, c'est un vin charmeur., Contient des sulfites (E220).]|"
54,84€ / L"|"
41,13 €"
1145|Champagne rosé|La bouteille de 75cl|[Origine : FRANCE, Elaboré a Chouilly , près d'Epernay , cette cuvée présente , outre une belle robe saumon cuivré , des arômes de petits fruits rouges qui lui confèrent richesse et caractère.]|"
36,25€ / L"|"
27,19 €"
1146|Champagne rosé|La bouteille de 75cl|[Origine : FRANCE, Elaboré a Chouilly , près d'Epernay , cette cuvée présente , outre une belle robe saumon cuivré , des arômes de petits fruits rouges qui lui confèrent richesse et caractère.]|"
36,25€ / L"|"
27,19 €"
1147|Champagne brut rosé sauvage, sous étui|La bouteille de 75cl|[Origine : FRANCE, La gamme de cuvées croquantes et radieuses de Piper-Heidsieck est élaborée par Régis Camus, quatre fois élu 'Chef de Cave de l'année' par l'International Wine Challenge., Contient des sulfites.]|"
50,80€ / L"|"
38,10 €"
1148|Champagne rosé|La bouteille de 75cl|[Origine : FRANCE, Après un vieillissement dans nos caves, ce vin procure une rare sensation de fraîcheur et de velouté. Au nez il libère des arômes de fruits mûrs dominés par des notes de fruits rouges., Servir entre 8 et 10°C. Idéal pour une dégustation en tête à tête., Contient des sulfites.]|"
38,85€ / L"|"
29,14 €"
1149|Champagne brut rosé|La bouteille de 75cl sous coffret|[Origine : FRANCE, Découvrir les champagnes Ruinart c'est entrer dans l'univers de la plus ancienne Maison de champagne. Une maison qui, depuis 1729, crée ses cuvées selon une exigence constante et dans un même esprit de pureté, luminosité et élégance... si caractéristiques du goût Ruinart, Contient des sulfites, 12,5% vol.]|"
85,56€ / L"|"
64,17 €"
1150|Champagne brut rosé, 12% vol.|La bouteille de 75cl|[Origine : FRANCE, Tsarine de Chanoine Frères est élaborée à partir de la première presse d'un assemblage subtil des 3 grands cépages champenois.C'est en 1730 sous le règne de Louis XV que MM Chanoine frères obtinrent de la ville d'Epernay l'autorisation d'y creuser lapremière cave à champagne. En hommage à la Russie des Tsars, principal marché étranger du champagne au 19ème siècle, Chanoine frères a créé cette grande cuvée., Contient des sulfites.]|"
45,25€ / L"|"
33,94 €"
1151|Champagne rosé|La bouteille de 75cl|[Origine : FRANCE]|"
66,91€ / L"|"
50,18 €"
1152|Whisky Blended 40%Vol.|La bouteille de 70cl|[Origine : FRANCE, Ce Blended Whisky est un assemblage d'une sélection des meilleurs whiskies de grain et malt américains, européens et indiens vieillis en fûts de bois., Blended Whisky.]|"
15,97€ / L"|"
11,18 €"
1153|Whisky Ecosse Speyside Single Malt 10 ans 40 % vol.|La bouteille de 70cl|[Origine : ROYAUME UNI]|"
38,80€ / L"|"
27,16 €"
1154|Whisky Ecosse Speyside Single Malt 12 ans 40 % vol.|La bouteille de 70cl|[Origine : FRANCE]|"
48,49€ / L"|"
33,94 €"
1155|Whisky Ecosse Islay Single Malt 10 ans 46 % vol.|La bouteille de 70cl|[Origine : ROYAUME UNI]|"
71,37€ / L"|"
49,96 €"
1156|Whisky Ecosse Blended 35% vol.|La bouteille de 70cl|[Origine : FRANCE]|"
27,51€ / L"|"
19,26 €"
1157|Whisky Ecosse Blended 40% vol.|La bouteille de 1,5L|[Origine : FRANCE]|"
22,83€ / L"|"
34,25 €"
1158|Whisky Ecosse Blended 40% vol.|La bouteille de 1L|[Origine : FRANCE, Distillé et mis en bouteille en Ecosse.]|"
23,39€ / L"|"
23,39 €"
1159|Whisky Ecosse Blended 40% vol.|La bouteille de 70cl|[Origine : ROYAUME UNI, Distillé et mis en bouteille en Ecosse.]|"
23,71€ / L"|"
16,60 €"
1160|Whisky Ecosse Islay Single Malt legend 43 % vol.|La bouteille de 70cl|[Origine : ROYAUME UNI]|"
37,60€ / L"|"
26,32 €"
1161|Whisky Irlande Blended 40 % vol.|La bouteille de 70cl|[Origine : FRANCE, Distillé trois fois, vieilli et mis en bouteille en Irlande., A consommer de façon responsable., Valeur énergétique en Joules :  919kj, Valeur énergétique en Kcal : 222kcal, Glucides : 0,1g, Lipides : 0g, Protides :0g]|"
27,69€ / L"|"
19,38 €"
1162|Whisky Ecosse Islay Single Malt 12 ans 43 % vol.|La bouteille de 70cl|[Origine : FRANCE]|"
59,67€ / L"|"
41,77 €"
1163|Whisky Ecosse Speyside Single Malt 12 ans 40 % vol.|La bouteille de 70cl|[Origine : ROYAUME UNI]|"
52,90€ / L"|"
37,03 €"
1164|Scotch whisky, cold signature, 18 ans d'âge, 40% vol.|La bouteille de 70cl|[Origine : FRANCE]|"
69,49€ / L"|"
48,64 €"
1165|Whisky Ecosse Blended 12 ans 40 %vol.|La bouteille de 70cl|[Origine : ETATS-UNIS AMERIQUE]|"
43,64€ / L"|"
30,55 €"
1166|Whisky Ecosse Blended 40% vol.|La bouteille de 1L|[Origine : FRANCE, Distillé, vieilli et mis en bouteille en Ecosse.]|"
20,86€ / L"|"
20,86 €"
1167|Whisky Ecosse Blended 40% vol.|La bouteille de 35cl|[Origine : ROYAUME UNI]|"
25,06€ / L"|"
8,77 €"
1168|Whisky Ecosse Blended 40% vol.|La bouteille de 70cl|[Origine : ROYAUME UNI, Distillé, vieilli et mis en bouteille en Ecosse.]|"
21,86€ / L"|"
15,30 €"
1169|Ethylotests à usage unique|Le blister de 2|[Origine : FRANCE, Soyez responsables, prenez le réflexe éthylotest ! Avec 1271 personnes tuées sur la route en 2006, l'alcool est devenu le premier facteur d'accidents mortels en France. 26% des décès auraient pu être évités si tous les conducteurs avaient respecté lalimitation légale d'alcoolémie au volant. Ne prenez pas de risque !L'alcool compromet votre sécurité. Ne sous-estimez pas ses effets : rétrécissement du champ visuel, diminution des réflexes, altération de l'appréciation des distances... Ne vous laissez pas surprendre ! N'oubliez pas qu'il est interdit de conduire avec une alcoolémie égale ou supérieure à 0.5g d'alcool par litre de sang (ou 0.25mg/l d'air expiré). Contrôlez-vous ! Pour savoir si vous pouvez conduire, contrôlez votre alcoolémieà l'aide d'un éthylotest., Ne pas laisser à la portée des enfants., Eviter un stockage prolongé à plus de 40°C.]|"
60,88€ / Kg"|"
2,07 €"
1170|Whisky Ecosse Highland Single Malt 15 ans 43 % vol.|La boîte de 70cl|[Origine : ROYAUME UNI]|"
56,91€ / L"|"
39,84 €"
1171|Whisky Ecosse Blended 15 ans 40 %vol.|La bouteille de 70cl|[Origine : ROYAUME UNI]|"
44,94€ / L"|"
31,46 €"
1172|Whisky Ecosse Blended 40% vol.|La bouteille de 70cl|[Origine : ROYAUME UNI]|"
26,41€ / L"|"
18,49 €"
1173|Whisky USA Kentucky Bourbon 40 % vol.|La bouteille de 70cl|[Origine : ETATS-UNIS AMERIQUE]|"
28,17€ / L"|"
19,72 €"
1174|Mozzarella, fromage italien à pâte molle filée fraîche|Le sachet de 125g + 20% gratuit|[Origine : ITALIE]|"
7,07€ / Kg"|"
1,06 €"
1175|Whisky Ecosse Speyside Single Malt 12 ans 40 % vol.|La boîte de 70cl|[Origine : ROYAUME UNI]|"
41,13€ / L"|"
28,79 €"
1176|Whisky Ecosse Speyside Single Malt 15 ans 40 % vol.|La bouteille de 70cl|[Origine : ROYAUME UNI]|"
53,71€ / L"|"
37,60 €"
1177|Whisky Ecosse Speyside Single Malt  40 % vol.|La bouteille de 70cl|[Origine : ETATS-UNIS AMERIQUE]|"
27,94€ / L"|"
19,56 €"
1178|Whisky Ecosse Blended 3 ans 40 % vol.|La bouteille de 70cl|[Origine : FRANCE]|"
16,70€ / L"|"
11,69 €"
1179|Whisky Ecosse Highland Single Malt 10 ans 40 % vol.|La bouteille de 70 cl|[Origine : FRANCE, 40% vol.]|"
52,13€ / L"|"
36,49 €"
1180|Whisky Ecosse Speyside Single Malt alba reserve 40 % vol.|La bouteille de 70cl|[Origine : ROYAUME UNI]|"
68,01€ / L"|"
47,61 €"
1181|Whisky Ecosse Highland Single Malt heritage 40 % vol.|La bouteille de 70cl|[Origine : FRANCE]|"
27,89€ / L"|"
19,52 €"
1182|Whisky Ecosse Highland Single Malt heritage 40 % vol.|La bouteille de 70cl|[Origine : FRANCE]|"
27,89€ / L"|"
19,52 €"
1183|Whisky Ecosse Blended 40% vol.|La bouteille 35cl|[Origine : ROYAUME UNI]|"
22,03€ / L"|"
7,71 €"
1184|Whisky Ecosse Blended 40% vol.|La bouteille de 1,5L|[Origine : FRANCE, 40% vol.]|"
18,51€ / L"|"
27,76 €"
1185|Whisky Ecosse Blended 40% vol.|La bouteille de 1L|[Origine : FRANCE, Distillé et mis en bouteille Ecosse.]|"
18,84€ / L"|"
18,84 €"
1186|Whisky Ecosse Blended 40% vol.|La bouteille de 70cl|[Origine : ROYAUME UNI, Distillé et mis en bouteille en Ecosse., 40% vol.]|"
19,43€ / L"|"
13,60 €"
1187|Whisky Ecosse Blended ale cask 40 % vol.|La bouteille de 70cl|[Origine : ROYAUME UNI]|"
28,91€ / L"|"
20,24 €"
1188|Whisky Ecosse Blended 40% vol.|La bouteille de 1L|[Origine : FRANCE, 40% vol.]|"
18,79€ / L"|"
18,79 €"
1189|Whisky Ecosse Blended 40% vol.|La bouteille de 70cl|[Origine : FRANCE]|"
19,34€ / L"|"
13,54 €"
1190|Whisky Ecosse Blended 40% vol.|La bouteille de 1,5L|[Origine : FRANCE, Justerini & Brooks s'installent en 1749 en tant que négociants en vins fin; Dès l760, ils deviennent fournisseurs officiels de la Cour d'Angleterre. Depuis,  ils  ont fourni 8 monarchies successives et détiennent aujourd'hui encore le «Royal Warrant». J&B Rare Old Scotch Whisky a été créé pour la première fois au début du 20ème siècle. Seuls le métier et la tradition ont permis d'obtenir la qualité du blend J&B Rare. Plus de 40 whiskies de malt et de grains différents mûrissent puis sont assemblés. Le tout est placé dans des fûts de chêne pour une année entière de maturation. Ils  sont   associés   pour   donner   un   bouquet  harmonieux, caractéristique des malts du Speyside contenus dans J&B rare., A consommer de façon responsable  Zéro alcool pendant la grossesse.]|"
23,29€ / L"|"
34,93 €"
1191|Whisky Ecosse Blended 40% vol.|La bouteille de 1L|[Origine : ROYAUME UNI, A consommer de façon responsable., 40% vol., Valeur énergétique en Joules :  919kj, Valeur énergétique en Kcal : 222kcal, Glucides : 0,1g, Lipides : 0g, Protides :0g]|"
24,46€ / L"|"
24,46 €"
1192|Whisky Ecosse Blended 40% vol.|La bouteille de 35cl|[Origine : ROYAUME UNI]|"
25,74€ / L"|"
9,01 €"
1193|Rivesaltes ambré, 1996|La bouteille de 75cl|[Origine : FRANCE]|"
16,35€ / L"|"
12,26 €"
1194|Vin cuit, élevé en foudres de chêne|La bouteille de 1L|[Origine : FRANCE, Ambassadeur est élaboré à partir d'une sélection rigoureuse de vins de cépages et de plantes aromatiques.Son bouquet développe des notes d'orange, de groseilles confites, de framboises et de cerises. Sa robe rubis est légèrement tuilée., A consommer très frais (6 à 8°C), avec ou sans glace, pur ou en cocktail., Contient des sulfites.]|"
9,55€ / L"|"
9,55 €"
1195|Apéritif italien 15%Vol.|La bouteille de 1L|[Origine : ITALIE]|"
16,98€ / L"|"
16,98 €"
1196|Vin cuit, vieilli en fûts de chêne|La bouteille de 1L|[Origine : FRANCE, Elaboré depuis plus d'un siècle d'après la recette des Frères Violet, Byrrh perpétue fièrement sa tradition.C'est à la rigueur de la sélection des vins, au dosage subtile de quinquina d'Amérique du Sud et d'Afrique, et à son lent vieillissement en fûts de chêne pendant plusieurs années, que Byrrh doit sa puissance  aromatique et son caractère unique., Contient des sulfites.]|"
10,40€ / L"|"
10,40 €"
1197|Bitter|La bouteille de 1L|[Origine : ITALIE, Sucre, alcool, plantes aromatiques, colorants : E122 , E102 , E133.]|"
19,85€ / L"|"
19,85 €"
1198|Cognac Ile de ré, 40%Vol.|La bouteille de 70cl|[Origine : FRANCE, Ce cognac chaleureux puise son tempérament dans les vignes de l'Ile de Ré nourries par les embruns océaniques et sa terre riche en algues. Couleur : jaune paille aux reflets dorés. Palais : puissant, épicé et rond. Dominante de fruits secs avec une note finale salée. Nez : riche et fortement typé, avec des notes iodées associées à des arômes de pain d'épices et de tamarin., Ile de Ré Fine Island Cognac se dégustera pur, mais son tempérament unique se révèlera sur des glaçons, avec un peu d'eau, ou frappé en association avec du poisson ou des fruits de mer.]|"
54,36€ / L"|"
38,05 €"
1199|Vin cuit produit à base de quinquina et de viin du cru corse|La bouteille de 1l, 15% vol.|[Origine : FRANCE, Créé en 1872 par L.N. Mattei, le Cap Corse est élaboré à partir de vins corses, de plantes aromatiques sur la base de sa recette d'origine. Sec ou sur glace, en cocktail ou soft drink, il s'identifie tout de suite à une terre à nulle autre pareille., A conserver à l'abri de la chaleur et de l'humidité.]|"
12,15€ / L"|"
12,15 €"
1200|Muscat de Rivesaltes, 15,5% vol.|La bouteille de 75cl|[Origine : FRANCE, Le muscat de Rivesaltes, appellation contrôlée, au goût léger de son cépage, doit être servi frais en toutes circonstances., Zéro alcool pendant la grossesse, Valeur énergétique en Joules :  0, Valeur énergétique en Kcal : 0, Glucides : 0, Lipides : 0, Protides :0, Contient des sulfites]|"
5,97€ / L"|"
4,48 €"
1201|Guignolet Kirsch, liqueur à base de cerises|La bouteille de 1L|[Origine : FRANCE, Sélection rigoureuse des cerises fraîchement cueillies.L'assemblage subtil de kirsch et d'eaux-de-vie fines, la macération dans des foudres de chêne tricentenaires, garantissent depuis 1705 le goût original et naturel des Guignolets Kirsch GK de Cherry Rocher., A servir bien frais à l'heure de l'apéritif., Fruits, sucre, alcool dont kirsch 6,67%.]|"
8,52€ / L"|"
8,52 €"
1202|Porto, vieilli à Porto, 19% vol.|La bouteille de 75cl|[Origine : PORTUGAL, Vendangé à la main et lentement vieilli en fûts de chêne dans nos chais de Villa Nova de Gaia au Portugal.Héritier d'un savoir-faire unique datant de 1887, Porto Cruz est issu des plus nobles crus de la vallée du Douro., Contient sulfites.]|"
10,43€ / L"|"
7,82 €"
1203|Porto blanc, 19% vol.|La bouteille de 75cl|[Origine : PORTUGAL, Porto Cruz est issu des plus nobles crus de la vallée du douro, vendangé à la main et lentement vieilli en fûts de chêne dans nos chais de vila nova de gaia au Portugal.]|"
11,68€ / L"|"
8,76 €"
1204|Porto spécial réserve, vieilli en fûts de chêne, 19% vol.|La bouteille de 75cl|[Origine : FRANCE, Cruz Special Reserve est un rare et prestigieux Porto dont le long vieillissement en fûts de chêne au Portugal lui a permis de développer son velouté et son bouquet incomparables., Contient sulfites.]|"
15,84€ / L"|"
11,88 €"
1205|Tawny|La flasque de 20cl|[Origine : PORTUGAL, Son bouquet fin et fruité, sa générosité et son moelleux uniques, sa robe aux reflets acajou sont obtenus au cours d'un long vieillissement en fûts de chêne au Portugal.Porto Cruz est issu des plus nobles cépages cultivés à la main, au coeur de la vallée délimitée du Douro au Portugal, et élaboré selon un savoir faire vieux de plus de deux siècles fidèlement respecté par les Maîtres de Chai de Gran Cruz sous le contrôle de l'institut du vin de Porto., Porto Cruz se savoure à l'apéritif, à température ambiante, mais également au cours du repas, en accompagnement de foie gras, de volailles, de fromages (et notamment des bleus) ou de desserts légers.]|"
13,90€ / L"|"
2,78 €"
1206|Muscat du cap corse, appellation cap corse contrôlé|La bouteille de 75cl, 15% vol|[Origine : FRANCE]|"
18,71€ / L"|"
14,03 €"
1207|Fernet-Branca, 39% de vol.|La bouteille de 70cl|[Origine : FRANCE]|"
29,84€ / L"|"
20,89 €"
1208|Porto|La bouteille de 75cl|[Origine : FRANCE, Issu de cépages sélectionnés de la région délimitée du Douro et vieilli en fûts de chêne dans les caves centenaires de Ferreira Tawny posséde un arôme frais et délicat. Vieilli en fûts de chêne.]|"
13,39€ / L"|"
10,04 €"
1209|Porto blanc|La bouteille de 75cl|[Origine : FRANCE, Issu de cépages sélectionnés de la Région Délimitée du Douro, le Ferreira Blanc vieillit en fûts de chêne dans les caves centenaires de Ferreira. C'est un vin d'une couleur dorée et limpide qui dégage un arôme très frais et très intense, une touche florale et fruitée., Le Ferreira Blanc peut être consommé frais (8° à 10°) et se marie tout particulièrement bien avec des fruits secs, des hors d'oeuvre salés, des pâtés et du foie gras.]|"
13,39€ / L"|"
10,04 €"
1210|Muscat de Frontignan , vin doux naturel|La bouteille de 75cl|[Origine : FRANCE, Cultivé en bordure de la mer méditerranée, Frontignan Premier, authentique et convivial est préservé par une vendange à la main.Il est exclusivement issu du cépage Muscat Blanc à petits grains (dit Frontignan), qui lui confère sa puissance aromatique. Ce grand vin parfumé, subtil et généreux, garde le souvenir de ses origines légendaires dans sa bouteille torsadée., Température idéale de consommation : 6 à 9°C., Contient des sulfites.]|"
12,03€ / L"|"
9,02 €"
1211|Apéritif à base de vin et d'extraits végétaux|La bouteille de 1L|[Origine : ITALIE, Grand classique des apéritifs italiens, l'Américano Gancia est le fruit du savoir- faire ancestral de la famille Gancia.Sa base de vin naturel, associée à un mélange secret des plantes, d'épices et de fruits, lui offre un bouquet et un goût inimitables., Toutes les saveurs subtiles de l'Italie, à déguster pur sur glace ou en cocktail., Vin, sucre, alcool, extraits végétaux, colorants : E122, E102. Contient des sulfites.]|"
10,37€ / L"|"
10,37 €"
1212|Porto finest reserve, 20% vol.|La bouteille de 75cl|[Origine : FRANCE]|"
17,84€ / L"|"
13,38 €"
1213|Lillet Rosé, 17% vol.|La bouteille de 75cl|[Origine : FRANCE]|"
18,80€ / L"|"
14,10 €"
1214|Prosecco, vin pétillant italien brut|La bouteille de 75cl|[Origine : ITALIE, Contient des sulfites.]|"
11,35€ / L"|"
8,51 €"
1215|Vin de Madère|La flasque de 20cl|[Origine : FRANCE, Issu des meilleurs cépages, ce vin de Madère a été vendangé à la main puis vieilli en fûts de chêne à Madère., Contient des sulfites.]|"
13,85€ / L"|"
2,77 €"
1216|Bianco, apéritif à base de vin|La bouteille de 1L|[Origine : ITALIE, Contient des sulfites.]|"
9,84€ / L"|"
9,84 €"
1217|Rosso, apéritif à base de vin|La bouteille de 1L|[Origine : ITALIE, Martini & Rossi SpA, à Turin ont créé Martini. Ils ont inventé une recette unique et secrète mêlant une sélection d'herbes aromatiques et de vins de grande qualité des vignobles piémontais.Aujourd'hui Martini s'inspire toujours de cette recette originale afin de préserver son caractère unique créé à partir d'un mélange de 40 herbes botaniques du monde entier., Contient de la quinine et des sulfites., A conserver de préférence au réfrigérateur une fois ouvert.]|"
9,76€ / L"|"
9,76 €"
1218|Royale Bianco|La bouteille de 75cl|[Origine : FRANCE]|"
11,96€ / L"|"
8,97 €"
1219|Spumante Prosecco, 11,5% vol.|La bouteille de 75cl|[Origine : ITALIE, Spumante Prosecco est le fruit d'un processus de fermentation rigoureusement contrôlé qui lui garantit une qualité constante et exceptionnelle.Il laisse subsister une part de sucre naturel du raisin pour davantage de douceur et de légèreté. Un savantéquilibre entre des saveurs fruitées et la fraîcheur des notes d'agrumes pour un fini parfait qui dévoile des arômes de pomme, poire et des notes florales., Contient des sulfites.]|"
12,97€ / L"|"
9,73 €"
1220|Maury rouge|La bouteille de 37,5cl|[Origine : FRANCE, grenache noir]|"
26,24€ / L"|"
9,84 €"
1221|Muscat du cap corse contrôlé|La bouteille de 75cl|[Origine : FRANCE]|"
17,65€ / L"|"
13,24 €"
1222|Vermouth blanc, 18% vol.|La bouteille de 75cl|[Origine : FRANCE, Vieilli en fûts de chêne et en plein air pendant plus d'un an, Noilly Prat tire son goût si parfumé de l'action conjuguée des vents marins et du soleil de la Méditerranée.C'est dans le sud de la France qu'est élaborée chaque bouteille de Noilly Pratdepuis 1813., En apéritif, pur, frappé, ou sur glace. Idéal aussi en cocktail, comme le 'Original Dry'. Servir frais avec une olive ou un twist de citron., Contient des sulfites, du lait.]|"
16,68€ / L"|"
12,51 €"
1223|Muscat de Samos, grand cru, 15,5% vol.|La bouteille de 75cl|[Origine : GRECE, Issu de l'Ile de Samos, au coeur de la Méditerranée, le Muscat de Samos Olympio est un muscat grand cru, élaboré exclusivement à partir de cépages nobles, gorgés de soleil et vendangés à la main., Pour apprécier son bouquet frais et raffiné aux arômes de fruits secs, servez-le très frais.]|"
5,96€ / L"|"
4,47 €"
1224|Muscat de Beaumes de Venise|La bouteille de 75cl|"[Origine : FRANCE, De l'or pur , et tout l'esprit Apéritif se révèle . La tradition et la modernité s'entremêlent pour dévoiler de sarômes de fruits frais .Cette alchimie vous emmènera vers un voyage très sensoriel aux couleurs épicées . Un apéritif  au ""pays des dentelles""., A déguster très frais 6-7°C., Contient des sulfites . 15,5% vol.]"|"
18,12€ / L"|"
13,59 €"
1225|Rouge, apéritif non alcoolisé aux plantes|La bouteille de 1L|[Origine : FRANCE, Bouguet Pau, créateur depuis 1980 d'apéritifs de caractère, sans alcool, a élaboré avec tout son savoir-faire et suivant une recette originale, Palermo Rosso au goût noble et généreux., Palermo Rosso se déguste très frais sur glaçons, nature ou additionné d'eau gazeuse, accompagné d'un zeste de citron ou d'orange., Eau, sirop de fructose, saccharose, arômes naturels, colorant: caramel E150d, acidifiant: acide citrique, antioxygène: acide ascorbique, arômes, conservateur: E211, arôme quinine., A conserver au réfrigérateur après ouverture.]|"
3,71€ / L"|"
3,71 €"
1226|Liqueur amer-picon, à consommer avec de la bière|La bouteille de 1L|[Origine : FRANCE, Versez un demi de bière blonde bien fraîche sur 3 cl de Picon bière dans le verre approprié. Observé la teinte ambrée, lumineuse, et intense qui emplit le verre. L'abus d'alcool est dangereux pour la santé, A consommer avec modération]|"
12,51€ / L"|"
12,51 €"
1227|Apéritif anglais 25%Vol.|La bouteille de 70cl|[Origine : FRANCE]|"
26,49€ / L"|"
18,54 €"
1228|Boisson aromatisée à base de vin l'apéritif, 14,3% vol.|La bouteille de 1L|[Origine : FRANCE, Cette boisson d'apéritif, élaborée à base de cépages nobles méditerranéens associés à des arômes naturels, lui confère un goût harmonieux et chaleureux., A déguster à température ambiante., Vin 80%, sucre, arômes naturels, colorant : caramel E150d, conservateur : E202, stabilisants : E414, E353. Contient des sulfites.]|"
3,06€ / L"|"
3,06 €"
1229|Porto rouge|La bouteille de 75cl|[Origine : PORTUGAL, Contient des sulfites. Produit du Portugal.]|"
13,39€ / L"|"
10,04 €"
1230|Apéritif élaboré à partir de gentianes sauvages|La bouteille de 100cl|[Origine : FRANCE, La distillation traditionnelle de ses extraits aromatiques de plantes lui confère sa personnalité unique., Boisson fermentée à la gentiane. A partir de gentianes sélectionnées , dont 50% de gentianes sauvages.]|"
8,35€ / L"|"
8,35 €"
1231|Rivesaltes vieilli en fûts de chêne, 16% vol.|La bouteille de 1L|[Origine : FRANCE, Né en Pays de Roussillon, berceau de la Catalogne Française, Vabé porte tout l'héritage des Grands Rivesaltes.Vabé est l'apéritif idéal pour célébrer la chaleur que procure une vraie amitié. Elevé et parvenu à maturité, c'est dans votre verre que savérité se révélera., Vabé se déguste frais (10° à 12°C)., Vin doux naturel.]|"
6,40€ / L"|"
6,40 €"
1232|Muscat de Rivesaltes, 15,5% vol.|La bouteille de 1L|[Origine : FRANCE, Né au coeur des vignobles du roussillon , Valauria Muscat de Rivesaltes est issu d'un cépage Muscat à petits grains , fruité et fin , et d'un cépage Muscat à grains généreux , parfumé et aromatique., servir bien frais., Contient des sulfites.15,5% vol.]|"
7,16€ / L"|"
7,16 €"
1233|Gin 37,5%Vol.|La bouteille de 70cl|[Origine : FRANCE, Les extraits de baies de genièvre et la coriandre donnent à ce London Dry Gin une grande richesse aromatique., Base idéale pour vos cocktails.]|"
14,17€ / L"|"
9,92 €"
1234|Tequila 35%Vol.|La bouteille de 70cl|[Origine : FRANCE, La Téquila est issue du jus de l'agave bleue du Mexique. Ce jus est fermenté et distillé 2 fois pour donner une téquila blanche, fine aux notes fruitées., Elle se déguste nature ou en cocktail.]|"
17,47€ / L"|"
12,23 €"
1235|Vodka 37,5%Vol.|La bouteille de 70cl|[Origine : FRANCE, La qualité et la pureté de notre vodka pur grain sont le résultat d'une triple distillation., A déguster nature sur de la glace pilée ou en cocktail en association avec du jus de fruits, des liqueurs ou des crèmes de fruits.]|"
14,40€ / L"|"
10,08 €"
1236|Vodka, 40%|La bouteille de 35cl|[Origine : FRANCE]|"
27,91€ / L"|"
9,77 €"
1237|Vodka, 40%|La bouteille de 70cl|[Origine : SUEDE]|"
26,47€ / L"|"
18,53 €"
1238|Vodka, 40% vol.|La bouteille de 1L|[Origine : FRANCE]|"
25,29€ / L"|"
25,29 €"
1239|Vodka 40%Vol.|La bouteille de 1,5L|[Origine : FRANCE]|"
25,41€ / L"|"
38,11 €"
1240|London Dry Gin|La bouteille de 35cl|[Origine : FRANCE]|"
28,69€ / L"|"
10,04 €"
1241|Vodka, 40% vol.|La bouteilles de 70cl et son étui showcase|[Origine : FRANCE]|"
58,86€ / L"|"
41,20 €"
1242|London Dry gin|La bouteille de 70cl|[Origine : ROYAUME UNI]|"
31,41€ / L"|"
21,99 €"
1243|Tequila Reposada, 38%Vol.|La bouteille de 70cl|[Origine : MEXIQUE]|"
30,67€ / L"|"
21,47 €"
1244|Vodka, 37,5% vol.|La bouteille de 1L|[Origine : FRANCE, Premium vodka 100% pur grain.]|"
19,53€ / L"|"
19,53 €"
1245|Vodka, 37,5% vol.|La bouteille de 70cl|[Origine : FRANCE, La Géorgie, berceau de la recette de la Vodka éponyme du prince Eristoff a été baptisée par les perses 'Virshan', terre des loups.]|"
20,13€ / L"|"
14,09 €"
1246|Vodka, 40% vol.|La bouteille de 70cl|[Origine : FRANCE]|"
30,17€ / L"|"
21,12 €"
1250|Gin , sec|La bouteille de 70cl|[Origine : FRANCE, Gin Special dry.]|"
16,87€ / L"|"
11,81 €"
1251|Gin london dry|La bouteille de 70cl|[Origine : ROYAUME UNI, A consommer de façon responsable.]|"
21,26€ / L"|"
14,88 €"
1252|London dry Gin|La bouteille de 1L|[Origine : FRANCE]|"
20,56€ / L"|"
20,56 €"
1253|Vodka 40%Vol.|La bouteille de 70cl|[Origine : FRANCE]|"
60,31€ / L"|"
42,22 €"
1254|Kosmopolitan Cocktail, 14,9% vol.|La bouteille de 70cl|[Origine : FRANCE]|"
11,99€ / L"|"
8,39 €"
1255|Kosmopolitan Cocktail, 14,9% vol.|La bouteille de 70cl|[Origine : FRANCE]|"
11,99€ / L"|"
8,39 €"
1259|Vodka|La flasque de 20cl|[Origine : FRANCE, La pureté et la finesse de goût de la vodka Poliakov viennent de la sélection des grains surfins qui entrent dans sa composition, de sa triple distillation et de son filtrage au charbon de bois., La vodka pure grain Poliakov est idéale pour l'élaboration de cocktails car elle laisse se développer les arômes des autres composants en long drink.]|"
21,85€ / L"|"
4,37 €"
1260|Vodka, pure grain, 37,5%|La bouteille de 100cl|[Origine : FRANCE, Héritière des traditions ancestrales russes, la Vodka POLIAKOV distillée trois fois, se caractérise par un accord parfait entre pureté et fraîcheur., Zéro alcool pendant la grossesse]|"
16,84€ / L"|"
16,84 €"
1261|Vodka premium, 37,5%Vol.|La bouteille de 1,5l|[Origine : FRANCE, Héritière des traditions russes, la vodka POLIAKOV est élaborée exclusivement à partir des meilleurs grains et selon un savoir-faire ancestral.Sa triple distillation lui confère une pureté unique et une fraîcheur extrême., Vodka pure grain.]|"
16,61€ / L"|"
24,91 €"
1262|Vodka premium , pur grain|La bouteille de 70cl|[Origine : FRANCE, Héritière des traditions ancestrales russes, la Vodka Poliakov distillée trois fois, se caractérise par un accord parfait entre pureté et fraîcheur., 100% pure grain vodka.]|"
17,94€ / L"|"
12,56 €"
1263|Vodka, 40% vol.|La bouteille de 70cl|[Origine : RUSSIE, Fidèle à la recette de Mendeleïev, Russian Standard Vodka fait renaître le meilleur de la tradition Russe. La combinaison des blés des riches terres noires et d'eau des glaciers du lac Ladoga, confère à la vodka Russian Standard un caractère résolument russe, un goût unique, une pureté incroyable. Russian Standard Original, la vodka premium n°1 en Russie., Zéro alcool pendant la grossesse.]|"
23,46€ / L"|"
16,42 €"
1264|Cachaca Pura 38% vol.|La bouteille de 70cl|[Origine : FRANCE]|"
29,36€ / L"|"
20,55 €"
1265|Téquila silver|La bouteille de 70cl|[Origine : FRANCE, Liquide limpide incolore, odeur franche et végétale, saveur typique, végétale et fumée, L'abus d'alcool est dangereux pour la santé; A consommer avec modération]|"
23,33€ / L"|"
16,33 €"
1266|Boisson alcoolisée aromatisée gazéifiée à base de vodka Smirnoff et de boisson fermentée|la bouteille de 70cl|[Origine : FRANCE, Boisson alcoolisée aromatisée gazéifiée à base de Vodka et de boisson fermentée., Servir très frais. A consommer de façon responsable.]|"
5,43€ / L"|"
3,80 €"
1267|Premium vodka N°21, triple distilled|La bouteille de 70cl|[Origine : ITALIE, Utilisant une méthode traditionnelle de filtrations au charbon développée par PA Smirnoff., A consommer de façon responsable.]|"
21,47€ / L"|"
15,03 €"
1268|Vodka, 37,5%Vol.|La bouleille de 35cl|[Origine : POLOGNE, Liquide limpide, incolore, cristallin / caractéristique de la vodka, douce, avec une note distincte de grains polonais portés à maturation / caractéristique de la vodka, élégante et dilicate, Eau, vodka sobieski  (100% de l'alcool pur)]|"
20,17€ / L"|"
7,06 €"
1269|Vodka, 37,5%Vol.|La bouteille de 1,5L|[Origine : POLOGNE, Liquide limpide, incolore, cristallin / caractéristique de la vodka, douce, avec une note distincte de grains polonais portés à maturation / caractéristique de la vodka, élégante et dilicate]|"
15,97€ / L"|"
23,95 €"
1270|Vodka, 37,5%Vol.|La bouteille de 1L|[Origine : POLOGNE, Liquide limpide, incolore, cristallin / caractéristique de la vodka, douce, avec une note distincte de grains polonais portés à maturation / caractéristique de la vodka, élégante et dilicate]|"
16,23€ / L"|"
16,23 €"
1271|Vodka, 37,5%Vol.|La bouteille de 70cl|[Origine : POLOGNE, Liquide limpide, incolore, cristallin / caractéristique de la vodka, douce, avec une note distincte de grains polonais portés à maturation / caractéristique de la vodka, élégante et dilicate]|"
17,06€ / L"|"
11,94 €"
1272|Vodka 40%Vol.|La bouteille de 70cl|[Origine : RUSSIE, Premium vodka.]|"
25,39€ / L"|"
17,77 €"
1273|Gin, 43,1% vol.|La bouteille de 70cl|[Origine : FRANCE]|"
33,07€ / L"|"
23,15 €"
1274|Vodka bison|La bouteille de 70cl|[Origine : POLOGNE, Zubrowka se déguste pure et glacée au sortir du congélateur, ou à la polonaise allongée de jus de pomme. Elle rehausse à merveille vos cocktails à base de vodka.]|"
25,97€ / L"|"
18,18 €"
1275|Vodka Zubrowka Biala, 40% vol.|La bouteille de 70cl|[Origine : POLOGNE]|"
25,67€ / L"|"
17,97 €"
1276|Pastis de Marseille, Plantanis, apéritif anisé|La bouteille de 1L|[Origine : FRANCE, Plantanis est un pastis élaboré selon une recette traditionnelle qui allie savoir-faire et saveurs., Le Pastis se trouble au froid , pour lui rendre sa limpidité , le placer en chaleur ambiante., Eau , alcool , sirop de glucose-fructose , arômes naturels , anis 2 o/oo , colorant : caramel (E150b).]|"
15,43€ / L"|"
15,43 €"
1277|Pastis de Marseille, Plantanis, apéritif anisé|La bouteille de 50cl|[Origine : FRANCE, Plantanis est un pastis élaboré selon une recette traditionnelle qui allie savoir-faire et saveurs., Le Pastis se trouble au froid , pour lui rendre sa limpidité , le placer en chaleur ambiante., Eau , alcool , arômes naturels , sucre , colorant : caramel(150b). Contient de la réglisse.45% vol.]|"
18,02€ / L"|"
9,01 €"
1278|Blanc, apéritif anisé|La bouteille de 1L|[Origine : FRANCE, BERGER BLANC, un apéritif subtil et original, d'une incroyable pureté. Sélection rigoureuse des meilleurs anis étoilés qui confèrent au BERGER BLANC sa grande qualité et sa saveur exceptionnelle.La fabrication du BERGER BLANC est le fruit d'un savoir-faire qui remonte à 1830, avec la création de la marque par Charles Frédéric BERGER., Versez 1 volume de BERGER BLANC puis 5 à 6 volumes d'eau fraîche. Ajoutez les glaçons en touche finale pour éviter toute formation de petits cristaux., Ne pas conserver au froid. Garder la bouteille à température ambiante.]|"
18,28€ / L"|"
18,28 €"
1279|Pastis de Marseille, 45% vol.|La bouteille de 1L|[Origine : FRANCE, L'abus d'alcool est dangereux pour la santé. A consommer avec modération., Eau, alcool, sucre, substances végétales anis 2%, colorant : E150B, contient de la réglisse.]|"
20,59€ / L"|"
20,59 €"
1280|Pastis corse|La bouteille de 0,50cl, 45% vol|[Origine : FRANCE]|"
20,44€ / L"|"
10,22 €"
1281|Pastis corse|La bouteille de 1l, 45% vol|[Origine : FRANCE]|"
17,84€ / L"|"
17,84 €"
1282|Anisette, apéritif anisé, 45% de vol.|La bouteille de 70cl|[Origine : FRANCE, La véritable anisette des Frères Gras connut aussitôt un immense succès grâce à son goût frais, subtil et inimitable.C'est en 1872, que les frères Pascal et Léandre Gras décidèrent de commercialiser l'anisette élaborée dans leur famille depuis des générations à partir d'essence de badiane ou anis étoilé importée d'Espagne., Servez l'anisette Gras naturellement blanche avec quelques glaçon et quatre à cinq fois son volume d'eau : vous apprécierez son parfum frais, subtil et inimitable., Eau, alcool, sucre, anis 2%o.]|"
20,29€ / L"|"
14,20 €"
1283|Absinthe, 69 % vol.|La bouteille de 35cl|[Origine : FRANCE, Alcool - Sucre de canne - Infusion et essences de plantes d'absinthe - Esprits et essences de plantes - Colorants alimentaires: bleu brillant et tartrazine. (Pas d'allergÈnes)]|"
59,29€ / L"|"
20,75 €"
1284|Pastis|La bouteille de 70cl|[Origine : FRANCE, Le Pastis Henri Bardouin, fruit de cette tradition, est le résultat du mariage naturel de l'anis étoilé et de ces plantes et épices qui font la richesse et la saveur de la Provence.Stimulant le palais, le Pastis Henri Bardouin est un véritable pastisde dégustation. C'est au pays de Forcalquier, en Haute Provence, classé Site Remarquable du Goût que Distilleries et Domaines de Provence élaborent depuis cent années des Apéritifs et des liqueurs de Provence., Le Pastis Henri Bardouin est un apéritif désaltérant. Il faut donc le déguster largement étendu d'une eau pure et fraîche ( de 6 à 10 fois le volume de Pastis). Si vous le désirez ajoutez des glaçons, mais après avoir versé de l'eau., Alcool, infusion et alcoolats de plantes et d'épices, sucre, infusion d'armoise, essence de badiane. Contient du réglisse.]|"
34,27€ / L"|"
23,99 €"
1285|Pacific force anis, avec édulcorants, sans alcool|La bouteille de 1L|[Origine : FRANCE, Pour libérer toute la fraîcheur de l'anis, Pacific se boit en long drink, très largement étendu d'eau. Dosage idéal : 1 volume de Pacific avec 5 volumes d'eau très fraîche. Pacific peut également se boire allongé de tonic ou de jus de fruits. Un éventuel léger dépôt est naturel. Dans ce cas agiter la bouteille., Eau, émulsifiant E414, extraits naturels de végétaux, extraits naturels d'anis 1,5%, stabilisant E444, huile végétale fractionnée, colorants : E104, E110, édulcorant E959.]|"
5,34€ / L"|"
5,34 €"
1286|Pastis de Marseille|La bouteille de 1L|[Origine : FRANCE, Eau, alcool, sucre, anis, plantes aromatiques dont réglisse.]|"
19,56€ / L"|"
19,56 €"
1287|Pastis de Marseille|La bouteille de 50cl|[Origine : FRANCE, Elaboré à partir d'ingrédients soigneusement sélectionnés : anis étoilé, réglisse et plantes aromatiques, 51 possède une saveur unique. Dans le sud, le Pastis de Marseille, c'est 51 ! On se le sert entre amis, comme on l'aime, dosé à son goût, à l'apéritif... ou plus tard dans la nuit., Allongez d'eau 51 selon votre goût, ajoutez quelques glaçons et appréciez sa fraîcheur. On se le sert entre amis, comme on l'aime, dosé à son goût, à l'apéritif... ou plus tard dans la nuit. L'abus d'alcool est dangereux pour la santé  A consommer avec modération, Eau, alcool, sucre, anis, plantes aromatiques dont réglisse.]|"
24,18€ / L"|"
12,09 €"
1288|Pastis de Marseille|La bouteille de 70cl|[Origine : FRANCE, Elaboré à partir d'ingrédients soigneusement sélectionnés : anis étoilé, réglisse et plantes aromatiques, 51 possède une saveur unique. Dans le sud, le Pastis de Marseille, c'est 51 !On se le sert entre amis, comme on l'aime, dosé à son goût, à l'apéritif.. ou plus tard dans la nuit., Allongez d'eau 51 selon votre goût. Ajoutez quelques glaçons et appréciez sa fraîcheur., Eau, alcool, sucre, anis, plantes aromatiques dont réglisse.]|"
21,00€ / L"|"
14,70 €"
1289|Rosé 51, boisson spiritueuse à l'anis et aux extraits de fruits rouges|La bouteille de 70cl|[Origine : FRANCE]|"
21,69€ / L"|"
15,18 €"
1290|Pastis de Marseille|La bouteille de 1,5L|[Origine : FRANCE, La saveur de Ricard est issue de la finesse de l'anis étoilé, de la fraîcheur de la réglisse de Méditerranée et de la subtilité des arômes de Provence., Eau, alcool, sucre, extraits naturels de réglisse, d'anis 2%, colorant : caramel E150c, mélange de plantes aromatiques., Ne pas conserver au froid.]|"
20,01€ / L"|"
30,02 €"
1291|Pastis de Marseille|La bouteille de 1L|[Origine : FRANCE, L'abus d'alcool est dangereux pour la santé; A consommer avec modération, Ne pas mettre au froid.]|"
20,58€ / L"|"
20,58 €"
1292|Pastis de Marseille|La bouteille de 35cl|[Origine : FRANCE, La saveur de Ricard est issue de la finesse de l'anis étoilé, de la fraîcheur de la réglisse de Méditerranée et de la subtilité des arômes de Provence.La légende de Ricard émane d'un créateur audacieux, Paul Ricard, qui a su lui donner une personnalité qui la distingue de toute autre boisson., Savourez Ricard allongé d'eau très fraîche et de quelques glaçons., Eau, alcool, sucre, extraits naturel de réglisse, d'anis 2%. Colorant : caramel E150c, mélange de plantes aromatiques., Ne pas conserver au froid.]|"
26,34€ / L"|"
9,22 €"
1293|Pastis de Marseille|La bouteille de 50cl|[Origine : FRANCE, La saveur de Ricard est issue de la finesse de l'anis étoilé, et de la fraîcheur de la réglisse de Méditerranée et de la subtilité des arômes de Provence.Ricard est né sous le signe du soleil à Marseille en 1932. Ricard émane d'un créateur audacieuxPaul Ricard, qui a su lui donner une personnalité qui la distingue de toute autre boisson., Eau, alcool, sucre, extraits naturels de réglisse, d'anis 2%o, colorant: caramel E150c, mélange de plantes aromatiques., Ne pas conserver au froid.]|"
24,62€ / L"|"
12,31 €"
1294|Pastis de Marseille|La bouteille de 70cl|[Origine : FRANCE, La saveur de Ricard est issue de la finesse de l'anis étoilé, de la fraîcheur de la réglisse de Méditerranée et de la subtilité des arômes de Provence., Eau, alcool, sucre, extraits naturels de réglisse, d'anis 2%, colorant : caramel E150c, mélange de plantes aromatiques., Ne pas conserver au froid.]|"
22,06€ / L"|"
15,44 €"
1295|Crème de cassis|La bouteille de 50cl|[Origine : FRANCE]|"
13,32€ / L"|"
6,66 €"
1296|Crème de cerise|La bouteille de 50cl|[Origine : FRANCE]|"
13,32€ / L"|"
6,66 €"
1297|Crème de framboise|La bouteille de 50cl|[Origine : FRANCE]|"
13,32€ / L"|"
6,66 €"
1298|Crème de mûres|La bouteille de 50cl|[Origine : FRANCE]|"
13,32€ / L"|"
6,66 €"
1299|Crème de pêche|La bouteille de 50cl|[Origine : FRANCE]|"
13,32€ / L"|"
6,66 €"
1300|Crème de whisky The Original|La bouteille de 70cl|[Origine : ROYAUME UNI, Baileys est issu de l'heureux mariage de la crème fraîche irlandaise, d'alcools fins, de whiskey irlandais et d'essences naturelles de cacao., A consommer de façon responsable. Dégustez Baileys sur glace, passé au mixeur avec des glaçons, ou avec du café. Ne pas mélanger avec des boissons acides ou à base de citron., Crème fraîche irlandaise, d'alcools fins, de whiskey irlandais et d'essences naturelles de cacao. Contient du lait., A conserver entre 0 et 25°C.]|"
22,50€ / L"|"
15,75 €"
1301|Liqueur au chocolat|La bouteille de 50cl|[Origine : IRAN]|"
36,98€ / L"|"
18,49 €"
1302|Chartreuse verte, 55% vol.|La bouteille de 70cl|[Origine : FRANCE, Liqueur authentique d'une puissance exceptionnelle due aux 130 plantes. Elaborée depuis plus de deux siècles par les pères chartreux - entièrement élaborée avec des ingrédients naturels jusque dans sa couleur., Différents modes de consommation : digestif classique  pur ou sur de la glace, cocktails, cuisine, pâtisserie, Alcool - sucre - substances végétales - graines de sesame, Stocker debout - à l'abri de la lumière]|"
49,66€ / L"|"
34,76 €"
1303|Liqueur, 40% vol.|La bouteille de 35cl|[Origine : FRANCE]|"
31,60€ / L"|"
11,06 €"
1304|Liqueur à base d'écorces d'orange|La bouteille de 70cl|[Origine : FRANCE, L'esprit orange, harmonie subtile et naturelle des écorces d'oranges douces et amères., Alcool, sucre, écorces d'oranges.]|"
29,80€ / L"|"
20,86 €"
1305|Crème de cassis|La bouteille de 70cl|[Origine : FRANCE, Cette crème de cassis, obtenue par macération de baies de cassis dans l'alcool surfin, est le complément idéal d'un vin blanc sec ou d'un crémant dans la proportion d'1/5 de crème pour 4/5 de vin., Macération de baies de cassis dans l'alcool, sucre, eau.]|"
7,31€ / L"|"
5,12 €"
1306|Punch Planteur 16% Vol|La bouteille de 70cl|[Origine : FRANCE, Depuis 1942, la famille Damoiseau élabore dans la plus grande tradition un rhum agricole de grande qualité. Son punch apportera à vos apéritifs tout l'ensoleillement et la générosité de sa région d'origine., A consommer très frais et nature. A garder au réfrigérateur après ouverture]|"
13,74€ / L"|"
9,62 €"
1307|Amaretto, 28% de vol.|La bouteille de 50cl|[Origine : FRANCE]|"
28,54€ / L"|"
14,27 €"
1308|Liqueur à base de menthe|La bouteille de 70cl|[Origine : FRANCE, Né du savant métissage de 7 menthes et d'une alliance originale avec de l'alcool, Get 27 révèle tout le piquant de sa saveur unique., A consommer pur sur glace ou en long drink.]|"
18,49€ / L"|"
12,94 €"
1309|Liqueur à base de cognac et triple orange|La bouteille de 70cl|[Origine : FRANCE, Son goût unique, délicat et subtil, est apprécié pur, sur glace ou en cocktail.]|"
36,76€ / L"|"
25,73 €"
1310|Crème de cassis de Dijon|La bouteille de 70cl|[Origine : FRANCE, Fondée en 1845 à Dijon, la Maison L'Héritier-Guyot élabore toujours ses délicieuses crèmes de fruits selon le même savoir-faire.Chaque ingrédient a été soigneusement sélectionné afin de vous offrir le meilleur de la crème de fruit pour toutes les occasions., Vous pouvez déguster votre crème de cassis : en cocktail, en cuisine, en fête., Sucre, macération de cassis dans l'alcool, eau, alcool, substances végétales., A conserver au réfrigérateur après ouverture.]|"
10,21€ / L"|"
7,15 €"
1311|Liqueur, 35% de vol.|La bouteille de 70cl|[Origine : FRANCE]|"
28,70€ / L"|"
20,09 €"
1312|Liqueur de café 20%Vol.|La bouteille de 70cl|[Origine : SUISSE]|"
28,51€ / L"|"
19,96 €"
1313|Crème de pamplemousse rosé|La bouteille de 75cl|[Origine : FRANCE]|"
10,19€ / L"|"
7,13 €"
1314|Liqueur de rhum blanc aromatisée à la noix de coco 18%Vol.|La bouteille de 70cl|[Origine : FRANCE]|"
15,51€ / L"|"
10,86 €"
1315|Liqueur de pomme verte 18%Vol.|La bouteille de 70cl|[Origine : FRANCE, Liquide limpide incolore, odeur caractéristique de la pomme verte, saveur sucrée, fraîche et tonique, acidulée, caractéristique de la pomme verte.]|"
12,14€ / L"|"
8,50 €"
1316|Liqueur cranberry|La bouteille de 50cl|[Origine : FRANCE, Liquide, brillant, rouge intense, odeur note de baie fruitée, saveur : attaque fruitée et acidulée qui apporte de la gourmandise avec une finale légèrement astringente typique du Cranberry]|"
16,28€ / L"|"
8,14 €"
1317|Liqueur curaçao bleu 25%Vol.|La bouteille de 50cl|[Origine : FRANCE, Liquide, limpide, bleu, odeur caractéristique de l'orange amère, saveur peu sucrée caractéristique de l'orange amère avec quelques notes fleuries.]|"
18,96€ / L"|"
9,48 €"
1318|Liqueur triple-sec 39%Vol.|La bouteille de 50cl|[Origine : FRANCE, Liquide limpide incolore, odeur caractéristique de l'orange amère, saveur peu sucrée caractéristique de l'orange amère avec quelques notes fleuries]|"
18,56€ / L"|"
9,28 €"
1319|La cedratine liqueur|La bouteille de 50cl, 24 %vol.|[Origine : FRANCE, Sirop pur sucre, alcool, cédrat de Corse distillé, colorant alimentaire E102., A conserver à l'abri de la chaleur et de l'humidité.]|"
34,00€ / L"|"
17,00 €"
1320|Liqueur la chataigne|La bouteille de 50cl, 24% vol.|[Origine : FRANCE, Sirop pur sucre, alcool, extrait de châtaigne, colorant caramel., A conserver à l'abri de la chaleur et de l'humidité.]|"
28,64€ / L"|"
14,32 €"
1321|Liqueur la myrthe|La bouteille de 50cl, 24% vol.|[Origine : FRANCE, Sirop pur sucre, alcool, baies de myrthe de Corse distillées., A conserver à l'abri de la chaleur et de l'humidité.]|"
34,00€ / L"|"
17,00 €"
1322|Cocktail passion fruit 15%Vol.|La bouteille de 70cl|[Origine : FRANCE]|"
17,03€ / L"|"
11,92 €"
1323|Cocktail Mojito Bacardi, 14,9% vol.|La bouteille de 70cl|[Origine : ESPAGNE, Devenez créateur de cocktails avec Bacardi Mojito Classic., Eau, rhum Bacardi Superior (39%), sucre, acidifiant: acide citrique, arômes, correcteur d'acidité: citrate de sodium, conservateurs: E202, E212, émulsifiants: E445, E444, colorants: E102, E133., Se conserve un mois au réfrigérateur après ouverture.]|"
21,99€ / L"|"
15,39 €"
1324|Pur sirop de canne|La bouteille de 70cl|[Origine : FRANCE, Canadou est l'inséparable compagnon du rhum blanc pour la confection des punchs et cocktails exotiques. Enfant de la canne à sucre et du soleil, sain et naturel, Canadou révèle son étonnant pouvoir sucrant et sa facilité d'utilisation dans les préparations de tous les jours en remplacement du sucre raffiné., A conserver dans le réfrigérateur après ouverture., Sucre de canne liquide.]|"
3,80€ / L"|"
2,66 €"
1325|Punch coco 16%Vol.|La bouteille de 70cl|[Origine : FRANCE]|"
13,74€ / L"|"
9,62 €"
1326|Cocktail punch pina colada 16%Vol.|La bouteillde de 70cl|[Origine : FRANCE]|"
8,96€ / L"|"
6,27 €"
1327|Punch au rhum blanc et au citron|La bouteille de 70cl|[Origine : FRANCE, Le Daïquiri Old Nick révèle l'équilibre exquis entre la puissance du rhum, la force et la fraîcheur du citron.Old Nick célèbre l'alliance du rhum blanc issu des meilleures cannes à sucre et des fruits les plus savoureux., A déguster bien glacé., A conserver au frais après ouverture.]|"
8,96€ / L"|"
6,27 €"
1328|Punch au rhum vieux ambré, au rhum blanc et à l'orange|La bouteille de 70cl|[Origine : FRANCE, Héritier d'une longue tradition antillaise, le Planteur Old Nick est élaboré à partir de jus d'oranges sélectionnées et enrichi d'une touche de rhum vieux.Alliant la force du rhum à l'arôme généreux de l'orange, il incarne depuis toujours la convivialité des Antilles. Depuis le début de son histoire, Old Nick signe les plus célèbres recettes de cocktails au rhum, des plus classiques aux plus tendances., Servir sur glace, dans un verre long drink décoré d'une rondelle d'orange.]|"
8,96€ / L"|"
6,27 €"
1329|Cocktail mojito impérial 14,9%Vol.|La bouteille de 70cl|[Origine : FRANCE]|"
11,97€ / L"|"
8,38 €"
1330|Mojito fraise|La bouteille de 70cl|[Origine : FRANCE]|"
11,97€ / L"|"
8,38 €"
1331|Caipirinha 21°|La bouteille de 70cl|[Origine : FRANCE]|"
12,94€ / L"|"
9,06 €"
1332|Rhum ambré  ,Sequana|La bouteille de 50cl|[Origine : FRANCE, Rhum ambré des iles Françaises ,réputé pour la finesse de ses arômes et son parfum délicat.Indispensable en cuisine pâtisserie et en punchs., 40% vol.]|"
13,16€ / L"|"
6,58 €"
1333|Rhum traditionnel des Iles Françaises|La bouteille de 70cl|[Origine : FRANCE, 40% vol.]|"
12,44€ / L"|"
8,71 €"
1334|Rhum ambré 35% vol.|La bouteille de 70cl|[Origine : ALLEMAGNE]|"
21,86€ / L"|"
15,30 €"
1335|Rhum supérieur|La bouteille de 70cl|[Origine : ALLEMAGNE, La lÍgislation europÍenne a exemptÍ spÍcifiquement les boissons qui contiennent plus de 1,2% d'alcool de cette obligation de lister les ingrÍdients., Ne convient pas aux femmes enceintes.]|"
25,41€ / L"|"
17,79 €"
1336|Rhum supérieur, 37,5% vol.|La bouteille de 35cl|[Origine : FRANCE]|"
27,91€ / L"|"
9,77 €"
1337|Rhum supérieur, 37,5% vol.|La bouteille de 35cl|[Origine : FRANCE]|"
27,91€ / L"|"
9,77 €"
1338|Rhum agricole de la Guadeloupe, 50% vol.|La bouteille de 1L|[Origine : FRANCE, Dégustez et vous retrouverez tout le parfum et l'ambiance ensoleillé de la Guadeloupe., Rhum agricole de la Guadeloupe.]|"
19,51€ / L"|"
19,51 €"
1339|Rhum agricole de la Guadeloupe, 50% vol.|La bouteille de 35cl|[Origine : FRANCE]|"
24,57€ / L"|"
8,60 €"
1340|Spiritueux à base de rhum, 35% vol.|La bouteille de 70cl|[Origine : ROYAUME UNI]|"
22,56€ / L"|"
15,79 €"
1341|Rhum blanc traitionnel de la Réunion|La bouteille de 1L|[Origine : FRANCE, Rhum Charette est le plus célèbre et le plus apprécié à l'île de la Réunion. Produit du terroir , il bénéficie de l'appellation d'origine qui récompense trois siècles de tradition et de savoir-faire., 49% vol.]|"
17,50€ / L"|"
17,50 €"
1342|Rhum agricole blanc Martinique, 55% vol.|La bouteille de 70cl|[Origine : FRANCE, Le Rhum Blanc Clément, issu de la distillation du seul jus de la canne à sucre, est un rhum agricole d'Appellation d'Origine Contrôlée. Élaboré à l'Habitation. Clément, dans le respect des meilleures traditions martiniquaises, il se distingue par sesarômes floraux et fruités., Zéro alcool pendant la grossesse.]|"
20,56€ / L"|"
14,39 €"
1343|Rhum vieux agricole, Martinique, 44%Vol.|La bouteille de 70cl|[Origine : FRANCE, Ce rhum vieux Clément est issu de la distillation du seul jus de la canne à sucre.Elaborés à l'Habitation Clément, faisant alterner durant la période de vieillissement l'emploi de fûts neufs et d'autres plus anciens, les Rhums Vieux Clément s'apprécient en punch ou en digestif., Rhum.]|"
39,99€ / L"|"
27,99 €"
1344|Rhum agricole de Guadeloupe|La bouteille de 1L|[Origine : FRANCE, 50% vol.]|"
19,97€ / L"|"
19,97 €"
1345|Rhum blanc agricol, 43% vol.|La bouteille de 70cl|[Origine : FRANCE]|"
18,83€ / L"|"
13,18 €"
1346|Rhum blanc agricole|La bouteille de 1L|[Origine : FRANCE, Dillon est un rhum agricole AOC Martinique d'exception, produit avec la rigueur d'un grand cru avec le jus des cannes à sucre de plantations ensoleillées., Idéal pour le 'ti 'punch' traditionnel, vous l'apprécierez également en 'Planteur z'habitant' en l'associant à des jus de fruits de qualité.]|"
19,56€ / L"|"
19,56 €"
1347|Rhum Blanc Agricole Martinique|La bouteille de 100cl|[Origine : FRANCE, 55% vol.]|"
18,86€ / L"|"
18,86 €"
1348|Rhum ambré Anejo Especial 40%Vol.|La bouteille de 70cl|[Origine : CUBA, Issue du plus généreux des terroirs, notre canne à sucre donne naissance au rhum le plus raffiné qui soit : Havana Club. Vieilli en fûts de chêne, il se distingue par ces ton ambrés., A déguster sur glace ou se marie délicieusement avec un cola.]|"
26,26€ / L"|"
18,38 €"
1349|Rhum brun 7ans d'âge 40%Vol.|La bouteille de 70cl|[Origine : FRANCE]|"
39,59€ / L"|"
27,71 €"
1350|Rhum de Cuba|La bouteille de 70cl|[Origine : CUBA, La complexité de ses arômes en fait le rhum idéal pour les cocktails à Cuba comme le Mojito et le Daiquiri.]|"
25,37€ / L"|"
17,76 €"
1351|Rhum de Cuba, 3 ans d'âge, 40% vol.|La bouteille de 35cl|[Origine : CUBA]|"
29,40€ / L"|"
10,29 €"
1352|Rhum vieux agricole|La bouteille de 70cl|[Origine : FRANCE, Rhum, Eau]|"
36,34€ / L"|"
25,44 €"
1353|Rhum du Père Labat, 59%Vol.|La bouteille de 100cl|[Origine : FRANCE]|"
25,73€ / L"|"
25,73 €"
1354|Rhum ambre traditionnel des départements français d'Outre-Mer|La flasque de 20cl|[Origine : FRANCE, Le Rhum Ambré La Martiniquaise est un rhum traditionnel qui convient parfaitement pour la préparation de grogs et de punchs exotiques, de plats succulents et de pâtisseries gourmandes.]|"
23,20€ / L"|"
4,64 €"
1355|Rhum|La bouteille de 1L|[Origine : FRANCE]|"
13,13€ / L"|"
13,13 €"
1356|Rhum|La flasque de 20cl|[Origine : FRANCE, Depuis 1857, le rhum Negrita se fait le complice de la tradition gastronomique française.Ses arômes chauds et ensoleillés confèrent à toutes les préparations et desserts cette touche si savoureuse et exotique.]|"
19,05€ / L"|"
3,81 €"
1357|Rhum blanc traditionnel des Antilles|La bouteille de 70cl|[Origine : FRANCE, Rhum traditionnel des Antilles, Old Nick est élaboré exclusivement à partir des meilleurs cannes à sucres selon des méthodes ancestrales.Moderne et tendance, franc et généreux, le rhum blanc Old Nick est parfait pour tous les cocktails. Sa subtile typicité Antilles lui permet de préserver l'équilibre gustatif idéal de tous les grands cocktails classiques.]|"
14,20€ / L"|"
9,94 €"
1358|Rhum caribéen épicé, 40% de vol.|La bouteille de 70cl|[Origine : ROYAUME UNI, Exclusivité Monoprix]|"
27,89€ / L"|"
19,52 €"
1359|Rhum blanc agricole , Martinique|La bouteille de 70cl|[Origine : FRANCE, Sur ses plantations situées à  Sainte Marie , Saint James distille et élève ses rhums , veillant à en préserver la qualité exceptionnelle , qui a assuré sa réputation dans le monde., Saint James blanc se marie délicieusement avec des jus de fruits., Rhum blanc agricole. 40% vol .]|"
15,93€ / L"|"
11,15 €"
1363|Royal Ambre , rhum agricole , élevé sous bois|La bouteille de 70cl|[Origine : FRANCE, Rhum Royal Ambré, un rhum unique élevé en foudres de chêne à la Martinique. Notes florales légèrement épicées et délicatement fruitées.Depuis 1765, Saint James porte fièrement la tradition du rhum agricole de la Martinique, directement distillé à partir du pur jus de la canne à sucre. Sur ces propres plantations situées à Sainte-Marie, Saint James distille et élève ses rhums, veillant à en préserver la qualité exceptionnelle, qui a assuré sa réputation dans le monde., Rhum agricole.]|"
20,19€ / L"|"
14,13 €"
1364|Cachaçà|La bouteille de 70cl|[Origine : FRANCE, La Cachaçà Thoquino est une eau de vie de canne , 100% pure , obtenue par fermentation puis distillation du sirop de canne à sucre.Elle se consomme le plus souvent en caïpirinha et batida , les cocktails traditionnels du Brésil., 40% vol.]|"
25,00€ / L"|"
17,50 €"
1365|Rhum blanc agricole de Martinique 55%Vol.|La bouteille de 1L|[Origine : FRANCE]|"
21,53€ / L"|"
21,53 €"
1366|Calvados, AOC|La bouteille de 75cl|[Origine : FRANCE, Vieilli et mis en bouteille dans nos Chais. Le Calvados Belorgey est produit au coeur du terroir Normand. Il associe le prestige d'une des plus anciennes appellations d'origine contrôlée à la délicatesse d'un Calvados issu de cidres distillés deux fois, à feu nu., 40% vol]|"
23,21€ / L"|"
16,25 €"
1367|Cognac|La bouteille de 70cl|[Origine : FRANCE, Un long vieillissement en fûts de chêne , le savoir faire deu maître de chai , la sélection rigoureuse des eaux de vie , sont le garant de la qualité des Cognacs J. de Florignac., 40% vol.]|"
25,80€ / L"|"
18,06 €"
1368|Eau de vie poire williams, 43%Vol.|La bouteille de 500 ml|[Origine : FRANCE, La qualité rigoureuse des fruits sélectionnés donne leur caractère ces grandes Eaux-de-Vie. Après la délicate étape de la fermentation, puis la distillation en alambic de cuivre, vient enfin le temps précieux du vieillissement sous les tuiles des greniers. Il est recommandé de servir la Poire Williams glacée.]|"
35,72€ / L"|"
17,86 €"
1369|Calvados pays d'Auge, grand solage, 40%Vol.|La bouteille de 70cl|[Origine : FRANCE]|"
44,21€ / L"|"
30,95 €"
1370|Cognac, 40% vol.|La bouteille de 70cl|[Origine : FRANCE]|"
40,69€ / L"|"
28,48 €"
1371|Bas-Armagnac, 40%Vol.|La bouteille de 70cl|[Origine : FRANCE]|"
40,69€ / L"|"
28,48 €"
1372|Spiritueux au kirsch Sylvain, 18% vol.|Le blister de 20cl|[Origine : FRANCE, Eau, 48% kirsch pur, arôme naturel.]|"
13,40€ / L"|"
2,68 €"
1373|Fine Cognac|La flasque de 20cl|[Origine : FRANCE, Issu des meilleurs crus de la région délimitée de Cognac, le Cognac Courcel est apprécié pour sa finesse et son bouquet.Né au coeur du terroir délimité de Cognac, en Charente, le Cognac Courcel est une eau-de-vie élaborée et distillée selon la tradition. Son long vieillissement en fûts de chêne lui permet d'acquérir sa belle couleur ambrée, sa finesse et ses arômes fruités aux notes boisées., Le Cognac Courcel est idéal en digestif ou à l'apéritif, pur ou en cocktail.]|"
30,65€ / L"|"
6,13 €"
1374|Brandy Napoléon|La bouteille de 70cl|[Origine : FRANCE]|"
16,61€ / L"|"
11,63 €"
1375|Brandy supérieur, 36% vol.|La bouteille de 35cl|[Origine : FRANCE, Conformément à la réglementation, ce brandy français est issu exclusivement de la distillation de vins et vieilli en fûts de bois jusqu'à l'assemblage. A consommer avec modération, nature, sur glace ou encore en cocktail, le brandy Courrière se feraégalement complice de vos meilleurs plats flambés., Zéro alcool pendant la grossesse]|"
19,46€ / L"|"
6,81 €"
1376|Fine de cognac 40%Vol.|La bouteille de 70cl|[Origine : FRANCE, Hennessy Fine de Cognac est un cognac à l'éclat délicat. Sa pureté tient à un assemblage d'eaux-de-vie raffinées spécialement sélectionnées pour leur finesse de fruit & leur expression originale.Le maître assembleur de Hennessy, fort d'un savoir-faire de plus de 200 ans, a repensé les formes et les matières pour imaginer cette autre dimension du cognac. Son nez de fleurs d'agrumes et de cannelle précède un palais de mandarine confite, formant une évidente harmonie., Ce cognac se dévoile différemment à l'amateur, selon qu'il sera dégusté pur, glacé ou allongé d'eau fraîche 'fine à l'eau'., Assemblage d'eaux-de-vie raffinées.]|"
60,00€ / L"|"
42,00 €"
1377|Cognac mature V.S.O.P 40%Vol.|La bouteille de 70cl|[Origine : FRANCE, Rémy Martin V.S.O.P. Mature Cask Finish est l'harmonie parfaite de maturité et de puissance aromatique. Découvrez sa rondeur, son équilibre et ses notes de fruits mûrs sublimées par une période de mariage d'un an en fûts de chêne de plus de 20 ans. Rémy Martin VSOP Mature Cask Finish est issu d'un assemblage d'eaux-de-vie provenant exclusivement de vignobles offrant un exceptionnel potentiel de vieillissement., Fine Champagne Cognac.]|"
58,71€ / L"|"
41,10 €"
1378|Bière blonde aromatisée sans alcool|Les 6 canettes de 33cl|[Origine : FRANCE, Eau, malt d'orge, houblon, arômes naturels. Sans alcool., Valeur énergétique en Joules :  116kj, Valeur énergétique en Kcal : 28kcal, Glucides : 5,1g, Lipides : 0g, Protides :0Traces]|"
2,46€ / L"|"
4,87 €"
1379|Boisson à base de vin désalcoolisé|La bouteille de 0,57L|[Origine : FRANCE, FESTILLANT BLANC 75 CL]|"
5,47€ / L"|"
4,10 €"
1380|Pacific force anis, avec édulcorants, sans alcool|La bouteille de 1L|[Origine : FRANCE, Pour libérer toute la fraîcheur de l'anis, Pacific se boit en long drink, très largement étendu d'eau. Dosage idéal : 1 volume de Pacific avec 5 volumes d'eau très fraîche. Pacific peut également se boire allongé de tonic ou de jus de fruits. Un éventuel léger dépôt est naturel. Dans ce cas agiter la bouteille., Eau, émulsifiant E414, extraits naturels de végétaux, extraits naturels d'anis 1,5%, stabilisant E444, huile végétale fractionnée, colorants : E104, E110, édulcorant E959.]|"
5,34€ / L"|"
5,34 €"
1381|Rouge, apéritif non alcoolisé aux plantes|La bouteille de 1L|[Origine : FRANCE, Bouguet Pau, créateur depuis 1980 d'apéritifs de caractère, sans alcool, a élaboré avec tout son savoir-faire et suivant une recette originale, Palermo Rosso au goût noble et généreux., Palermo Rosso se déguste très frais sur glaçons, nature ou additionné d'eau gazeuse, accompagné d'un zeste de citron ou d'orange., Eau, sirop de fructose, saccharose, arômes naturels, colorant: caramel E150d, acidifiant: acide citrique, antioxygène: acide ascorbique, arômes, conservateur: E211, arôme quinine., A conserver au réfrigérateur après ouverture.]|"
3,71€ / L"|"
3,71 €"
1382|Apéritif sans alcool|Les 6 bouteilles de 10cl|[Origine : FRANCE, Apéritif sans alcool., A servir très frais., Soda aromatisé aux plantes. Ingrédients : eau gazéifiée, sucres : saccharose et fructose, acidifiant : acide citrique, extraits de plantes, arômes, conservateur: E 211, colorants: E 122, E 110. Embouteillé en Italie par BOUGUET PAU SA, BP5, 94221 Charenton / France.]|"
4,47€ / L"|"
2,68 €"
1383|Blaye-Côtes de Bordeaux|La bouteille de 75cl|[Origine : FRANCE, Contient des sulfites.]|"
8,67€ / L"|"
6,50 €"
1384|Bordeaux, 12% vol.|La bouteille de 75cl|[Origine : FRANCE, Il fera merveille avec : charcuterie, hors-d'oeuvre, fromages légers, pizzas, tartes salées. A déguster entre 16°C et 18°C.  Zéro alcool pendant la grossesse., Contient des sulfites.]|"
5,00€ / L"|"
3,75 €"
1385|Cadillac, Côtes de Bordeaux|La bouteille de 75cl|[Origine : FRANCE, Le Terroir: Vignoble situé sur la commune de Rions, Terroirs argilo-graveleux. Le Vin: Vin équilibré et soyeux où s'harmonisent tannins du bois et fruit. Les Accords: Dégusté jeune sur des viandes rouges grillées, il se mariera parfaitement avec desplats en sauce et fromages aux goûts plus soutenus après quelques années en cave., Cépages: 75% Merlot, 25% Cabernet Sauvignon.]|"
7,87€ / L"|"
5,90 €"
1386|Côtes de bourg, 13% vol.|La bouteille de 75cl|[Origine : FRANCE, Il fera merveille avec : charcuterie, porc, agneau, volailles, fromages légers. A déguster entre 16°C et 18°C.  Zéro alcool pendant la grossesse., Contient des sulfites.]|"
5,87€ / L"|"
4,40 €"
1387|Côtes de Bourg 2003|La bouteille de 75cl|"[Origine : FRANCE, Cépage : Merlot 75%, Cabernet-Sauvignon 25%                               Dégusté & agréé par le jury Monoprix Gourmet avec Betanne & Desseauve     Pourquoi le jury m'a élu : ""nez expressif et très plaisant"", ""une matière en bouche imposante mais pasasséchante"", ""de la noblesse, de la classe"" : du bon Bordeaux moderne"" en sommes selon l'expression d'un juré, qui se distingue de beaucoup d'autres cuvées de ce style par un prix ""juste"", c'est à dire encore accessible.Idéal avec les viandes rouges, en sauce ou grillées., Contient des sulfites.]"|"
17,20€ / L"|"
12,90 €"
1388|Côtes de Castillon|La bouteille de 75cl|[Origine : FRANCE, Un très beau vin de plaisir, élaboré dans une appellation voisine de Saint-Emilion.  La légende raconte quon peut encore entendre, dans le puit du  Château, les pèlerins de Saint Jacques de Compostelle venus s'y abreuver... Un secret bien gardé, à partager absolument., Idéal sur les viandes rouges mais accompagnera aussi délicieusement les gibiers et les plats en sauce, la daube par exemple et les fromages à pâte molle.]|"
11,33€ / L"|"
8,50 €"
1389|Graves, 13,5% vol.|La bouteille de 75cl|[Origine : FRANCE, Il fera merveille avec : boeuf, agneau, volailles, légumes, fromages forts. A déguster entre 16°C et 18°C.  Zéro alcool pendant la grossesse., Contient des sulfites.]|"
6,65€ / L"|"
4,99 €"
1390|Médoc, 12.5% vol.|La bouteille de 75cl|[Origine : FRANCE, Il fera merveille avec : charcuterie, boeuf, agneau, fromages forts & légers. A déguster entre 16°C et 18°C.  Zéro alcool pendant la grossesse., Contient des sulfites.]|"
8,60€ / L"|"
6,45 €"
1391|Médoc A.O.C.|La bouteille de 75cl|[Origine : FRANCE, Le Terroir: Situé sur la commune de Saint Yzans, la proximité du fleuve et le microclimat qui en découle, associé à un sol rare de graves garonnaises, en font l'un des grands teroirs d'exception du Médoc. Le Vin: Haut Maurac est un vin de facture classique avec une trame ferme et bien structurée. Depuis le millesime 2008, la proportion differente de merlot, devenu majoritaire, confère à ce vin des tanins ronds et veloutés et une belle maturité de fruit. Le malbec s'exprime par une note épicée enfinale. Un vin élégant et harmonieux., A déguster à température ambiante, de 16°C à 18°C., Cépages : 60% de Merlot, 35% de Cabernet Sauvignon, 5% de Malbec.]|"
18,00€ / L"|"
13,50 €"
1392|Médoc Cru Bourgeois, AOC, 13,5% vol.|La bouteille de 75cl|[Origine : FRANCE, Contient des sulfites.]|"
15,87€ / L"|"
11,90 €"
1393|Puisseguin Saint-Emilion|La bouteille de 75cl|[Origine : FRANCE, Le Terroir: A 40 Kilomètres à l'est de Bordeaux, dans le prolongement de l'appellation Saint-Emilion, sur un plateau argilo-sablo-calcaire. Le vin: Une belle robe rouge rubis limpide et brillante. Vin aromatique, très expressif avec des notesde petits fruits rouges frais, une bouche corsée élégante avec des tannins présents mais soyeux. Belle persistance en fin de bouche où l'on retrouve les arômes découverts au nez: cerise confite, cassis frais, mêlés à de légères notes vanillées et fumées. LesAccords: A deguster avec les charcuteries, viandes rouges et gibiers, grillades et fromage à pâte molle., A déguster à température ambiante, 16°C à 18°C., Cépages : 90% de Merlot et 10% de cabernet Sauvignon., A deguster dès à présent et pourra aussi se bonifier quelques années en cave.]|"
13,60€ / L"|"
10,20 €"
1394|Château Saint Antoine, bordeaux supérieur, cuvée cayot|La bouteille de 75cl|[Origine : FRANCE, Zéro alcool pendant la grossesse, Valeur énergétique en Joules :  0, Valeur énergétique en Kcal : 0, Glucides : 0, Lipides : 0, Protides :0, Contient des sulfites]|"
6,80€ / L"|"
5,10 €"
1395|Bordeaux, élevé en fûts de chêne|La bouteille de 75cl|[Origine : FRANCE, Mariage d'arômes de fruits rouge et de pruneau, accompagné de notes épicées, souligné par une structure souple et puissante. Elevé en fûts de chêne.Fruit de la rencontre entre l'homme et la vigne, Baron de Lestac vous offre un vin de caractère, richede son héritage., Ouvrir 1h à l'avance et servir à la température de 16-18°C., Contient des sulfites.]|"
6,60€ / L"|"
4,95 €"
1396|Bordeaux|La bouteille de 75cl|[Origine : FRANCE]|"
4,40€ / L"|"
3,30 €"
1397|Pauillac|La bouteille de 75cl|[Origine : FRANCE]|"
286,67€ / L"|"
215,00 €"
1398|Bordeaux, grand vin rouge|La bouteille de 75cl|[Origine : FRANCE, Depuis plus d'un siècle, nous élevons nos vins dans la plus pure tradition bordelaise et dans le respect de ce prestigieux terroir. Les raisins cueillis à parfaite maturité ainsi que nos soins attentifs de la vigne à votre verre donnent un vin rond et chaleureux, aux arômes de fruits rouges (cassis, mûre...)., Cellier Yvecourt s'apprécie en toutes occasions gourmandes, en accompagnement de viandes rouges, charcuteries ou fromages de caractère et plus surprenant encore à l'apéritif., Contient des sulfites.]|"
5,40€ / L"|"
4,05 €"
1399|Bordeaux supérieur, grand vin rouge de Bordeaux, 13% vol.|La bouteille de 75cl|[Origine : FRANCE, Zéro alcool pendant la grossesse., Contient des sulfites.]|"
5,57€ / L"|"
4,18 €"
1400|Montagne Saint-émilion, grand vin rouge de Bordeaux|La bouteille de 75cl|[Origine : FRANCE, Propriétaire depuis 1742 la famille Bertin s'est évertuée de génération en génération à produire les vins les plus authentiques, reflets des terroirs les plus illustres du Bordelais. Issus des cépages les plus nobles (Merlot, Cabernet Franc) les vinsque nous élevons avec passion se caractérisent par des arômes fins et élégants alliés à une structure généreuse et complexe du fruit., Zéro alcool pendant la grossesse., Contient des sulfites.]|"
11,33€ / L"|"
8,50 €"
1401|Côte de Bourg|La bouteille de 75cl|[Origine : FRANCE]|"
10,20€ / L"|"
7,65 €"
1402|Saint Emilion Grand Cru, AOC, 12,5%vol.|La bouteille de 75cl|[Origine : FRANCE]|"
19,93€ / L"|"
14,95 €"
1403|St Estèphe, Cru Bourgeois|La bouteille de 75cl|[Origine : FRANCE]|"
23,87€ / L"|"
17,90 €"
1404|Bordeaux, grand vin de Bordeaux|La bouteille de 75cl|[Origine : FRANCE, Zéro alcool pendant la grossesse]|"
6,20€ / L"|"
4,65 €"
1405|Vin rouge, Bordeaux Supérieur A.O.P.|La bouteille de 75cl|[Origine : FRANCE]|"
6,93€ / L"|"
5,20 €"
1406|Listrac-Médoc A.O.P|La bouteille de 75cl|[Origine : FRANCE, A garder entre 2 et 5 ans.                                                    A servir à température ambiante, de 16 à 18°C.]|"
19,80€ / L"|"
14,85 €"
1407|Grand vin de Bordeaux|La bouteille de 75cl|[Origine : FRANCE]|"
5,32€ / L"|"
3,99 €"
1408|Médoc A.O.C.|La bouteille de 75cl|[Origine : FRANCE]|"
14,53€ / L"|"
10,90 €"
1409|Pauillac|La bouteille de 75cl|[Origine : FRANCE]|"
27,99€ / L"|"
20,99 €"
1410|Grand vin rouge de Bordeaux, 12.5% vol.|La bouteille de 75cl|[Origine : FRANCE, Le dépôt cristallin qui peut apparaître sur les parois intérieures de la bouteille ou sur le bouchon, demeure un phénomène naturel de l'évolution du vin. Ce dépôt n'altère nullement les qualités gustatives et la conservation de ce cru authentique.]|"
5,57€ / L"|"
4,18 €"
1411|Saint Emilion Grand Cru, A.O.C|La bouteille de 75cl|[Origine : FRANCE, Au milieu des plus grands crus classés du Libournais, Château Jean Faure élabore un Saint-Émilion Grand Cru valeureux et prestigieux. Un millésime gourmand, délicat et équilibré, digne du terroir légendaire qui l'a porté. Une occasion à ne pas manquer !                                           Idéal avec les viandes rouges, en sauce ou grillées, Contient des sulfites.]|"
34,53€ / L"|"
25,90 €"
1412|Pauillac|La bouteille de 75cl|[Origine : FRANCE]|"
1053,33€ / L"|"
790,00 €"
1413|Pessac-Léognan A.O.P.|La bouteille de 75cl|[Origine : FRANCE]|"
16,53€ / L"|"
12,40 €"
1414|Bordeaux Amavinum, AOC|La bouteille de 75cl|"[Origine : FRANCE, Château Laroche Beaulieu est situé sur l'appellation Côtes de Castillon. Son terroir est géologiquement semblable à celui du plateau de Saint-Émilion.                                                                        Une conduite de la vigne digne d'un grand cru classé et des vendanges ""haute couture"" confèrent concentration et finesse à cet assemblage dominé par le Merlot.]"|"
9,27€ / L"|"
6,95 €"
1415|Côtes de Castillon, vin rouge, 12.5% vol.|La bouteille de 75cl|[Origine : FRANCE, Zéro alcool pendant la grossesse., Contient des sulfites.]|"
6,33€ / L"|"
4,75 €"
1416|Côtes de Bourg|La bouteille de 75cl|[Origine : FRANCE]|"
9,00€ / L"|"
6,75 €"
1417|Côtes de Bourg|La bouteille de 75cl|[Origine : FRANCE]|"
9,00€ / L"|"
6,75 €"
1418|Sainte-Foy Bordeaux|La bouteille de 75cl|[Origine : FRANCE]|"
8,93€ / L"|"
6,70 €"
1419|Sainte-Foy Bordeaux|La bouteille de 75cl|[Origine : FRANCE]|"
8,93€ / L"|"
6,70 €"
1420|Blaye Côtes de Bordeaux A.O.P.|La bouteille de 75cl|[Origine : FRANCE]|"
10,33€ / L"|"
7,75 €"
1421|Médoc A.O.C. rouge|La bouteille de 75cl|[Origine : FRANCE]|"
11,93€ / L"|"
8,95 €"
1422|Bordeaux A.O.C rouge, issu de raisins de l'agriculture biologique|La bouteille de 75 cl|[Origine : FRANCE]|"
7,33€ / L"|"
5,50 €"
1423|Bordeaux A.O.C rouge, issu de raisins de l'agriculture biologique|La bouteille de 75 cl|[Origine : FRANCE]|"
7,33€ / L"|"
5,50 €"
1424|Bordeaux, médoc, 13% vol.|La bouteille de 75cl|[Origine : FRANCE, Profonde couleur, très fin très fruité, bonne rondeur, bonne consistance, A consommer à 17%. Se met pleinement en valeur lorsqu'il accompagne viandes blanches, grillades, fromages.  Zéro alcool pendant la grossesse, 75% Cabernet Sauvignon, 25% Merlot, Conserver à l'abri de la lumière. Durée de vieillissement 10-15 ans.]|"
10,05€ / L"|"
7,54 €"
1425|Saint-Émilion Grand Cru A.O.C.|La bouteille de 75cl|[Origine : FRANCE]|"
17,20€ / L"|"
12,90 €"
1426|Châteauneuf-du-Pape|La bouteille de 75cl|[Origine : FRANCE, Terroir: Vallée du Rhône.Le Vin: jolie robe rouge aux reflets brillants.  Au nez , ce chateauneuf-du-Pape développe des arômes de petits fruits     rouges. sa bouche est ample, soyeuse et veloutée. Les Accords: Il         accompagne idéalement les viandes cuisinées en sauce, notamment les       gibiers, tel le civet de lièvre ou le sanglier.                           Idéal avec les gibiers, venaisons., A déguster à température de cave, entre 14°C et 16°C., Cépages: Grenache 75%, Mourvèdre 11%, Syrah 9%, Cinsault, Vaccarèse et Counoise 5%. Contient des sulfites.]|"
30,53€ / L"|"
22,90 €"
1427|Côtes du Lubéron|La bouteille de 75cl|"[Origine : FRANCE, Dégusté & Agréé par le jury Monoprix Gourmet avec Bettane & Desseauve     Pourquoi le jury m'a élu : ""simplement bon"", ""agréablement léger, un vin de soif!"" : les jurés ont apprécié la caractère facile de ce vin clairement élaboré dans une optique de plaisir immédiat.                            Le Terroir: Puget sur Durance, Provence Alpes Côte d'azur, Vaucluse, Vallée du Rhône. Le Vin: Millesime très solaire et très arrosé durant les vendanges. Les jus sont très fruités et vifs. La Syrah domine dans l'assemblage pour équilibrer la fraîcheur du vin permettant ainsi de conserver le potentiel de grade. La robe est profonde et soutenue, la palette arômatique donne une trame autour du fruit noir (cassis, mûre, cerise, violette) laissant une note finale de reglisse et de zan., Un vin qui s'accordera aux pâtes, aux pizzas, et plus largement à tous les plats en sauce tomate, ainsi qu'aux cuisines du Maghreb., Cépage : Grenache 80%, Syrah 20%. Contient des sulfites., A déguster dès à présent et à surveiller pour les 5/7 ans à venir]"|"
9,20€ / L"|"
6,90 €"
1428|Côtes du Rhône, 14.5% vol.|La bouteille de 75cl|[Origine : FRANCE, Il fera merveille avec : volailles, viandes rouges, cuisine asiatique et fromages corsés.  Zéro alcool pendant la grossesse., Contient des sulfites.]|"
5,20€ / L"|"
3,90 €"
1431|Côtes du rhône Village|La bouteille de 75cl|"[Origine : FRANCE, Le Teroir: Sols Caillouteux et composé d'argile et de safre. Sud du Rhone.Dégusté & agréé par le jury Monoprix Gourmet avec Bettane et Desseauve    Pourquoi le jury m'a élu : ""complexe et long"", ""tout à la fois une belle matière et beaucoup d'équilibre"", ""du fruité et du volumen, on se réglae"". Si l'unanimité et toujours de mise avec les vins validés par le jury Gourmet, cette unanimité se fait superlative avec ce beau vin complet.         Idéal avec les gibiers, venaisons, Cépages: Grenache et Syrah. Contient des sulfites.]"|"
12,67€ / L"|"
9,50 €"
1432|Côtes du Rhône Villages, Grand Vin, A.O.C|La bouteille de 75cl|[Origine : FRANCE, Le Terroir: Vallée du Rhone. Le Vin: Le regard est attiré par la profondeur de la robe d'un rouge sombre. Le nez commence à s'ouvrir. Il faut attenrde et aérer le vin pour en saisir le potentiel. On note alors des arômes de tapenade, de ciste, de romarin puis des parfums d'écorce, de de bois de rose et de fumée. la bouche tient la promesse avec une puissance contenue mais bien présente. Les Accords: Le gigot d'agneau reste un accord parfait. Une joue de porc aux petits légumes ou un confit de canard s'associeront à merveille., A déguster à température de cave, entre 14°C et 16°C., Cépages: Grenache et syrah majoritaires. Contient des sulfites.]|"
9,20€ / L"|"
6,90 €"
1433|Crozes-Hermitage|La bouteille de 75cl|[Origine : FRANCE, Le Terroir: Alluvions glacières avec de très nombreux galets roulés, cailloux et graviers sur la commune de Marcurol dans la Drôme. Le Vin: Robe rouge cerise intense. Au nez on retrouve des arômes de petits fruits rouges: cassis. En bouche, le vin est très rond avec des notes de fruits rouges et de fumé. Les Accords: Ris de veau., A déguster à température de cave, entre 14°C et 16°C., Cépages: Syrah. Contient des sulfites.]|"
15,33€ / L"|"
11,50 €"
1434|Gigondas A.O.P, Grand Vin|La bouteille de 75cl|[Origine : FRANCE, Le Terroir: Essentiellement sur le versan Est de l'appellation, entre 200 et 350 mètres d'altitude. Le Vin: Au nez, on trouve les mêmes senteurs que dans les collines de Gigondas: le pin, le romarin, l'herbe sèche que l'on foule en marchant, la pierre calcaire... D'autres arômes complètent le vin: la reglisse, la baie de myrte, le cassis et des notes plus fumées et légèrement cacaotées. La bouche est en ascension permanente: discrète au début, elle gagne en puissance à chaque seconde. la finalemontre une très belle longueur. Les Accords: Une belle pièce de boeuf au poivre, une pièce de gibier telle qu'un faisant aux truffes ou encore une épaule d'agneau., A déguster à température de cave, entre 14°C et 16°C., Cépages: 80% Grenache, Complété par la Syrah. Contient des sulfites.]|"
19,07€ / L"|"
14,30 €"
1435|Vinsobres 2011, Les Cornuds|La bouteille de 75cl|[Origine : FRANCE, Le Terroir: Vignoble le plus septentrional du Rhône Sud. La famille perrin possède une soixantaine d'hectares à Vinsobres, d'un seul tenant en terrasses et coteaux d'une altitude moyenne de 300 mètres au Nord de l'appellation. Marnes caillouteuses etsableuses en coteaux, alluvions quaternaires caillouteuses en terasses. Le Vin: Robe pourpre très profonde aux reflets violets, nez très intense sur des arômes de violette, de fruits noirs et d'épices, de poivre noir et réglisse. Bouche ronde et ample en finesse, avec des tanins élégants, beaucoup de fraicheur., A déguster à température de cave, entre 14°C et 16°C., Cépages: grenache et Syrah. Contient des sulfites.]|"
13,60€ / L"|"
10,20 €"
1436|Cru des côtes du Rhône AOC vin rouge|La bouteille de 750ml|[Origine : FRANCE, Abrités par les dentelles de Montmirail, les coteaux les plus ensoleillés de Beaumes de Venise sont réservés à ce grand vin. Nous vendangeons à la main comme autrefois. Et pour vinifier et élever nos vins, nous marions la tradition aux meilleurs progrès de l'oenologie; Vin de garde à la jolie robe d'un rouge profond. Il est puissant, généreux et bien typé. En bouche, l'ensemble en équilibre et dominé par une note de mûre., Idéal sur les gibiers, les rôtis, les gigots et les fromages. Servir à 16-17°c., Contient des sulfites. Grenache, Syrah, Cinsault, Mourvèdre.]|"
9,84€ / L"|"
7,38 €"
1437|Crozes-hermitage, vin rouge, 13% vol.|La bouteille de 75cl|[Origine : FRANCE, Maison de Vin centenaire située à Châteauneuf-du-Pape, CAVES SAINT-PIERRE a construit sa renommée sur sa connaissance du vignoble et l'élégance de ses vins. Le Crozes-Hermitage Préférence traduit l'expérience et le savoir-faire unique des femmes et des hommes de CAVES SAINT-PIERRE. Vin généreux, de couleur rouge aux reflets violacés, ce Crozes-Hermitage révèle des notes poivrées sur un nez intense de fruits rouges et de framboise., Zéro alcool pendant la grossesse., Contient des sulfites.]|"
12,47€ / L"|"
9,35 €"
1438|Saint-Joseph, préférence, 13% vol.|La bouteille de 75cl|[Origine : FRANCE, Maison de Vin centenaire située à Châteauneuf-du-Pape, CAVES SAINT-PIERRE a construit sa renommée sur sa connaissance du vignoble et l'élégance de ses vins. Le Saint-Joseph Préférence traduit l'expérience et le savoir-faire unique des femmes et des hommes de CAVES SAINT-PIERRE. Vin aux tanins puissants et soyeux, ce Saint-Joseph exhale des arômes frais et mentholés avec des notes d'épices rappelant Faneth et le curcuma., Zéro alcool pendant la grossesse., Contient des sulfites.]|"
13,57€ / L"|"
10,18 €"
1439|Côtes du Rhône, vin rouge, 13,5% vol.|La bouteille de 75cl|[Origine : FRANCE, Le Pays du Cellier des Dauphins, situé dans la partie méridionale de la Vallée du Rhône, offre des vins de soleil, souples et fruités, à base de grenache et syrah., A déguster à 16°-18°C avec viandes rouges, gibiers et fromages.  La consommation de boissons alcoolisées pendant la grossesse, même en faible quantité, peut avoir des conséquences graves sur la santé de l'enfant., Contient des sulfites.]|"
4,93€ / L"|"
3,70 €"
1440|Côtes du Rhône AOC, vin rouge|La bouteille de 75cl|"[Origine : FRANCE, Situé entre ORANGE et SERIGNAN DU COMTAT, le "" chateau de Beaulieu "" fut jadis la propriété des princes d'Orange. Enraciné sur un sol argilo-calcaire et constitué de cépages nobles tels que grenache (60%), Syrah, Cinsault, Mourvèdre et carignan, le vignoble produit des vins d'une belle couleur p urpre, puissants et souples à la fois, aux arômes de fruits rouges, d'une harmonie parfaite., Ils accompagnent parfaitement les viandes rouges, les gibiers et les fromages. A consommerlégèrement chambré à 16°., Contient des sulfites., De très bonne tenue, ces vins pourront vieillir trois à cinq ans à l'abri de la lumière.]"|"
6,12€ / L"|"
4,59 €"
1441|Côtes du Rhône Village|La bouteille de 75cl|[Origine : FRANCE]|"
7,33€ / L"|"
5,50 €"
1442|Costières de Nîmes A.O.P|La bouteille de 75cl|[Origine : FRANCE]|"
7,47€ / L"|"
5,60 €"
1443|Costières de Nîmes, A.O.C|La bouteille de 75cl|[Origine : FRANCE, Véritable vin gourmand, ce Costières de Nîmes est tout en fruité et en fraîcheur.                                                                   Il est élaboré par deux passionnés qui, après une riche expérience professionnelle dans de grandes entreprises viticoles, ont décidé de créer leurs propres vins et fait de leur maison l'une des plus reconnues de la Vallée du Rhône.]|"
5,07€ / L"|"
3,80 €"
1444|Côtes du Rhône, de natura rerum, certifié AB, 13.5% vol.|La bouteille de 75cl|[Origine : FRANCE, La nature nous a tout donné pour que notre passion puisse s'exprimer. Nous lui rendons hommage en créant ce vin issu de parcelles conduites selon les principes de l'agriculture biologique. Vin issu de raisins de l'Agriculture Biologique certifié., Savourez-le à 18°C avec un rôti de veau à la crème ou un tian d'aubergines. Il s'exprimera aussi à merveille sur une pizza ou une entrecôte grillée.  Zéro alcool pendant la grossesse., Contains sulfites.]|"
6,60€ / L"|"
4,95 €"
1445|Côtes du Rhône, de natura rerum, certifié AB, 13.5% vol.|La bouteille de 75cl|[Origine : FRANCE, La nature nous a tout donné pour que notre passion puisse s'exprimer. Nous lui rendons hommage en créant ce vin issu de parcelles conduites selon les principes de l'agriculture biologique. Vin issu de raisins de l'Agriculture Biologique certifié., Savourez-le à 18°C avec un rôti de veau à la crème ou un tian d'aubergines. Il s'exprimera aussi à merveille sur une pizza ou une entrecôte grillée.  Zéro alcool pendant la grossesse., Contains sulfites.]|"
6,60€ / L"|"
4,95 €"
1446|Côtes du Rhône|La bouteille de 75cl|[Origine : FRANCE, En 2007, Vincent BROUSSE a agrandi son vignoble de quelques hectares de vignes de syrahs toujours situés sur les coteaux de Saint Martin d'Ardèche. Avec maintenant presque 50% de syrah et des rendements toujours faibles (40hl/ha)il a pu vendanger desraisins ayant une intensité aromatique jamais atteinte jusqu'alors. Formidable sur un rôti de boeuf, le domaine du Grand Clos accompagne à merveille les volailles et les fromages de vache, Zéro alcool pendant la grossesse]|"
5,60€ / L"|"
4,20 €"
1447|Côte rôtie, vin rouge, 13% vol|La bouteille de 750ml|"[Origine : FRANCE, A la suite du fondateur Etienne GUIGAL, qui a vinifié 67 récoltes, Marcel et son fils Philippe, profondément attachés aux  terroirs de leur région, mettent passion et rigueur au service des grands vins de la vallée du Rhône. La devise du Château d'Ampuis, ""Nul bien sans peine"" , illustre la philosophie qualitative familiale qui exprime, pleinement et avec constance, l'excellence des appellations rhodaniennes., Zéro alcool pendant la grossesse]"|"
43,13€ / L"|"
32,35 €"
1448|Côtes du Rhône, 13% vol.|La bouteille de 75cl|[Origine : FRANCE, A la suite du fondateur Etienne GUIGAL, qui a vinifié 67 récoltes, Marcel et son fils Philippe, attachés aux terroirs de leur région, mettent passion et rigueur au service des grands vins.La devise du Château d'Ampuis - 'Nul bien sans peine' - illustre la philosophie qualitative familiale qui exprime, pleinement et avec constance, l'excellence des appellations rhodaniennes., Contient des sulfites.]|"
11,93€ / L"|"
8,95 €"
1449|Crozes-Hermitage|La bouteille de 75cl|[Origine : FRANCE]|"
19,20€ / L"|"
14,40 €"
1450|Côtes du Rhône A.O.P|La bouteille de 75cl|[Origine : FRANCE]|"
6,27€ / L"|"
4,70 €"
1451|Vacqueyras A.O.P.|La bouteille de 75cl|[Origine : FRANCE, A garder entre 2 et 5 ans., A servir à température cave de 14 à 16°C.]|"
19,33€ / L"|"
14,50 €"
1452|Vacqueyras A.O.P.|La bouteille de 75cl|[Origine : FRANCE, A garder entre 2 et 5 ans., A servir à température cave de 14 à 16°C.]|"
19,33€ / L"|"
14,50 €"
1453|Bourgogne pinot noir, AOC|La bouteille de 75cl|[Origine : FRANCE, Il fera merveille avec: Volailles, Viande blanches, Agneau, Fromages légers. A déguster entre 16°c et 18°c., Contient des sulfites.]|"
10,88€ / L"|"
8,16 €"
1454|Brouilly|La bouteille de 75cl|[Origine : FRANCE, Une cave en ville : à la découverte des grands classiques du vignoble français., Il fera merveille avec : poissons, charcuterie, porc, volailles, veau, fromages forts & légers, pizzas. A déguster entre 14°C et 16°C., Contient des sulfites.]|"
9,68€ / L"|"
7,26 €"
1455|Marsannay|La bouteille de 75cl|[Origine : FRANCE, Le Terroir: Marsannay village. Le Vin: Robe rouge rubis, soulignée de touches violines. Nez fin, avec une touche florale qui évoque la violette et un fruité où domine la framboise. L'attaque en bouche se caractérise par une souplesse et une franchiseréunies dans un même mouvement, avec un caractère très fin. Les Accords: Charcuterie, cochonaille et viandes grillées, volailles de fêtes (dindes, chapons, etc..)., Cépages: Pinot Noir. Contient des sulfites]|"
23,93€ / L"|"
17,95 €"
1456|Vin de Bourgogne, AOC, 13% vol.|La bouteille de 75cl|[Origine : FRANCE, Le Terroir: Le village de Ladoix situé au nord de la Côte de Beaune,et à la limite de la Côte de Nuits, il est situé au pied de la colline de Corton. Les vignes sont orientées Est et Sud-Est sur un sol argilo calcaire et marneux. Le Vin: Très belle expression, avec un côté tendre, mais de la profondeur et de jolis tanins fins. Les Accords: Jambons crus de type Parme, viandes fibreuses comme le lapin et le boeuf bouilli., Cépages: Pinot Noir.]|"
24,87€ / L"|"
18,65 €"
1457|Vin rouge|La bouteille de 75cl|[Origine : FRANCE, Idéal avec les volailles de fêtes (dindes, chapons, etc..), Contient des sulfites.]|"
16,67€ / L"|"
12,50 €"
1458|Bourgogne passetougrains, vin rouge, 12% vol.|La bouteille de 75cl|[Origine : FRANCE, Récolté partout dans le vignoble bourguignon, ce vin associe au minimum 1/3 de cépage Pinot Noir avec le cépage Gamay., Servi jeune et légèrement frais, il accompagnera aussi bien les viandes grillées que les viandes en sauce, ainsi que les fromages frais ou affinés.  Zéro alcool pendant la grossesse., CONTIENT DES SULFITES [SO2].]|"
7,27€ / L"|"
5,45 €"
1459|Bourgogne Hautes-Côtes de Beaune|La bouteille de 75cl|[Origine : FRANCE]|"
14,53€ / L"|"
10,90 €"
1460|Côte de Brouilly, cuvée Godefroy, vin rouge, 13% vol.|La bouteille de 75cl|[Origine : FRANCE, Zéro alcool pendant la grossesse., Contient des sulfites.]|"
12,47€ / L"|"
9,35 €"
1461|Vierge blanche, pinot noir, vin rouge de Bourgogne, sélectionné à la propriété, 12,5% vol.|La bouteille de 750ml|[Origine : FRANCE, Le DOMAINE de la GRANGERIE possède l'une des plus grandes superficies de vignes en Bourgogne, soit 55 hectares et se situe au coeur d'un petit village Bourguignon. Ce Bourgogne dont le cépage est le Pinot Noir est élevé dans les caves du Domaine., Riche frais et fin, il accompagnera les charcuteries, toutes viandes grillées et rôties, volailles et fromages. A déguster entre 14°C et 16°C.  Zéro alcool pendant la grossesse., CONTIENT DES SULFITES [SO2].]|"
9,87€ / L"|"
7,40 €"
1462|Vin rouge|La bouteille de 75cl|[Origine : FRANCE, Robe grenat profond. Arômes de fruits noirs avec des notes confiturées. Charnu, subtilement épicé, il développe en bouche des saveurs complexes.Vin fin et harmonieux avec une longueur remarquable en finale., Température de service : entre 16° et 18°C. Harmonie mets/vins : gibiers, viandes rouges, fromages affinés., Contient sulfites (SO2)., Conservation : 3 à 5 ans.]|"
10,65€ / L"|"
7,99 €"
1463|Bourgogne Hautes Côtes de nuits, vin rouge, 12,5%|La bouteille de 75cl|"[Origine : FRANCE, SÉBASTIEN   PASCAULT,    PROPRIÉTAIRE   À   BÉVY EN HAUTES COTES DE NUITS (A LA HAUTEUR DU VILLAGE DE NUITS ST GEORGES) conduit ses vignes en ""LUTTE RAISONNEE"". DANS LE PLUS GRAND RESPECT DES SOLS  ET DE L'ENVIRONNEMENT.CE VIN SE MARIE BIEN AVEC LESVIANDES ROUGES, LES PETITS GIBIERS ET LES FROMAGES LÉGERS. TEMPERATURE DE SERVICE : 16° C., Zéro alcool pendant la grossesse, Valeur énergétique en Joules :  0, Valeur énergétique en Kcal : 0, Glucides : 0, Lipides : 0, Protides :0, Contient des sulfites]"|"
13,27€ / L"|"
9,95 €"
1464|Chiroubles, vin rouge, 12,5% vol.|La bouteille de 75cl|[Origine : FRANCE, Ce Chiroubles à la robe rubis vive et brillante révèle au nez des arômes subtils de fruits rouges et de fleurs, et, en bouche une grande finesse et un bel équilibre., TEMPÉRATURE DE SERVICE Entre 15° et 16° C. HARMONIE METS / VIN Charcuterie Viandes blanches.  Zéro alcool pendant la grossesse., CONTIENT SULFITES (SO2)., CONSERVATION : A maturité. Peut aussi vieillir de 2 à 3 ans.]|"
9,99€ / L"|"
7,49 €"
1465|Saint-amour, vin rouge, 12,5% vol.|La bouteille de 75cl|[Origine : FRANCE, Robe rouge rubis. Arômes intenses de fruits rouges avec des notes florales. Vin ample et particulièrement charmeur en bouche avec une bonne persistance., TEMPÉRATURE DE SERVICE Entre 14° et 15° C. HARMONIE METS / VIN Salade Beaujolaise, volailles, paupiettes de veau aux girolles, fromages affinés.  Zéro alcool pendant la grossesse., CONTIENT SULFITES (SO2)., CONSERVATION : A maturité. Peut aussi vieillir de 2 à 3 ans.]|"
13,13€ / L"|"
9,85 €"
1466|Givry, vin rouge, beaune, 13% vol.|La bouteille de 75cl|[Origine : FRANCE, Zéro alcool pendant la grossesse., Contains sulphites.]|"
20,40€ / L"|"
15,30 €"
1467|Pommard, AOC, 13,5%vol.|La bouteille de 75cl|[Origine : FRANCE]|"
45,33€ / L"|"
34,00 €"
1468|Savigny-Les-Beaune, AOC, 13%vol.|La bouteille de 75cl|[Origine : FRANCE]|"
21,25€ / L"|"
15,94 €"
1471|Cabardès, Terroir d'altitude|La bouteille de 75cl|[Origine : FRANCE, Le Terroir:                                                               Pur produit du pays de la Montagne noire, ce vin puissant, riche et profond, est issu dun vignoble daltitude entre garrigue et oliviers. Un rouge   de caractère produit par unemaison familiale, restée indépendante depuis 1620. Le Vin: Couleur grenat foncé très profond. Le vin se caractérise par la puissance et l'harmonie des arômes. Arômes de cassis et de mûre se mêlant à ceux des épices, du menthol, du cacao. Bouche riche et ample, tanins fins et denses. Les Accords: Viande en sauce, grillades ou fromages cremeux., Elevée en barrique, elle se déguste avec bonheur sur une cuisine de fête, toute en finesse et en saveurs., Cépages: Cabernet sauvignon à 25%, Merlot à 30%, Grenache à 10% et Syrah à 35%. Contient des sulfites., Peut se garder en cave 5 à 6 ans]|"
10,85€ / L"|"
8,14 €"
1472|Compagnie des papillons, A.O.C|La bouteille de 75cl|[Origine : FRANCE, Le Terroir: Fenouillèdes, haute vallée de l'Agly, Roussillon, sols granitiques. Le Vin: Fraîcheur, minéralité, fruit, finesse. Les Accords: Cuisine méditerranéenne, Catalane, Italienne., A déguster à température de cave, entre 14°C et 16°C., Cépages: Grenache, Carignan majoritaires.]|"
16,41€ / L"|"
12,31 €"
1473|Corbières, appellation d'origine contrôlée|La bouteille de 75cl|[Origine : FRANCE, Il fera merveille avec: charcuterie, porc, volailles, fromages légers., A déguster entre 14°C et 16°C.  Zéro alcool pendant la grossesse. 10cl = 1,1 unité d'alcool, 13,5%Vol. Contient des sulfites.]|"
4,60€ / L"|"
3,45 €"
1474|Corbières A.O.P|La bouteille de 75cl|[Origine : FRANCE, Le Terroir:Le château est situé au coeur de l'A.O.C Corbières, sur la communes de Boutenac. Il occupe un terroir de coteaux aux sols de quartz et de cailloux roulés, exposés sud et est.Le Vin: Le nez exhale un bouquet de fruits rouges légèrement confits, où  se mêlent des notes de poivre et de café. La bouche estample, avec un retour aromatique de réglisse et de poivre.                                                                                                                                                                                      Les Accords: Charcuteries, grillades et viandes blanches., A déguster à 16°C]|"
10,53€ / L"|"
7,90 €"
1475|Faugères, Terroir d'Altitude|La bouteille de 75cl|[Origine : FRANCE, Le Terroir: Nord Ouest de Beziers. Le Vin: Robe sombre, grenat foncé. Nez puissant, intense, dominé par les fruits noirs compotés. Notes de         torréfaction, de havane et de cacao soutenues par un trait de poivre.     Bouche ample, charnue, tanins bien mûrs, finale très longue. Belle présence ne bouche. Les Accords: Magrets de canard, voleilles, côtes de boeuf grillées, charcuterie et fromages affinés., A déguster à température de cave, entre 14°C et 16°C., Cépages: 55% de Syrah sur schistes, 35% de Grenache vieilles vignes et 10% de Mourvèdre., Bon potentiel de garde.]|"
12,40€ / L"|"
9,30 €"
1476|IGP Côtes Catalanes|La bouteille de 75cl|[Origine : FRANCE, Le Terroir: Schistes noirs en altitude de la haute valée de l'Agly, vignoble en terrasse. Le Vin: Un vin souple et gorgé de soleil qui propose un véritable carnaval de saveurs: fruits rouges, épices, prune rouge, pruneau. La suavité des tannins et lagénérosité des fruits mûrs font de ce vin le partenaire idéal des grillades estivales., A déguster à température de cave, entre 14°C et 16°C., Cépages: 100% Carignan. Contient des sulfites.]|"
7,93€ / L"|"
5,95 €"
1477|Languedoc, 12% vol.|La bouteille de 75cl|[Origine : FRANCE, Il fera merveille avec : hors d'oeuvre, boeuf, porc, agneau, fromages forts. A déguster entre 14°C et 16°C., Contient des sulfites.]|"
3,99€ / L"|"
2,99 €"
1478|Minervois, appellation d'origine contrôlée|La bouteille de 75cl|[Origine : FRANCE, Il fera merveille avec: charcuterie, porc, volailles, fromages forts., A déguster entre 14°C et 16°C.  Zéro alcool pendant la grossesse. 10cl = 1 unité d'alcool, 12,5%Vol. Contient des sulfites.]|"
4,13€ / L"|"
3,10 €"
1479|Côteaux du Languedoc La Clape A.O.P|La bouteille de 75cl|[Origine : FRANCE]|"
11,93€ / L"|"
8,95 €"
1480|Faugères, vin rouge, 13.5% vol.|La bouteille de 750ml|[Origine : FRANCE, 'Les vignerons propriétaires récoltants de Cuvée Originale ont tous en commun la passion de leur métier et l'exigence de qualité. Chaque cuvée exprime à la fois la typicité de son terroir et l'inspiration du vigneron qui en est l'auteur'. Thierry DALMAS est l'actuel propriétaire du château Sylvain Mas, situé à Autignac, à 30 Km au nord de Béziers. Dans cette famille, on est vigneron de père en fils depuis quatre générations. D'importants travaux d'amélioration du vignoble et de la cave ont été effectués afin d'obtenir des cuvées à haute expression. Les cépages Syrah, Grenache et Mourvèdre sont vinifiés traditionnellement. Cela donne un vin à la belle robe intense et au nez complexe (épices, fruits mûrs, figues sèches). En bouche, il est bien équilibré, rond et très élégant., Pour l'apprécier, dégustez-le à 16° C en accompagnement de viandes rouges, de plats en sauce et de fromages.  Zéro alcool pendant la grossesse.]|"
6,27€ / L"|"
4,70 €"
1481|Côtes du Roussillon A.O.P|La bouteille de 75cl|[Origine : FRANCE]|"
9,20€ / L"|"
6,90 €"
1482|Côtes du Roussillon A.O.P|La bouteille de 75cl|[Origine : FRANCE]|"
9,20€ / L"|"
6,90 €"
1485|Coteaux du Languedoc, 12.5% vol.|La bouteille de 750ml|[Origine : FRANCE, Situé sur la commune de Caux, le Domaine Croix Maro est établi sur des terrasses anciennes, riches en galets de l'époque villafranchienne. Elevé par nos soins, principalement à base de Syrah, ce vin a du caractère. Le Grenache et le Mourvèdre lui donnent sa finesse., Il accompagnera harmonieusement toutes les viandes rouges, les gibiers et les plats du Terroir. Il est conseillé de le mettre en carafe avant de le servir à température ambiante.  Zéro alcool pendant la grossesse.]|"
5,27€ / L"|"
3,95 €"
1486|Vin Bio|La bouteille de 75cl|[Origine : FRANCE]|"
6,60€ / L"|"
4,95 €"
1487|Vin Bio|La bouteille de 75cl|[Origine : FRANCE]|"
6,60€ / L"|"
4,95 €"
1488|Fitou, vin rouge, 13% vol.|La bouteille de 75cl|[Origine : FRANCE, Après avoir été élaboré avec grand soin à partir de cépages nobles, ce vin a lentement mûri dans les chais du producteur., Solide, rond et aromatique, il accompagnera les viandes rouges et grillées ainsi que les fromages. Température de service : 16-18°C.  Zéro alcool pendant la grossesse., Contient des sulfites.]|"
6,99€ / L"|"
5,24 €"
1489|Corbières, vin rouge vieilli en fût de chêne|La bouteille de 75cl|[Origine : FRANCE, Gérard Bertrand a reçu la passion du vin et l'amour de la terre languedocienne de son père Georges. Il a aujourd'hui repris l'exploitation et continue dans la voie tracée en termes de qualité et d'expression du terroir avec la volonté de créer et d'innover. Le domaine Georges Bertrand est élaboré avec des raisins issus de l'agriculture raisonnée dans le respect de la démarche Terra Vitis, qui garantit une traçabilité des pratiques culturales vérifiée par un organisme indépendant., Cépages : Syrah - Mourvèdre - Carignan - Grenache, Stockage recommandé entre 5 et 25  C Servir à 18]|"
8,33€ / L"|"
6,25 €"
1490|Château de Veyran, clos de l'Olivette|La bouteille de 75cl|"[Origine : FRANCE, ""Le Château Veyran"" est situé dans le sud de la France, en Languedoc, sur les contreforts de la Montagne Noire à Causses et Veyran. Ce ""Clos de l'Olivette"" est élaboré à partir de Syrah 80% et de Grenache 20% qui lui confèrent une belle robe pourpresombre avec des jolies notes de mûre et de réglisse auxquelles s'ajoute une note boisée due à son passage en Fûts de Chêne., A déguster à 18°C sur viandes rouges, gibiers, fromages  Zéro alcool pendant la grossesse, Valeur énergétique en Joules :  0, Valeur énergétique en Kcal : 0, Glucides : 0, Lipides : 0, Protides :0, Contient des sulfites]"|"
9,20€ / L"|"
6,90 €"
1491|Grand vin du languedoc, Fitou|La bouteille de 75cl|[Origine : FRANCE]|"
7,99€ / L"|"
5,99 €"
1492|Côtes du Roussillon villages Tautavel|La bouteille de 75cl|[Origine : FRANCE, 'A Tautavel, berceau de l'humanité, les vignerons, fiers de leurs origines et de leurs couleurs, transmettent le savoir-faire, la typicité, et l'amour pour ce terroir, dont les quatre dimensions révèlent le sacré. Amen'., Contient des sulfites.]|"
8,13€ / L"|"
6,10 €"
1493|Côtes du Roussillon Villages A.O.P|La bouteille de 75cl|[Origine : FRANCE]|"
16,40€ / L"|"
12,30 €"
1494|Cabernet Sauvignon|La boîte de 3L|[Origine : FRANCE]|"
3,97€ / L"|"
11,90 €"
1495|Chinon|La bouteille de 75cl|[Origine : FRANCE, Le Terroir: Les vignes sont toutes situées au lieu-dit Vaugaudry, sous-sol sableux silicieux. Le Vin: Couleur intense, robe profonde, reflet grenat. Nez ouvert et intense, complexité de fruits noirs et fruits secs. L'attaque en bouche est ample et généreuse, les tanins sont soyeux et délicats; une finale persistante de reglisse et de fruits noirs. Les Accords: viandes rouges et blanches, fromages et charcuteries., Cépages: Cabernet- franc à 100%]|"
9,60€ / L"|"
7,20 €"
1496|St Nicolas de Bourgueil, Les Silices, A.O.C|La bouteille de 75cl|[Origine : FRANCE, Le Terroir: Première Terrasse de Saint-Nicolas de Bourgeuil, region Loire, terroir Limono-sableux. Le Vin: Robe rubis. Nez de fruits rouges. Bouche ronde sur fond de fruit rouge intense. Les Accords: Volaille., Cépages: Cabernet Franc. Contient des sulfites.]|"
10,87€ / L"|"
8,15 €"
1497|Touraine, gamay 2013|La bouteille de 75cl|[Origine : FRANCE, Fruité et léger, le Gamay d'Henry Marionnet est un vin rouge joyeux, déliccieusement croquant, à boire frais et jeune.                              Un vin de plaisir très aromatique, qui ressemble à la terre d'où il vient: authentique et chaleureux., Zéro alcool pendant la grossesse., Contains sulfites.]|"
8,60€ / L"|"
6,45 €"
1498|Valençay, A.O.C|La bouteille de 75cl|[Origine : FRANCE, Le Terroir: Vignes et chai situés à selles-sur-Cher dans le Loir-et-Cher, Région Centre. Le terroir est composé d'argile à silex, sur une couche de 30 à 60cm de graves en surface. Le Vin: Un nez épicé de paprika et de poivre se mêlant à un très bau fruit sur la mûre et la griotte. La bouche est gourmande, ronde et fraîche, avec des tannins denses et fins et une belle maturité de fruit. Les Accords: Charcuteries, viandes blanches, viandes rouges., A déguster à température de cave, entre 14°C et 16°C., Cépages: 40% Gamay, 30% Côt (Malbec), 20% Cabernet Franc, 10% Pinot Noir. Contient des sulfites., Potentiel de garde : 5 à 8 ans.]|"
10,31€ / L"|"
7,73 €"
1499|Saint nicolas de bourgueil, vin rouge, 12,5% vol.|La bouteille de 75cl|[Origine : FRANCE, SITUATION : Le vignoble s'étend sur les terrases bordant la rive droite de la Loire. CEPAGE : Cabemet franc appelé 'Breton'. ROBE : Brillante, rouge rubis. NEZ : Bouquet très aromatique, fraîcheur et légèreté. BOUCHE : Présence de fruits rouges où dominent la framboise et la fraise avec une note de violette. La bouche est souple et délicate avec une bonne longueur due à la présence de tanins très fins., LES CONSEILS DU SOMMELIER : Accompagne agréablement les viandes blanches et les rôtis. Jeune, on le sert à la température de la cave, vers 14°. Plus âgé, il s'épanouira autour de 17°.  Zéro alcool pendant la grossesse., Contains sulphites.]|"
7,93€ / L"|"
5,95 €"
1500|Saint-Pourçain|La bouteille de 75cl|[Origine : FRANCE]|"
5,53€ / L"|"
4,15 €"
1501|Touraine, Sauvignon A.O.P|La bouteille de 75cl|[Origine : FRANCE]|"
8,20€ / L"|"
6,15 €"
1502|Touraine, Sauvignon A.O.P|La bouteille de 75cl|[Origine : FRANCE]|"
8,20€ / L"|"
6,15 €"
1503|Touraine-Mesland, issu de raisins de l'agriculture biologique|La bouteille de 75cl|[Origine : FRANCE, 15 ha du vignoble de Château Gaillard sont consacrés à Touraine Mesland rouge. Cépages : Gamay 60%, Côt 15%, Cabernet franc 25%. Vendange manuelle, éraflage total et macération de 7 jours à 28°C. Élevage en cuve., A boire ou à garder 20 ans. Charcuteries tourangelles.  Zéro alcool pendant la grossesse., CONTIENT DES SULFITES.]|"
8,20€ / L"|"
6,15 €"
1504|Touraine-Mesland, issu de raisins de l'agriculture biologique|La bouteille de 75cl|[Origine : FRANCE, 15 ha du vignoble de Château Gaillard sont consacrés à Touraine Mesland rouge. Cépages : Gamay 60%, Côt 15%, Cabernet franc 25%. Vendange manuelle, éraflage total et macération de 7 jours à 28°C. Élevage en cuve., A boire ou à garder 20 ans. Charcuteries tourangelles.  Zéro alcool pendant la grossesse., CONTIENT DES SULFITES.]|"
8,20€ / L"|"
6,15 €"
1505|Les Pénitents, Pinot noir, Alphonse Mellot|La bouteille de 75cl|[Origine : FRANCE, Vin de pays des Coteaux Charitois., Contient sulfites.]|"
20,53€ / L"|"
15,40 €"
1506|Les Pénitents, Pinot noir, Alphonse Mellot|La bouteille de 75cl|[Origine : FRANCE, Vin de pays des Coteaux Charitois., Contient sulfites.]|"
20,53€ / L"|"
15,40 €"
1507|Bourgueil, vin rouge bio, 13% vol.|La bouteille de 75cl|[Origine : FRANCE, Ce Bourgueil provient de vinges d'une vingtaine d'années, situées sur un terroirs d'argile. Toute la vendage et vinifiée et élevée en cuve inox. Une macération courte a permis de garder le fruit du raisin., Viande rouge et sur tout un repas : 15°C.  Zéro alcool pendant la grossesse., CONTIENT DES SULFITES. VIN ISSU DE RAISINS CULTIVÉS EN AGRICULTURE BIOLOGIQUE., Garde de 3 ans.]|"
8,17€ / L"|"
6,13 €"
1508|Bourgueil, vin rouge bio, 13% vol.|La bouteille de 75cl|[Origine : FRANCE, Ce Bourgueil provient de vinges d'une vingtaine d'années, situées sur un terroirs d'argile. Toute la vendage et vinifiée et élevée en cuve inox. Une macération courte a permis de garder le fruit du raisin., Viande rouge et sur tout un repas : 15°C.  Zéro alcool pendant la grossesse., CONTIENT DES SULFITES. VIN ISSU DE RAISINS CULTIVÉS EN AGRICULTURE BIOLOGIQUE., Garde de 3 ans.]|"
8,17€ / L"|"
6,13 €"
1509|Chinon rouge|La bouteille de 75cl|[Origine : FRANCE, Cabernet Franc]|"
9,07€ / L"|"
6,80 €"
1510|Bourgueil, vin rouge élevé en barriques de chêne, 12,5% vol.|La bouteille de 75cl|[Origine : FRANCE, SITUATION : Le vignoble s'étend sur les terrasses bordand la rive droite de la Loire. CÉPAGE : Cabernet franc. ROBE : Rubis intense. NEZ : légèrement vanillé, notes sauvages et poivrées. BOUCHE : Souple et délicat avec une bonne longueur due à la présence de tannins très fins et soyeux., LES CONSEILS DU SOMMELIER : Jeune, il est servi à la température de la cave 15°. Plus âgé, il s'épanouit autour de 17°. S'harmonise bien sur les gibiers, viandes rouges et fromages.  Zéro alcool pendant la grossesse., Contains sulphites.]|"
8,24€ / L"|"
6,18 €"
1511|Chinon A.O.C., Cuvée élevée sous bois|La bouteille de 75cl|[Origine : FRANCE, SITUATION : Le vignoble s'étend de part et d'autre de la Vienne jusqu'à la Loire. Ce vin provient de la commune de Cravant-les-Coteaux. CÉPAGE : 100% cépage Cabernet franc, vieilli 5 à 6 mois en barriques de chêne. ROBE : Rouge rubis profond. NEZ : Boisé aux dominantes de fruits rouges et poivrons verts avec des notes minérales et légèrement vanillées. BOUCHE : Corps souple et harmonieux, dense et équilibré. La typicité d'un grand Chinon digne de son appellation., LES CONSEILS DU SOMMELIER : Servir à 17°. C'est un vin qui agrémentera les viandes rôties, gibiers ou fromages.  Zéro alcool pendant la grossesse., Contains sulphites.]|"
7,87€ / L"|"
5,90 €"
1512|Saumur champigny, grand vin rouge de Loire, 13% vol.|La bouteille de 75cl|[Origine : FRANCE, SITUATION : SITUEE EN AMONT DE SAUMUR L'AIRE D'APPELATION DE CE VIN S'ETEND SUR 9 COMMUNES. CEPAGE : CABERNET FRANC. ROBE : BRILLANTE, ROUGE RUBIS. NEZ : AROMES DE VIOLETTES ET FRAMBOISES. BOUCHE : SOUPLE ET AMPLE, EQUILIBREE AVEC DES TANNINS FINS, SA PUISSANCE AROMATIQUE EST INTENSE (MURE, CASSIS)., SERVIR A 12°. S'ACCORDE PARFAITEMENT AVEC VIANDES GRILLÉES, VOLAILLES, VIANDES BLANCHES ET FROMAGES DOUX.  Zéro alcool pendant la grossesse., Contains sulphites.]|"
7,60€ / L"|"
5,70 €"
1513|Sancerre, vin rouge, 12.5% vol.|La bouteille de 75cl|[Origine : FRANCE, René Carroi dont les vignes sont aujourd'hui exploitées par une importante maison sancerroise vous a signé ce vin issu du cépage pinot noir et d'un assemblage de terres à caillottes et siliceuses., Mariage Mets & Vins : viandes blanches ou crottin de Chavignol. Température de service : 13 à 14°. Durée de garde : 3 à 4 ans.  Zéro alcool pendant la grossesse., Contains sulphites.]|"
15,93€ / L"|"
11,95 €"
1514|Saumur Champigny rouge|La bouteille de 75cl|[Origine : FRANCE, Contient des sulfites.]|"
10,53€ / L"|"
7,90 €"
1515|Touraine, gamay, vin rouge, 12% vol.|La bouteille de 75cl|[Origine : FRANCE, RECOMMANDATIONS : Vin polyvalent par excellence car léger et fruité c'est le vin de tous les instants. CEPAGE : Gamay. CARACTERE : Léger fruité, arôme de cassis., A servir frais 10 à 12°C.  Zéro alcool pendant la grossesse., CONTIENT DES SULFITES.]|"
4,64€ / L"|"
3,48 €"
1516|Fronton Rouge Tradition, AOC, 12,5% vol.|La bouteille de 75cl|"[Origine : FRANCE, Le Terroir: Situé à 30 Kilomètres de Toulouse, entre Tarn et Garonne, au coeur de l'AOC Fronton, le vignoble se situe sur une ancienne terrasse de Tarn. Les sols sont constitués de boulbènes ""blanches"" et profondes. Le Vin: Le vin se veut etre le meilleur compromis entre la fraîcheur des arômes de fruits rouges, dépices, de violette et de réglisse constituant le bouquet typique des vins de Fronton. Sa structure tannique harmonieuse lui donne son amplitude au vieillissement. Les Accords: Viandesblanches et rouges, grillées ou roties., A déguster entre 15°C et 16°C., Cépages: 55% de Negrette, 35% de Syrah, 10% de Cabernet Sauvignon. Contient de s sulfites.]"|"
7,33€ / L"|"
5,50 €"
1517|Gaillac|La bouteille de 75cl|[Origine : FRANCE]|"
8,93€ / L"|"
6,70 €"
1518|Madiran|La bouteille de 75cl|[Origine : FRANCE, Il fera merveille avec : viandes rouges, volailles, fromages et plats en sauce. A déguster entre 16°C et 18°C., Contient des sulfites.]|"
5,27€ / L"|"
3,95 €"
1519|Madiran A.O.P.|La bouteille de 75cl|[Origine : FRANCE, Le Terroir: sols argilo graveleux. Rangs sur pentes douces exposés au sud. Le Vin: Nez de fruits rouges sur une bouche élégante et charmeuse. Robe presque noire nuancée de violet, son nez expressif évoque la confiture de mûre et de cassis ainsi qu'unboisé vanillé déja bien integré. Après une attaque franche, une matière ample et mûre tapisse le palais d'arômes riches et persistants de fruits noirs. Les Accords: Magrets, steaks grillés, boeuf Bourguignon, pot au feu, vollailles rôties, mais aussi, plus original sur des currys, tajines ou risottos;, A déguster entre 16°C et 18°C., Cépages: Le Tannat (60%) apporte la charpente et la typicité. Le cabernet Franc (40%) renforce le caractère fruité et rend le bouquet plus complexe., Déja fort plaisant, ce vin harmonieux devrait gagner à rester 2 ou 3 ans en cave.]|"
7,87€ / L"|"
5,90 €"
1520|Rouge, marquis de prada 14%|La bouteille de 75cl|[Origine : FRANCE, Zéro alcool pendant la grossesse, Valeur énergétique en Joules :  0, Valeur énergétique en Kcal : 0, Glucides : 0, Lipides : 0, Protides :0, Contient des sulfites]|"
6,65€ / L"|"
4,99 €"
1521|Fronton, vin rouge, tradition, 12.5% vol.|La bouteille de 75cl|[Origine : FRANCE, Elu meilleur vigneron Frontonnais 2003 et 2004. 8 fois médaillé d'or concours général agricole de Paris. Millésime 2006,2003,2001,1997,1993,1987,1986,1981. 19 sélections dans le guide HACHETTE Vignerons de père en fils depuis 5 générations. Mil 2005: Elu meilleur rapport qualité / prix des vins du Sud-ouest dans la revue des vins de FRANCE de Juin 06-spéc.MIL. 05., Zéro alcool pendant la grossesse., Contient sulfites.]|"
7,56€ / L"|"
5,67 €"
1522|Cahors A.O.P.|La bouteille de 75cl|[Origine : FRANCE]|"
7,93€ / L"|"
5,95 €"
1523|Madiran, vin rouge, 13% vol.|La bouteille de 75cl|[Origine : FRANCE, Servir chambré (16 - 18 °), sur la cuisine traditionnelle du Sud-Ouest, les viandes rouges et fromages.  Zéro alcool pendant la grossesse., CONTAINS SULPHITES.]|"
4,53€ / L"|"
3,40 €"
1524|Bergerac, vin rouge, 12,5% vol.|La bouteille de 75cl|[Origine : FRANCE, Zéro alcool pendant la grossesse., Contains sulphites.]|"
3,99€ / L"|"
2,99 €"
1525|Cahors, vin rouge, élevé en fût de chêne, 13% vol.|La bouteille de 75cl|[Origine : FRANCE, Une robe profonde et limpide aux nuances pourpes. Un nez aux arômes intense et complexes de fruits noirs que se marient harmonieusement avec une pointe de boisé. Un bon équilibre en bouche. Des tanins soyeux et une persistance aromatique., A déguster entre 16 et 18°C. A servir avec des viandes rouges grillées du canard, de l'agneau, du gibier, ou du fromage de caractère.  Zéro alcool pendant la grossesse., CONTIENT DES SULFITES]|"
6,00€ / L"|"
4,50 €"
1526|Cabernet Sauvignon, vin de pays d'Oc, 13,5%|La bouteille de 75cl|"[Origine : FRANCE, Le Cabernet Sauvignon est un cépage puissant  qui offre un bouquet complexe et une belle longévité.  ""Au nez"" : une  senteurfruitee.de quetsche bien mûre et de pruneau.  ""En bouche"" : une première approche souple et aromatique tout en offrant une structure lisse et élégante (trame  d'épices poivrées et plantes aromatiques de la garrigue). ""il fera merveille avec'... : des viandes grillées, des gibiers et des fromages à pâtes persillées., A boire à 16°C  Zéro alcool pendant la grossesse]"|"
5,27€ / L"|"
3,95 €"
1527|Cabernet Sauvignon, vin de pays d'Oc, 13,5%|La bouteille de 75cl|"[Origine : FRANCE, Le Cabernet Sauvignon est un cépage puissant  qui offre un bouquet complexe et une belle longévité.  ""Au nez"" : une  senteurfruitee.de quetsche bien mûre et de pruneau.  ""En bouche"" : une première approche souple et aromatique tout en offrant une structure lisse et élégante (trame  d'épices poivrées et plantes aromatiques de la garrigue). ""il fera merveille avec'... : des viandes grillées, des gibiers et des fromages à pâtes persillées., A boire à 16°C  Zéro alcool pendant la grossesse]"|"
5,27€ / L"|"
3,95 €"
1528|Cépage Merlot, vin de pays d'Oc, 13% vol.|La bouteille de 75cl|[Origine : FRANCE, La Grappe, moyenne, lâche, à baies sphériques, de tailles moyenne, à la pulpe juteuse, dont les merles raffolent. (d'où son nom.). La feuille, cunéiforme, de taille moyenne, brûlée et gaufrée au point pétiolaire., Vin et mets : viandes et fromages. Température de dégustation : 16°C  Zéro alcool pendant la grossesse., Contient des Sulfites.]|"
4,20€ / L"|"
3,15 €"
1529|Merlot, vin rouge de pays d'Oc, 13.5% vol.|La bouteille de 75cl|[Origine : FRANCE, Le Merlot est un cépage gouleyant et plaisant qui laisse une impression de rondeur et de soyeux. 'Au nez' : des notes fruitées, de cerise et de fraise des bois associées à une gamme complexe de sous-bois et d'épices douces. 'En bouche' : une attaquesouple et aromatique, en harmonie avec ses senteurs., 'Il fera merveille avec'  : des viandes rouges grillées et des fromages à pâtes molles. A boire à 16°C.  Zéro alcool pendant la grossesse., Contient des sulfites.]|"
5,27€ / L"|"
3,95 €"
1530|Pinot noir, vin de pays d'Oc, 13% vol.|La bouteille de 75cl|[Origine : FRANCE, Le Pinot est un cépage mythique, complexe, empli de volupté et de délicatesse. 'Au nez': un parfum à la nuance fruitée de pêche, de quetsche et de cassis. 'En bouche' : l'attaque est franche, très aromatique de pêche blanche et de cerise noire très mûre. Ce vin offre une bouche généreuse et ronde avec une belle longueur., 'Il fera merveille avec'  : des viandes grillées, du gibier, toutes sortes de fromages à pâtes molle et... une soupe aux pêches blanches. À boire à 16 °C.  Zéro alcool pendant la grossesse., Contient des sulfites.]|"
5,27€ / L"|"
3,95 €"
1531|Vin rouge de pays de l'Hérault, 11% vol.|La bouteille de 75cl|[Origine : FRANCE, Zéro alcool pendant la grossesse., Contient des sulfites.]|"
2,79€ / L"|"
2,09 €"
1532|Cabernet sauvignon , vin rouge de pays des coteaux de l'Ardèche|La bouteille de 75cl|[Origine : FRANCE, Zone de production : Rive droite de la Vallée du Rhône, sud du département de l'Ardèche. Cépage : 100% Cabernet Sauvignon. Caractère : Robe rubis foncé, vin aromatique et puissant, élégant., Température de 18°C, parfait avec des viandes rôties, fromages, gibier.  Zéro alcool pendant la grossesse., CONTIENT DES SULFITES.]|"
3,80€ / L"|"
2,85 €"
1533|Pinot noir, vin rouge de pays des coteaux de l'Ardèche|La bouteille de 75cl|[Origine : FRANCE, D'AUTHENTIQUES VINS DE TERROIR. Zone de production : rive droite de la Vallée du Rhône, sud du département de l'Ardèche. Cépage : 100% Pinot, partiellement élevé en fûts de chêne. Caractère : robe rubis, arôme de griottes, légèrement boisé, beaucoupde finesse., Service : service à 16°C, excellent avec un faisan, une perdrix rôtie   Zéro alcool pendant la grossesse., Contient des sulfites.]|"
5,07€ / L"|"
3,80 €"
1534|Rouge, Côtes de Bourg, 12,5%|La bouteille de 75cl|[Origine : FRANCE, Ouvrir la bouteille 1 heure avant de servir. A déguster sur les viandes blanches, rouges, les grillades, les volailles et les fromages.  Zéro alcool pendant la grossesse, Contient des sulfites, A consommer entre 17° et 19°. Ne pas réchauffer près d'une source de chaleur. Vieillissement possible 10 ans, couché à l'abri de la lumière, des courants d'air, des trépidations dans un endroit fraisentre 10 et 12 degrés.]|"
6,73€ / L"|"
5,05 €"
1535|Vin de pays du Gard|La bouteille de 75cl|[Origine : FRANCE]|"
5,32€ / L"|"
3,99 €"
1536|Vin de pays du Gard|La bouteille de 75cl|[Origine : FRANCE]|"
5,32€ / L"|"
3,99 €"
1537|Gamay, vin rouge de pays du jardin de la France, 12% vol.|La bouteille de 750ml|[Origine : FRANCE, Récolté en plein coeur du Val de Loire, ce vin est destiné à être bu très jeune et légèrement frais. Il s'accordera avec les viandes ainsi que les fromages., C'est le vin idéal pour accompagner un repas du début à sa fin., Contains sulphites.]|"
4,20€ / L"|"
3,15 €"
1538|Vin rouge du sud|La bouteille de 75cl|[Origine : FRANCE]|"
2,13€ / L"|"
3,19 €"
1539|Cabernet sauvignon rouge, vin de pays d'oc, 13,5%|La bouteille de 75cl|[Origine : FRANCE, Vinification traditionnelle, cuvaison courte, contrôle des températures durant la vinification afin d'obtenir un vin riche et élégant. Rouge intense, Fruits mûrs, note de cacao. Riche, tanins fondus. Viandes rouges, gibiers, fromages., Servir a 16-18°C.  Zéro alcool pendant la grossesse, Valeur énergétique en Joules :  0, Valeur énergétique en Kcal : 0, Glucides : 0, Lipides : 0, Protides :0, Contient des sulfites]|"
5,32€ / L"|"
3,99 €"
1540|Cabernet sauvignon rouge, vin de pays d'oc, 13,5%|La bouteille de 75cl|[Origine : FRANCE, Vinification traditionnelle, cuvaison courte, contrôle des températures durant la vinification afin d'obtenir un vin riche et élégant. Rouge intense, Fruits mûrs, note de cacao. Riche, tanins fondus. Viandes rouges, gibiers, fromages., Servir a 16-18°C.  Zéro alcool pendant la grossesse, Valeur énergétique en Joules :  0, Valeur énergétique en Kcal : 0, Glucides : 0, Lipides : 0, Protides :0, Contient des sulfites]|"
5,32€ / L"|"
3,99 €"
1541|Cabernet Sauvignon|La bouteille de 75cl|[Origine : FRANCE, Concours Mondial Bruxelles, Médaille d'Argent 2011. Rondeur et équilibre., Contient des sulfites]|"
4,13€ / L"|"
3,10 €"
1542|Merlot, vin rouge de pays d'Oc, cuvée spéciale, 13% vol.|La bouteille de 75cl|[Origine : FRANCE, Fruité et rondeur en bouche., Zéro alcool pendant la grossesse., Contient des sulfites.]|"
4,13€ / L"|"
3,10 €"
1543|Ardèche, Syrah, vin de Pays des Coteaux de l'Ardèche|La bouteille de 75cl|[Origine : FRANCE, Zone de production, Rive droite de la Vallée du Rhône, sud du département de l'Ardèche. Cépage,100%Syrah. Couleur rubis foncé, un nez de compote de fruits rouges, finale élégante poivrée., A boire à 16-C avec un rôti de boeuf, grillades de poulets, ou pizzas.  Zéro alcool pendant la grossesse, Valeur énergétique en Joules :  0, Valeur énergétique en Kcal : 0, Glucides : 0, Lipides : 0, Protides :0, Contient des sulfites]|"
3,93€ / L"|"
2,95 €"
1544|Pinot noir, AOC|La bouteille de 75cl|[Origine : FRANCE, Il fera merveille avec: Volailles, Viandes blanches, Poissons, Fromages légers. A déguster entre 14°c et 16°c., Contient des sulfites]|"
10,33€ / L"|"
7,75 €"
1545|Vin d'appellation corse contrôlé rouge carte noire|La bouteille de 75cl|[Origine : FRANCE]|"
5,69€ / L"|"
4,27 €"
1546|Vin rouge d'appellation ajaccio contrôlé|La bouteille de 75cl|[Origine : FRANCE]|"
12,87€ / L"|"
9,65 €"
1547|Vin rouge d'appellation ajaccio contrôlé|La bouteille de 75cl|[Origine : FRANCE]|"
14,60€ / L"|"
10,95 €"
1548|Patrimonio, appellation patrimonio contrôlé rouge|La bouteille de 75cl|[Origine : FRANCE]|"
12,23€ / L"|"
9,17 €"
1549|Vin de corse, appellation vin de corse contrôlé rouge|La bouteille de 75cl|[Origine : FRANCE]|"
11,16€ / L"|"
8,37 €"
1550|Vin rouge d'appellation corse contrôlé|La bouteille de 75cl|[Origine : FRANCE]|"
7,04€ / L"|"
5,28 €"
1551|Vin d'appellation ajaccio contrôlé rouge|La bouteille de 75cl|[Origine : FRANCE]|"
11,32€ / L"|"
8,49 €"
1552|Vin de pays de l'île de beauté rouge|La bouteille de 75cl|[Origine : FRANCE]|"
3,73€ / L"|"
2,80 €"
1553|Cuvée alexandra, appellation corse figari contrôlé rouge|La bouteille de 75cl|[Origine : FRANCE]|"
13,39€ / L"|"
10,04 €"
1554|Patrimonio rouge, appellation patrimonio contrôlé|La bouteille de 75cl|[Origine : FRANCE]|"
11,13€ / L"|"
8,35 €"
1555|Appellation patrimonio contrôlé rouge|La bouteille de 75cl|[Origine : FRANCE]|"
10,45€ / L"|"
7,84 €"
1556|Patrimonio rouge, appellation patrimonio contrôlé|La bouteille de 75cl|[Origine : FRANCE]|"
10,25€ / L"|"
7,69 €"
1557|Patrimonio rouge, appellation patrimonio contrôlé|La bouteille de 75cl|[Origine : FRANCE]|"
13,05€ / L"|"
9,79 €"
1558|Vin de corse cuvée prestige rouge, appellation corse figari contrôlé|La bouteille de 75cl|[Origine : FRANCE]|"
10,12€ / L"|"
7,59 €"
1559|Vin de corse rouge, appellation corse figari contrôlé|La bouteille de 75cl|[Origine : FRANCE]|"
7,72€ / L"|"
5,79 €"
1560|Vin de pays de l'île de veauté rouge|La bouteille de 75cl|[Origine : FRANCE, Vin de pays de l'ile de beauté. C'est à Bravone, qu'Eric Poli cultive ses vignes, sous le soleil bienveillant du littoral oriental de l'ile de beauté., A boire à 16°C. Zéro alcool pendant la grossesse.]|"
6,73€ / L"|"
5,05 €"
1561|Vin de pays de l'île de beauté rouge|La bouteille de 75cl|[Origine : FRANCE]|"
3,24€ / L"|"
2,43 €"
1562|Ventoux A.O.P|Le magnum de 150cl|[Origine : FRANCE]|"
6,60€ / L"|"
9,90 €"
1563|Vin de pays de l'île de beauté rouge|La bouteille de 1l|[Origine : FRANCE, Vin à consommer avec des préparations culinaires élaborées. Déboucher et laisser décanter 30m avant de servir à température ambiante., A boire à 16°C. Zéro alcool pendant la grossesse., Couleur rouge légèrement évoluée. Bouche complexe, légère note de sous-bois, goulayant avec une bonne longueur. Bon vin à consommer dans l'année.]|"
2,94€ / L"|"
2,94 €"
1564|Vin d'appellation corse contrôlé rouge|La bouteille de 75cl|"[Origine : FRANCE, De la Casinca à Aléria, la vigne s'épanouit le long de la Costa Serena. De cette diversité est né un vin de caractère, ""Réserve du président"", devenu le préféré des insulaires, véritablement le choix des Corses., A boire à 16°C. Zéro alcool pendant la grossesse.]"|"
8,84€ / L"|"
6,63 €"
1565|Cabernet sauvignon rouge, vin de pays de l'île de beauté|La bouteille de 75cl|"[Origine : FRANCE, De la Casinca à Aléria, la vigne s'épanouit le long de la Costa Serena. De cette diversité est né un vin de caractère, ""Réserve du président"", devenu le préféré des insulaires, véritablement le choix des Corses., A boire à 16°C. Zéro alcool pendant la grossesse.]"|"
4,32€ / L"|"
3,24 €"
1566|Merlot rouge, vin de pays de l'île de beauté|La bouteille de 75cl|"[Origine : FRANCE, De la Casinca à Aléria, la vigne s'épanouit le long de la Costa Serena. De cette diversité est né un vin de caractère, ""Réserve du président"", devenu le préféré des insulaires, véritablement le choix des Corses., A boire à 16°C. Zéro alcool pendant la grossesse.]"|"
4,32€ / L"|"
3,24 €"
1567|Vin d'appellation corse contrôlé rouge|La bouteille de 18,7cl|"[Origine : FRANCE, De la Casinca à Aléria, la vigne s'épanouit le long de la Costa Serena. De cette diversité est né un vin de caractère, ""Réserve du président"", devenu le préféré des insulaires, véritablement le choix des Corses., A boire à 16°C. Zéro alcool pendant la grossesse.]"|"
8,29€ / L"|"
1,55 €"
1568|Vin d'appellation corse contrôlé rouge|La bouteille de  75cl|"[Origine : FRANCE, De la Casinca à Aléria, la vigne s'épanouit le long de la Costa Serena. De cette diversité est né un vin de caractère, ""Réserve du président"", devenu le préféré des insulaires, véritablement le choix des Corses., A boire à 16°C. Zéro alcool pendant la grossesse.]"|"
7,15€ / L"|"
5,36 €"
1569|Vin d'appellation corse contrôlé rouge, cuvée historique|La bouteille de 75cl|"[Origine : FRANCE, De la Casinca à Aléria, la vigne s'épanouit le long de la Costa Serena. De cette diversité est né un vin de caractère, ""Réserve du président"", devenu le préféré des insulaires, véritablement le choix des Corses., A boire à 16°C. Zéro alcool pendant la grossesse.]"|"
8,13€ / L"|"
3,05 €"
1570|Sciaccarellu cinsault rosé, vins de pays de l'île de beauté|La bouteille de 75cl|[Origine : FRANCE, Parfaitement exposés au Levant, les vignobles en terrasse bénéficient de la fraicheur des montagnes proches qui atténue le climat méditerranéen et participe à la qualité et la finesse de ces vins. TERRAZZA est un mot de terre et de soleil, les cépages Corses et internationaux sassemblent pour créer des vins de personnalités accessibles aux amateurs curieux en quête dexotisme., A boire à 16°C. Zéro alcool pendant la grossesse.]|"
4,83€ / L"|"
3,62 €"
1573|Chignin|La bouteille de 75cl|"[Origine : FRANCE, Le Terroir: village de Chignin en savoie, éboulis argilo calcaire.        Dégusté & agréé par le jury Monoprix Gourmet avec Bettane & Desseauve. Pourquoi le jury m'a élu : ""vin symphatique"", ""franc et rafraîchissant"", ""typiquement savoyard"" : en somme une simplicité bienvenue !                  Le Vin: Marqué par d'agréables arômes d'ortie blanche et présente une note minérale de pierre à fusil. Les Accords: coquillages, crustacés et autres fruits de mer, charcuterie et toute gastronomie typiqueà base de fromages de Savoie., AUCUN]"|"
9,20€ / L"|"
6,90 €"
1574|Gewurtztraminer AOC vin blanc|La bouteille de 75cl|[Origine : FRANCE, Il fera merveille avec: Apéritif, Hors-d'oeuvre, Desserts chocolatés. A dégust er entre 10°c et 12°c, Contient des sulfites]|"
9,40€ / L"|"
7,05 €"
1575|Riesling AOC|La bouteille de 75cl|[Origine : FRANCE, Il fera merveille avec: Apéritif, Coquillages, Crustacés, Charcuterie,Volailles, Choucroute. A déguster entre 8°c et 10°c., Contient des sulfites.]|"
7,99€ / L"|"
5,99 €"
1576|Edelzwicker, vin blanc d'Alsace, 12% vol.|La bouteille de 75cl|[Origine : FRANCE, Zone de production : Alsace - Haut-Rhin. Caractère: Fruité, agréable à boire., Environ 10°C. Bon usage : Se met pleinement en valeur lorsqu'il accompagne les mets ou un vin blanc s'impose.  Zéro alcool pendant la grossesse., Contient des suIfites.]|"
6,40€ / L"|"
4,80 €"
1577|Vin de savoie, A.O.C|La bouteille de 75cl|[Origine : FRANCE, Robe : or blanc aux reflets verts. Nez : Amande fraîche et aubépine, notes de fins agrumes. Bouche : attaque franche et perlante, vive, minérale et ronde., A servir entre 8°C et 10°C.]|"
5,93€ / L"|"
4,45 €"
1578|Riesling, vin blanc d'Alsace, 12% vol.|La bouteille de 75cl|[Origine : FRANCE, Triomphe du térroir Alsacien, d'un fruité exquis et d'un bouquet délicat., Il accompagne les mets les plus raffinés, les crustacés, les fruits de mer et bien sûr la choucroute.  Zéro alcool pendant la grossesse., Contient des sulfites., 10°-12°C. 2 à 5 ans/year.]|"
6,80€ / L"|"
5,10 €"
1579|Gentil, A.O.C, 12,5% de vol.|La bouteille de 75cl|[Origine : FRANCE]|"
13,27€ / L"|"
9,95 €"
1580|Apremont, vin de Savoie, 11,5% vol.|La bouteille de 75cl|[Origine : FRANCE, Vin blanc sec et fruité issu de cépage Jacquère, typiquement savoyard, dont les ceps sont plantés dans les éboulis du mont Granier, sur un terrain argilo-calcaire., Finement perlant et très aromatique, ce vin accompagne dans vos repas tous les fruits de la mer, huîtres et poissons. Il est parfait à l'apéritif et se marie naturellement bien avec la fondue savoyarde, raclette, pela ou tartiflette. A servir très frais mais non glacé.  Zéro alcool pendant la grossesse., SULFITES]|"
7,80€ / L"|"
5,85 €"
1581|Arbois, Chardonnay-Savagnin|La bouteille de 75cl|[Origine : FRANCE, Le Terroir: Terroir argileux du lias et terroir calcaire du Bajocien. Le  Vin: Complexe aux arômes de fruits et d'épices. Bouche longue et minérale avec un côté épicé, fumé, typique des sols argileux. Les Accords:         Apéritifs, plats à la crème,poissons, plats aux champignons., A déguster à température de cave, entre 14°C et 16°C., Cépages: Chardonnay à 100%. Contient des sulfites.]|"
11,07€ / L"|"
8,30 €"
1582|Vin d'Alsace, Pinot Blanc|la bouteille de 75cl|[Origine : FRANCE]|"
6,91€ / L"|"
5,18 €"
1583|Ruhlmann, Médaille d'or paris|La bouteille de 75cl|[Origine : FRANCE]|"
5,87€ / L"|"
4,40 €"
1584|Bourgogne Chardonnay AOC|La bouteille de 75cl|[Origine : FRANCE, Il fera merveille avec: Apéritif, Coquillage, Poissons, Tartes salées, Agneau, Pâtes. A déguster entre 10°c et 12°c., Contient des sulfites.]|"
8,23€ / L"|"
6,17 €"
1585|Viré-Clessé A.O.P|La bouteille de 75cl|[Origine : FRANCE, Le Terroir: Au coeur du Mâconnais, au sud de la bourgogne, les deux villages de Virré et Clessé presentent un terroir tout à fait unique sur des coteaux orientés Sud-Est. Ils font partie des meilleurs vins blancs de cette region, combinant souplesseet mineralité. Le Vin: Couleur jaune pâle, fragrances florales sur des notes d'agrumes rehaussées par une belle minéralité. Attaque vive, belle structure et belle expression minérale. Acidité bien intégrée, fin de bouche tendue et fraîche. Les Accords: Un apéritif idéal par sa fraîcheur et sa vivacité, il se marie parfaitement avec les fruits de mer, crustacés et les hors d'oeuvre à base de légumes frais., A déguster froid, entre 8°C et 10°C., Cépages: Chardonnay à 100%. Contient des sulfites]|"
14,53€ / L"|"
10,90 €"
1586|Bourgogne aligoté, 12% vol.|La bouteille de 75cl|[Origine : FRANCE, Le cépage Aligoté très expressif en Bourgogne, a donné son nom à l'appellation. Récolté et vinifié traditionnellement, ce vin aux notes d'agrumes et de fleurs blanches, sera apprécié dès à présent pour sa fraîcheur., Servir entre 10 et 12C, le Bourgogne Aligoté est idéal en apéritif, que ce soit nature ou avec une larme de crème de cassis. Il accompagnera à merveille les crustacés, poissons froids, charcuteries, fritures ainsi que les fromages frais ou secs.  Zéro alcool pendant la grossesse., CONTIENT DES SULFITES [SO2]., Il conservera toute sa vivacité dans les 2 à 3 années suivant sa récolte en évoluant sur des notes minérales.]|"
7,76€ / L"|"
5,82 €"
1587|Bourgogne Chardonnay|La bouteille de 75cl|[Origine : FRANCE, Bouquet aromatique. Rond, sans ²tre lourd, soyeux, il enrobe son fruit avec charme.]|"
12,60€ / L"|"
9,45 €"
1588|Bourgogne A.O.P.|La bouteille de 75cl|[Origine : FRANCE]|"
8,93€ / L"|"
6,70 €"
1589|Montagny 1er Cru 2005, vin blanc, 13.5% vol.|La bouteille de 750ml|[Origine : FRANCE, Le DOMAINE de la CHENERAI possède plus de 17 hectares de vignes, plantées au début du XIXème siècle. Il se situe sur les hauteurs de Davenay, petit village au sud de la Bourgogne viticole. Le Montagny 1er Cru, raisin de cépage Chardonnay est élevé dans les caves anciennes du Domaine (XIIème siècle)., Racé et séduisant, il accompagnera avec finesse les crustacés, les huîtres et les poissons. A déguster entre 12°C et 14°C.  Zéro alcool pendant la grossesse., CONTIENT DES SULFITES [SO2].]|"
15,33€ / L"|"
11,50 €"
1590|Saint-Véran|La bouteille de 75cl|[Origine : FRANCE, Situé au sud de la Bourgogne, à Davayé, en plein cur des crus du Mâconnai s, le Domaine de la Croix Senaillet est à proximité du site préhistorique de la célèbre Roche de Solutré. Pur chardonnay fidèle aux caractéristiques de l'appellation sur un terroir apportant une minéralité légèrement fumée, ce blanc de haut vol conjugue des notes de fruits exotiques, d'agrumes et de fleurs blanches avec un équilibre remarquable.]|"
15,67€ / L"|"
11,75 €"
1591|Saint-Véran|La bouteille de 75cl|[Origine : FRANCE, Situé au sud de la Bourgogne, à Davayé, en plein cur des crus du Mâconnai s, le Domaine de la Croix Senaillet est à proximité du site préhistorique de la célèbre Roche de Solutré. Pur chardonnay fidèle aux caractéristiques de l'appellation sur un terroir apportant une minéralité légèrement fumée, ce blanc de haut vol conjugue des notes de fruits exotiques, d'agrumes et de fleurs blanches avec un équilibre remarquable.]|"
15,67€ / L"|"
11,75 €"
1592|Bourgogne aligoté, vin blanc de Bourgogne, cuvée spéciale12% vol.|La bouteille de 750ml|[Origine : FRANCE, Service entre 9 et 10°C. Accompagne idéalement poissons, coquillages, jambon à la crème... Sans oublier le véritable apéritif Bourguignon, Aligoté-crème de cassis (3/4,1/4 variable selon vos goûts)., Prêt à être dégusté. Conservation conseillée pendant 2 ou 3 ans.]|"
9,67€ / L"|"
7,25 €"
1593|Chablis, certifié AB|La bouteille de 75cl|[Origine : FRANCE, Les Chablis de Jean-Marc Brocard expriment avec grande finesse la pure typicité de leur sol si particulier. La Maison emploie tout son savoir-faire à prolonger les mystères de ce terroir si complexe pour en faire partager les plaisirs, intacts. Le résultat : un vin qui marie notes d'agrumes et minéralité iodée du terroir avec grande élégance., Idéal sur un grand plateau de coquillages, des crustacés, sushi, fritures de poissons, accras de morue ... et bien sur dès l'apéritif !, Ingrédients issus de l'agriculture biologique]|"
18,00€ / L"|"
13,50 €"
1594|Chablis, certifié AB|La bouteille de 75cl|[Origine : FRANCE, Les Chablis de Jean-Marc Brocard expriment avec grande finesse la pure typicité de leur sol si particulier. La Maison emploie tout son savoir-faire à prolonger les mystères de ce terroir si complexe pour en faire partager les plaisirs, intacts. Le résultat : un vin qui marie notes d'agrumes et minéralité iodée du terroir avec grande élégance., Idéal sur un grand plateau de coquillages, des crustacés, sushi, fritures de poissons, accras de morue ... et bien sur dès l'apéritif !, Ingrédients issus de l'agriculture biologique]|"
18,00€ / L"|"
13,50 €"
1595|Pouilly-fuissé, grand vin blanc de Bourgogne, cuvée prestige|La bouteille de 75cl|[Origine : FRANCE, La famille Deshaires et ses descendants, la famille Burrier, sont présent depuis plus de 5 siècles dans le vignoble du Sud de la Bourgogne, où ils exploitent un remarquable Domaine familial à Fuissé. Depuis 1948, Joseph Deshaires sélectionner également de vins chez les meilleurs vignerons de la région, dans le souci de trouver les plus belles expressions du terrain. Les vins sont vinifiés naturellement, selon la tradition et présentent des arômes de fruits bien mûrs, une bouche harmonieuse et une jolie fraîcheur. Bien conservés, ils évolueront très bien de 1 à 3 ans., Zéro alcool pendant la grossesse., Contient des Sulfites.]|"
23,87€ / L"|"
17,90 €"
1596|Macon-villages, chardonnay, vin blanc de Bourgogne|La bouteille de 75cl|[Origine : FRANCE, UN NOUVEAU STYLE DANS LE MONDE DES VINS DE BOURGOGNE.'L'AURORE'produit dans l'extrême sud de la Bourgogne, de vins teintés de soleil, élégants, aromatiques et d'une grande fraîcheur. Nos vins peuvent se déguster jeunes et à tous moments de la journée, apéritif, déjeuner ou dîner., Poisson, viande blanche fromage de chèvre.  Zéro alcool pendant la grossesse., Contient des sulfites.]|"
9,20€ / L"|"
6,90 €"
1597|Bourgogne aligoté, vin blanc de bourgogne|La bouteille de 75cl|[Origine : FRANCE, Ce Bourgogne Aligoté issu au cépage Aligoté est récolté dans le vignoble Auxerrois., Cet excellent vin se consomme entre 8 et 12 degrés et accompagne vos charcuteries, poissons et viandes blanches. Avant le repas, additionné à un doigt de cassis, il vous fera un remarquable apéritif.  Zéro alcool pendant la grossesse., Contains sulfites.]|"
10,65€ / L"|"
7,99 €"
1598|Chablis, Bourgogne, 12,5% vol.|La bouteille de 75cl|[Origine : FRANCE, Le Chablis est récolté à partir du Cépage Chardonnay, le cépage des grands vins blancs de Bourgogne. Le vignoble Chablisien produit quatre appellations contrôlées : Chablis Grand Cru, Chablis Premier Cru Chablis. Petit Chablis., Ces vins se consomment à une température de 10 degrés et se marient à merveille avec les fruits de mer, poissons et viandes blanches. A noter, qu'ils vous feront également un apéritif de choix.  Zéro alcool pendant la grossesse., Contains sulphites.]|"
18,33€ / L"|"
13,75 €"
1599|Chablis Fourchaumes A.O.P.|La bouteille de 75cl|[Origine : FRANCE]|"
22,53€ / L"|"
16,90 €"
1600|Petit chablis, blanc de Bourgogne, 12,5% vol.|La bouteille de 75cl|[Origine : FRANCE, Le Petit Chablis est récolté à partir du Cépage Chardonnay, le cépage des grands vins blancs de Bourgogne. Le vignoble Chablisien produit quatre appellations contrôlées : Chablis Grand Cru, Chablis Premier Cru Chablis, Petit Chablis., Ces vins se consomment à une température de 10 degrés et se marient à merveille avec les fruits de mer, poissons et viandes blanches. A noter, qu'ils vous feront également un apéritif de choix.  Zéro alcool pendant la grossesse., Contains sulphites.]|"
15,93€ / L"|"
11,95 €"
1601|Chablis A.O.P, La Jouchère|La bouteille de 75cl|[Origine : FRANCE]|"
22,87€ / L"|"
17,15 €"
1602|Puligny-Montrachet A.O.P.|La bouteille de 75cl|[Origine : FRANCE]|"
33,73€ / L"|"
25,30 €"
1603|Anjou, AOC, 13,5% vol.|La bouteille de 75cl|[Origine : FRANCE, Le Terroir: Au coeur de l'Anjou, dans le Val de Loire. Le Vin: Robe jaune paille aux reflets brillants. Nez à dominante de fougère, de tilleul et de sureau. Très bel équilibre gustatif autour d'une attaque ronde et soyeuse. La complexité arômatique s'exprime sur des fruits secs (noisette, amande...) le sureau et le pain grillé.Persistance très longue. Les Accords: Poissons en sauce (Brochet ou saumon au beurre blanc), filet (de sole, de lotte...), crustacés grillés ou cuits au court-bouillon, viandes blanches en sauce et fromages de chèvre., A déguster entre 10°C et 12°C., Cépages: Chenin à 100%. Contient des sulfites.]|"
11,67€ / L"|"
8,75 €"
1604|Chardonnay, vin de pays des Coteaux Charitois|La bouteille de 75cl|[Origine : FRANCE, Le Terroir: Calcaire entroque. Le Vin: Belle robe or pale, des notes de noisettes ponctuée d'une belle fraîcheur minérale, grande longueur en bouche à carafer., Cépages: Chardonnay]|"
13,27€ / L"|"
9,95 €"
1605|Muscadet Sèvre et Maine AOC, 12,5% vol.|La bouteille de 75cl|[Origine : FRANCE, Le Terroir: En plein coeur du Sèvre et Maine, terroir de schistes à 2 micas et grenat recouvert d'un sol de faible épaisseur. Le Vin: Robe couleur jaune pâle, légèrement perlant dans le verre. Le nez est fruité, très complexe, la bouche est ample etstructurée. La minéralité du terroir est très présente mais très équilibrée avec la rondeur du vin. Les arômes développés sont les fruits et les fleurs blanches. Les Accords: Les poissons nobles de mer et de rivière, les viandes blanches et les fromages., Cépages: Melon de Bourgogne à 100%. Contient des sulfites., C'est un grand vin de garde parfaitement équilibré. Son potentiel de garde est d'une dizaine d'années.]|"
15,87€ / L"|"
11,90 €"
1606|Muscadet-sur-Lie|La bouteille de 75cl|[Origine : FRANCE, Le Terroir: Val de loire entre la Sèvre et la Maine, terroir exceptionnel. Le Vin: Arômes subtils et complexes de thé, de coing associé à une exceptionnelle longueur en bouche, reflet d'un grand terroir. Une belle expression du cépage Melon de Bourgogne., Cépages: Melon de Bourgogne 100%, Vin présentant un potentiel de garde]|"
9,93€ / L"|"
7,45 €"
1607|Sancerre|La bouteille de 75cl|[Origine : FRANCE, Le Terroir: Terres blanches et caillottes. Le Vin: Robe or pale à reflets verts-argentés, limpide. Nez de bonne intensité, sur un fond de fraîcheur agréable, le nez exhale des arômes de fruits comme la pêche et a banane. Il est réhaussé d'une pointed'épices et de noix de coco. En bouche l'attaque est ronde, on ressent beaucoup de volume, une belle tension s'installe harmonieusement. L'ensemble est ferme et se termine sur une rétro-olfaction de citron., Cépages: Sauvignon. Contient des sulfites.]|"
15,47€ / L"|"
11,60 €"
1608|Touraine sauvignon AOC|La bouteille de 75cl|[Origine : FRANCE, Il fera merveille avec: Apéritif, Coquillages, Crustacés, Charcuterie, Porc, fromages légers. A déguster entre 8°c et 10°c., Contient des sulfites.]|"
5,32€ / L"|"
3,99 €"
1609|Vouvray sec|La bouteille de 75cl|[Origine : FRANCE, Le Terroir: Vouvray, Val de Loire, terroir argilo calcaire. Le Vin: Sous sa robe jaune pâle, ce vin offre un nez d'agrumes et de groseilles, avec des notes de fleurs blanches. La bouche est élégante et équilibrée, avec des arômes d'agrumes et de fruits secs. Les Accords: Apéritif, entrées froides, viandes blanches et poissons grillés., A déguster froid, entre 8°C et 10°C., Cépages: Chenin Blanc à 100%. Contient des sulfites.]|"
12,23€ / L"|"
9,17 €"
1610|Gros plant du pays Nantais|La bouteille de 75cl|[Origine : FRANCE]|"
3,60€ / L"|"
2,70 €"
1611|Saint-Pourçain|La bouteille de 75cl|[Origine : FRANCE]|"
5,53€ / L"|"
4,15 €"
1612|Coteaux du Layon|La bouteille de 75cl|[Origine : FRANCE, La consommation de boissons alcoolisées pendant la grossesse, même en faible quantité, peut avoir des conséquences graves sur la santé de l'enfant.]|"
14,60€ / L"|"
10,95 €"
1613|Muscadet Sevre et Maine|La bouteille de 75cl|[Origine : FRANCE]|"
5,20€ / L"|"
3,90 €"
1614|Pouilly-Fumé A.O.P|La bouteille de 75cl|[Origine : FRANCE, A déguster dès à présent.                                                     A servir frai de 8 à 10°C.]|"
17,60€ / L"|"
13,20 €"
1615|Coteaux du giennois, vin blanc, 12.5% vol.|La bouteille de 75cl|[Origine : FRANCE]|"
9,20€ / L"|"
6,90 €"
1616|Gros Plant du pays Nantais|La bouteille de 75cl|[Origine : FRANCE]|"
7,61€ / L"|"
5,71 €"
1617|Muscadet Sèvre et Maine|La bouteille de 75cl|[Origine : FRANCE, Chaque année, dés la fin des fermentations, nous sélectionnons avec le plus grand soin les meilleures cuvées dignes des clissages d'Or. La qualité de ce vin est unique. Légèrement perlant et frais à souhait, il possède une touche de vivacité et une expression superbe du terroir qui l'a vu naître. Cette cuvée, limitée parce que rare, est entièrement clissée à la main et fait la fierté de notre maison. Nous conseillons de la découvrir sans réserve., Mariage mets/vins : poissons, crustacés, fruits de mer. Température de service : 8-9°C. Durée de garde : 1 à 3 ans.  Zéro alcool pendant la grossesse., CONTAINS : SULPHITES.]|"
7,20€ / L"|"
5,40 €"
1618|Muscadet|La bouteille de 75cl|[Origine : FRANCE]|"
5,32€ / L"|"
3,99 €"
1619|Sancerre|La bouteille de 75cl|[Origine : FRANCE, René Carroi dont les vignes sont aujourd'hui exploitées par une importante maison sancerroise vous a signé ce vin issu du cépage sauvignon et d'un assemblage de terres à caillottes et siliceuses. Mariage Mets & Vins : une truite aux amandes, une solemeunière, des huîtres et crustacés, un homard, du crottin de Chavignol chaud., Température de service : 10 à 12°. Durée de garde : 3 à 4 ans.  Zéro alcool pendant la grossesse., Contains sulphites.]|"
16,33€ / L"|"
12,25 €"
1620|Cheverny|La bouteille de 75cl|[Origine : FRANCE]|"
6,64€ / L"|"
4,98 €"
1621|Sauvignon|La bouteille de 75cl|[Origine : FRANCE, Produit de Touraine, ce vin blanc de cépage. Sauvignon délicate- ment parfumé a le charme et la finesse de cette Province si aimable des bords de la Loire., Vous honorerez vos amis en le servant entre 10/12° avec tous hors-d'oeuvre ou fruits de mer et poissons.  Zéro alcool pendant la grossesse., CONTAINS SULPHITES.]|"
5,40€ / L"|"
4,05 €"
1622|Blanc sec, vin de table français, 11% vol.|La bouteille de 100cl|[Origine : FRANCE, Sec et fruité, ce vin issu de raisins blancs convient parfaitement pour les hors-d'oeuvre poissons, coquillages, crustacés., Servir très frais. Très apprécié pour la préparation du 'KIR'.  Zéro alcool pendant la grossesse., Contient des sulfites.]|"
3,50€ / L"|"
3,50 €"
1623|Chardonnay, vin de pays d'Oc, 13.5% vol.|La bouteille de 75cl|[Origine : FRANCE, Le Chardonnay est un cépage tout en finesse, au bouquet de fruits frais développés en notes intense. 'Au nez' : une belle senteur de fruits blancs et de fleur d'oranger. 'En bouche' : une sensation suave et onctueuse qui ne s'interdit pas la vivacitéet se prolonge joliment., 'Il fera merveille avec'... : du poisson grillé ou en sauce, des viandes blanches qu'il contraste de son parfum d'agrumes. A boire à 12°C.  Zéro alcool pendant la grossesse., Contient des sulfites.]|"
5,27€ / L"|"
3,95 €"
1624|Muscat Sec|La bouteille de 75cl|[Origine : FRANCE, Il fera merveille avec: en apéritif ou avec des plats asiatiques légèrement épicés., A déguster entre 8°C et 10°C.  Zéro alcool pendant la grossesse. 10cl = 1 unité d'alcool, 12,5%Vol. Contient des sulfites.]|"
5,27€ / L"|"
3,95 €"
1625|Sauvignon, vin de pays d'Oc, 12.5% vol.|La bouteille de 75cl|[Origine : FRANCE, Le Sauvignon est un cépage vif délicieusement acidulé et rafraîchissant. 'Au nez' : une senteur intense et de bourgeon de cassis. 'En bouche' : une belle rondeur et beaucoup de fraîcheur., 'Il fera merveille avec'... : des coquillages, des crustacés, du poisson ou encore du fromage de chèvre. A boire à 12°C.  Zéro alcool pendant la grossesse., Contient des sulfites.]|"
5,27€ / L"|"
3,95 €"
1626|Viognier, vin de pays d'Oc, 13% vol.|La bouteille de 75cl|[Origine : FRANCE, Le Viognier est un cépage généreux de sensualité, aux arômes délicats. 'Au nez' : une senteur enivrante d'abricot sec et de noisette. 'En bouche' : une sensation onctueuse et grasse de miel et de tilleul qui se finit avec une belle vivacité., 'Il fera merveille avec'  : des amuse-gueules feuilletés à l'apéritif. À boire à 12°C.  Zéro alcool pendant la grossesse., Contient des sulfites.]|"
5,27€ / L"|"
3,95 €"
1627|Cépage sauvignon, vin blanc de pays d'Oc, 12% vol.|La bouteille de 750ml|[Origine : FRANCE, La Grappe, petite et compacte parfois ailée, avec une saveur rappelant le muscat. La feuille, petite et orbiculaire, frisée et grossièrement bullée., Vin et mets : fruits de mer et poissons. Température de dégustation : 10°C.  Zéro alcool pendant la grossesse., Contient des Sulfites.]|"
4,25€ / L"|"
3,19 €"
1628|Chardonnay, vin blanc de pays des comtés rhodaniens|La bouteille de 75cl|[Origine : FRANCE, D'AUTHENTIQUES VINS DE TERROIR. Zone de production : rive droite de la Vallée du Rhône, sud du département de l'Ardèche. Cépage : 100% Chardonnay. Caractère : belle couleur, de la matière et du fruit qui devraient se développer en vieillissant, trèsagréable., Service : température 13°C, parfait en apéritif, ou avec une viande blanche, crustacés, poissons, Contient des sulfites.]|"
4,93€ / L"|"
3,70 €"
1629|Ugni-blanc colombard, vin blanc de pays des côtes de Gascogne|La bouteille de 75cl|[Origine : FRANCE, Magnifique intensité pour un vin sec et fruité, très ouvert sur da floraux, d'agrumes avec de belles nuances de fruits exotiques., Servir frais. A consommer à tout moment de la journée (très rafraîchissant) en apéritif, sur de la charcuterie, des poissons et des fruits de mer..., CONTIENT DES SULFITES.]|"
7,13€ / L"|"
5,35 €"
1630|Muscat sec, vin de pays d'Oc, 13% vol.|La bouteille de 75cl|[Origine : FRANCE, Zéro alcool pendant la grossesse., Contient des sulfites., Valeur énergétique en Joules :  0, Valeur énergétique en Kcal : 0, Glucides : 0, Lipides : 0, Protides :0]|"
5,60€ / L"|"
4,20 €"
1631|Vin sec de table d'Espagne, 11% vol.|La bouteille de 75cl|[Origine : FRANCE, Zéro alcool pendant la grossesse., Contient des sulfites.]|"
2,12€ / L"|"
1,59 €"
1632|Chardonnay vin blanc de pays d'Oc I.G.P|La bouteille de 75cl|[Origine : FRANCE, Vinification par pressurage direct, courte macération pelliculaire et élevage sur lies fines afin d'obtenir un vin généreux et aromatique. Belle robe jaune brillante. Arôme intense, fleur blanche, amande et fruit exotique. Fraiche, puissante et persistante. Issu de l'agriculture biologique., Apéritif, Poissons gras type saumon. A déguster entre 1                       0°c et 12°c., Contient des sulfites.]|"
5,32€ / L"|"
3,99 €"
1633|Chardonnay vin blanc de pays d'Oc I.G.P|La bouteille de 75cl|[Origine : FRANCE, Vinification par pressurage direct, courte macération pelliculaire et élevage sur lies fines afin d'obtenir un vin généreux et aromatique. Belle robe jaune brillante. Arôme intense, fleur blanche, amande et fruit exotique. Fraiche, puissante et persistante. Issu de l'agriculture biologique., Apéritif, Poissons gras type saumon. A déguster entre 1                       0°c et 12°c., Contient des sulfites.]|"
5,32€ / L"|"
3,99 €"
1634|Sauvignon, vin sec de pays d'Oc, 12% vol.|La bouteille de 75cl|[Origine : FRANCE, Sec et fruité en bouche., Zéro alcool pendant la grossesse., Contient des sulfites.]|"
4,13€ / L"|"
3,10 €"
1635|Florenbelle, vin blanc de pays des côtes de Gascogne|La bouteille de 75cl|[Origine : FRANCE, Robe cristalline, aux reflets émeraude. Bouquet élégant et subtil, rafraîchi par des notes de pamplemousse. Bouche douce et délicate, offrant une finale de fleurs blanches., Servir entre 8 et 10°C. Vin plaisir à l'apéritif, le compagnon idéal de vos huîtres, brochettes de crustacés et de vos salades.  Zéro alcool pendant la grossesse., Contains sulphites.]|"
4,80€ / L"|"
3,60 €"
1636|Bergerac blanc sec|La bouteille de 75cl|[Origine : FRANCE, Le Terroir: sol argilo calcaire. Le Vin: Attaque fraiche et friande avec au nez des parfums de fruits blancs et d'agrumes. Gras et long au palais soutenu par une belle fraîcheur il laisse une agréable sensation d'équilibre., Cépages: Sauvignon à 50%, Sémillon à 35%, Muscadelle à 15%. Contient des sulfites.]|"
6,67€ / L"|"
5,00 €"
1637|Entre deux mers, vin blanc|La bouteille de 75cl|[Origine : FRANCE, Il fera merveille avec : fruits de mer, poissons plats, volailles rôties. A déguster entre 8°C et 10°C., Contient des sulfites.]|"
5,40€ / L"|"
4,05 €"
1638|Jurançon, vin moelleux, 12.5% vol.|La bouteille de 75cl|[Origine : FRANCE, Il fera merveille avec : apéritif, hors-d'oeuvre, volailles, fromages forts. A déguster entre 8°C et 10°C.  Zéro alcool pendant la grossesse., Contient des sulfites.]|"
12,20€ / L"|"
9,15 €"
1639|Mouton Cadet, vin blanc de Bordeaux|La bouteille de 75cl|[Origine : FRANCE, Robe : jaune clair brillant. Nez : complexe offre un mÍlange d'ar«mes de buis, de fruits blancs (p²che) et d'agrumes (pamplemousse rose). Bouche : un vin harmonieux avec une attaque fraÓche et fruitÍe qui s'exprime sur des notes d'agrumes et de tilleul. Le milieu de bouche est ample avec une belle minÍralitÍ et un Íquilibre parfait entre rondeur et fraÓcheur.]|"
11,87€ / L"|"
8,90 €"
1640|Blanc moelleux, Les Hauts de Saint Rome|La bouteille de 75cl|[Origine : FRANCE, Les Hauts Saint-Rome s'étendent sur la partie sud du vignoble de Cabrières à une altitude moyenne de 90 mètres. Les sols sont composés essentiellement de schistes et de calcaires gréseux. L'exposition des  parcelles au sud contribue au mûrissement très précoce des raisins de Clairette. Cépage unique de l'appellation Clairette du Languedoc, la Clairette se révèle plus expressive quand elle est trop mûre. Issue des plus vieilles vignes, récoltés à la main, cette sélection séduira l'amateur par sonoriginalité . Elaborée selon les  méthodes anciennes, cette spécialité se distingue par son caractère moderne: belle teinte or aux reflets verts, arômes mêlés de pèche, de fleurs blanches, d'abricot et une bouche toute en rondeur où l'on retrouve des saveurs de fenouil et d'anis. Servir frais, les Hauts de Saint-Rome, s'expriment de manière idéale au moment de l'apéritif ou en accompagnement d'un foie gras, Zéro alcool pendant la grossesse, Valeur énergétique en Joules :  0, Valeur énergétique en Kcal : 0, Glucides : 0, Lipides : 0, Protides :0, Contient des sulfites]|"
5,20€ / L"|"
3,90 €"
1641|Coteaux du Languedoc|La bouteille de 75cl|[Origine : FRANCE, La cuvée réserve est composé de Bourboulenc (30%), Rolle (30%), Grenache blanc (25%) et Roussanne (15%). Vin généreux, il fait l'objet de tous les soins attentifs : rendements modérés, conduite raisonnée du vignoble, vinification traditionnelle avecfermentation et élevage de 8 mois en fûts neufs., Elégant, équilibré, avec des notes d'agrumes évoluant vers des touches miellées, ce vin est idéal sur les viandes blanches, poissons, fruits de mer, mais aussi en apéritif. Servir à 10-12°C., Contient des sulfites., Peut être conservé quelques années en cave.]|"
11,13€ / L"|"
8,35 €"
1642|Costières de Nîmes A.O.P|La bouteille de 75cl|[Origine : FRANCE]|"
7,47€ / L"|"
5,60 €"
1643|Graves, sélection les carmes, vin blanc, 12% vol.|La bouteille de 75cl|[Origine : FRANCE, Comme tous les Graves blancs de grande qualité notre Château Petit Mouta est un vin sec, de couleur paille clair, très fin et délicatement bouqueté. En bouche très corpulent, racé et nerveux sans verdure car sa vinification spéciale est particulièrement réussie. Au nez il est d'une grande distinction qui vous surprendra agréablement., A consommer frais mais non frappé sur plats de poissons, fruits de mer ou tout simplement très frais en apéritif.Nous vous conseillons de le boire jeune pour lui conserver sa vigueur mais il peut vieillir légèrement ce qui l'assouplira tout en lui conservant malgré tout son équilibre.  Zéro alcool pendant la grossesse., Contient  sulfites (SO2).]|"
6,20€ / L"|"
4,65 €"
1644|Vin blanc d'appellation ajaccio contrôlé|La bouteille de 75cl|[Origine : FRANCE]|"
12,87€ / L"|"
9,65 €"
1645|Sauvignon|La bouteille de 75cl|[Origine : FRANCE]|"
4,27€ / L"|"
3,20 €"
1646|Corbières 2006, vin blanc vinifié en barriques, 13,5% vol.|La bouteille de 750ml|[Origine : FRANCE, Le Domaine Georges Bertrand entre dans la famille des grands vins, qui se singularise par un respect, une tradition, une passion et un savoir-faire au service et au dévouement des amateurs de belles rencontres. TERRA VITIS. Observer, respecter pour produire. La démarche Terra Vitis garantit un mode de production de qualité respectant l'environnement. Ce vin est élaboré avec des raisins issus d'une exploitation qualifiée au titre de l'agriculture raisonnée et suivant la démarche Terra Vitis avecune traçabilité des pratiques culturales vértifiée par un organisme indépendant., Zéro alcool pendant la grossesse., Contient des sulfites.]|"
8,33€ / L"|"
6,25 €"
1647|Patrimonio blanc, appellation patrimonio contrôlé|La bouteille de 75cl|[Origine : FRANCE]|"
13,05€ / L"|"
9,79 €"
1648|Condrieu|La bouteille de 75cl|[Origine : FRANCE]|"
39,93€ / L"|"
29,95 €"
1649|Côtes du Rhône, vin blanc, 13% vol.|La bouteille de 75cl|[Origine : FRANCE, A la suite du fondateur Etienne Guigal, qui a vinifié 67 récoltes, Marcel et son fils Philippe, profondément attachés aux terroirs de leur région, mettent passion et rigueur au service des grands vins de la vallée du Rhône. La devise du château d'Ampuis 'nul bien sans peine' illustre la philosophie qualitative familiale qui exprime, pleinement et avec constance, l'excellence des appellations rhodaniennes., Zéro alcool pendant la grossesse., Contient des sulfites.]|"
11,93€ / L"|"
8,95 €"
1650|Picpoul de pinet, AOC|La bouteille de 75cl|[Origine : FRANCE, A quelques kilomètres de la mer méditerranée, bien exposé au soleil, le vignoble du Picpoul de Pinet allie la noblesse de son cépage Piquepoul et la tradition de sa culture., Le Picpoul de Pinet de l'Etang de Sol saura être le compagnon idéal des plats de poissons, crustacés et fruits de mer. Température de service : 6 à 8°C., A consommer dans les 2 ans suivant la récolte.]|"
5,67€ / L"|"
4,25 €"
1651|Vin blanc de Bordeaux, 11,5% vol.|La bouteille de 750ml|[Origine : FRANCE, Au Moyen Age, situé au coeur du Bordelais, s'est créé un centre viticole important sur les chemins de Saint-Jacques-de-Compostelle. Aujourd'hui, cette activité traditionnelle continue dans un centre de production à la pointe du progrès. Cépages : Sauvignon, Sémillon. Commentaires de dégustation : Robe jaune pâle aux reflets verts. Arômes intenses aux notes fleuries et d'agrumes. Frais en bouche, ce vin est plaisant par son équilibre finement acidulé. Notre oenologue vous garantit la qualité de ce vin., A consommer à l'apéritif, sur poissons grillés et crustacés, à 8/10°.  Zéro alcool pendant la grossesse., Contient des sulfites.]|"
5,40€ / L"|"
4,05 €"
1652|Ventoux A.O.P|Le magnum de 150cl|[Origine : FRANCE]|"
6,60€ / L"|"
9,90 €"
1653|Beaujolais blanc A.O.P|La bouteille de 75cl|[Origine : FRANCE]|"
7,73€ / L"|"
5,80 €"
1654|Muscat vin naturellement doux, vin de pays de l'île de beauté|La bouteille de 75cl|[Origine : FRANCE, Situé en bordure de lancienne cité romaine de Mariana (au Nord Est de lîle), se cultivait déjà ce cépage ancestrale, le « Moulin de Rasignani » est devenu aujourdhui une référence incontournable. Le Muscat , cest le vin de la Méditerranée, de lafête et du partage Mulinu di Rasignani renoue avec la tradition des grands Muscats « Impassitu », vendange tardive, Température de dégustation : 10°C. Zéro alcool pendant la grossesse.]|"
12,08€ / L"|"
9,06 €"
1655|Perlé, gaillac|La bouteille de 75cl|[Origine : FRANCE, Cépages : mauzac, l'en de l'el, sauvignon. Le blanc sec Perlé un vin unique, typique de l'appellation Gaillac. Caractères gustatifs : arômes de fleurs, de fruits à chair blanche et d'agrume. Attaque vive et équilibrée, perle fine en bouche., Servir à 8°C avec des produits de mer, du poisson grillé ou à l'apéritif.  Zéro alcool pendant la grossesse., Contient des sulfites.]|"
5,27€ / L"|"
3,95 €"
1656|Rully, grand vin de Bourgogne|La bouteille de 75cl|[Origine : FRANCE, Contient des sulfites.]|"
16,53€ / L"|"
12,40 €"
1657|Coteaux d'Aix en Provence, vin rosé, 12% vol.|La bouteille de 75cl|[Origine : FRANCE, Il fera merveille avec : coquillages, charcuterie, volailles, légumes, fromages forts. A déguster entre 8°C et 10°C.  Zéro alcool pendant la grossesse., Contient des sulfites.]|"
4,93€ / L"|"
3,70 €"
1658|Côtes de Provence, 12.5% vol.|La bouteille de 75cl|[Origine : FRANCE, Il fera merveille avec : coquillages, crustacés, poissons, volailles, légumes, fromages forts. A déguster entre 8°C et 10°C.  Zéro alcool pendant la grossesse., Contient des sulfites.]|"
6,65€ / L"|"
4,99 €"
1659|Côtes de Provence rosé|La bouteille de 75cl|[Origine : FRANCE]|"
4,73€ / L"|"
3,55 €"
1660|Côtes de Provence, vin rosé|La bouteille de 75cl|[Origine : FRANCE, Forte d'un savoir faire trentenaire, Billette vous propose une sélection soignée du meilleur de la tradition vinicole provençale., Servi frais (6-8°C) avec des poissons, fruits de mer, et spécialités méditerranéennes, ce vin ensoleillera vos repas entre amis., Contient des sulfites.]|"
5,53€ / L"|"
4,15 €"
1661|Bandol, AOC, 13,5%vol.|La bouteille de 75cl|[Origine : FRANCE]|"
9,20€ / L"|"
6,90 €"
1662|Vin d'appellation corse contrôlé rosé carte noire|La bouteille de 75cl|[Origine : FRANCE]|"
5,69€ / L"|"
4,27 €"
1663|Côtes de Provence|La bouteille de 75cl|[Origine : FRANCE]|"
7,73€ / L"|"
5,80 €"
1664|Vin rosé d'appellation ajaccio contrôlé|La bouteille de 75cl|[Origine : FRANCE]|"
12,87€ / L"|"
9,65 €"
1665|Vin de corse, appellation vin de corse contrôlé rosé|La bouteille de 75cl|[Origine : FRANCE]|"
11,16€ / L"|"
8,37 €"
1666|Vin pétillant de muscat rosé|La bouteille de 75cl|[Origine : FRANCE, La côte orientale de lile de beauté est propice à la culture du Muscat depuis la nuit des temps Pétillant de Muscat: Douces Bulles, Muscadellu faiblement alcoolisé, vous séduira par sa fraîcheur, sa couleur et ses arômes très nature, Température de dégustation : 10°C. Zéro alcool pendant la grossesse.]|"
12,35€ / L"|"
9,26 €"
1667|Vin rosé d'appellation corse contrôlé|La bouteille de 75cl|[Origine : FRANCE]|"
7,04€ / L"|"
5,28 €"
1668|Vin de pays de l'île de beaut{|La bouteille de 75cl|[Origine : FRANCE]|"
5,32€ / L"|"
3,99 €"
1669|Vin d'appellation ajaccio contrôlé rosé|La bouteille de 75cl|[Origine : FRANCE]|"
11,32€ / L"|"
8,49 €"
1670|Vin de pays de l'île de beauté rosé|La bouteille de 1l|[Origine : FRANCE]|"
3,73€ / L"|"
2,80 €"
1671|Cuvée alexandra, appellation corse figari contrôlé rosé|La bouteille de 75cl|[Origine : FRANCE]|"
13,39€ / L"|"
10,04 €"
1672|Vin de Provence, A.O.P Coteaux d'Aix en Provence|La bouteille de 75cl|[Origine : FRANCE]|"
6,00€ / L"|"
4,50 €"
1673|Corse Sarterne, vin rosé|La bouteille de 75cl|"[Origine : FRANCE, Un terroir de coteaux à dominante granitique, un large ensoleillement et une pluviométrie faible, un climat montagnard joint à l'influence maritime: le domaine Fiumiccicoli bénéficie de conditions exceptionnelles. Son rosé, essentiellement composé deSciaccarello -qui signifie ""craquant sous la dent""- offre toutes les senteurs de l'Ile de Beauté.]"|"
15,33€ / L"|"
11,50 €"
1674|Corse Sarterne, vin rosé|La bouteille de 75cl|"[Origine : FRANCE, Un terroir de coteaux à dominante granitique, un large ensoleillement et une pluviométrie faible, un climat montagnard joint à l'influence maritime: le domaine Fiumiccicoli bénéficie de conditions exceptionnelles. Son rosé, essentiellement composé deSciaccarello -qui signifie ""craquant sous la dent""- offre toutes les senteurs de l'Ile de Beauté.]"|"
15,33€ / L"|"
11,50 €"
1675|Appellation patrimonio contrôlé rosé|La bouteille de 75cl|[Origine : FRANCE]|"
10,83€ / L"|"
8,12 €"
1676|Patrimonio rosé, appellation patrimonio contrôlé|La bouteille de 75cl|[Origine : FRANCE]|"
10,25€ / L"|"
7,69 €"
1677|Patrimonio rosé, appellation patrimonio contrôlé|La bouteille de 75cl|[Origine : FRANCE]|"
13,05€ / L"|"
9,79 €"
1678|Vin de corse cuvée prestige rosé, appellation corse figari contrôlé|La bouteille de 75cl|[Origine : FRANCE]|"
10,12€ / L"|"
7,59 €"
1679|Vins corse rosé, appellation corse figari contrôlé|La bouteille de 75cl|[Origine : FRANCE]|"
7,72€ / L"|"
5,79 €"
1680|Côtes de Provence A.O.P, Cuvée Rosalie|La bouteille de 75cl|[Origine : FRANCE]|"
14,00€ / L"|"
10,50 €"
1681|Côtes de Provence A.O.P, Cuvée Rosalie|La bouteille de 75cl|[Origine : FRANCE]|"
14,00€ / L"|"
10,50 €"
1682|Corse, vin rosé, 12% vol.|La bouteille de 75cl|[Origine : FRANCE, Magnifique domaine situé sur le plateau de Pianiccia-Tallone, Sainte-Juliette bénéficie d'un micro climat exceptionnel donnant des vins de grande fraîcheur. Ce rosé charme à la bouche fruitée et vive est toute en harmonie., Il accompagnera tous vos instants festifs et vos apéritifs entre amis. Servir à 12°C.  La consommation de boissons alcoolisées pendant la grossesse, même en faible quantité, peut avoir des conséquences graves sur la santé de l'enfant., Contient des sulfites.]|"
6,53€ / L"|"
4,90 €"
1683|Côtes de Provence|La bouteille de 75cl|[Origine : FRANCE, Le Domaine Trémourède est lové au sein du massif des Maures à proximité de la Baie de Saint-Tropez. Les vins sont élaborés au coeur d'une très ancienne cave de pierre enterrée. Garantie de fraîcheur, modernisme et tradition., Zéro alcool pendant la grossesse]|"
6,60€ / L"|"
4,95 €"
1684|Vin d'appellation corse contrôlé rosé|Le bib de 3l|[Origine : FRANCE]|"
5,24€ / L"|"
15,71 €"
1685|Vin de pays de l'île de beauté rosé|La bouteille de 75cl|[Origine : FRANCE, Vin de pays de l'ile de beauté. C'est à Bravone, qu'Eric Poli cultive ses vignes, sous le soleil bienveillant du littoral oriental de l'ile de beauté., Température de dégustation : 10°C. Zéro alcool pendant la grossesse.]|"
6,73€ / L"|"
5,05 €"
1686|Côtes de provence|La bouteille de 75cl|[Origine : FRANCE, 60 %  GRENACHE - 40 % CINSAULT]|"
9,20€ / L"|"
6,90 €"
1687|Vin Rosé et Pêche Finement Pétillant, crée à Saint Tropez|La bouteille de 27,5cl|[Origine : FRANCE]|"
12,98€ / L"|"
3,57 €"
1688|Vin Rosé et Pêche Finement Pétillant, crée à Saint Tropez|La bouteille de 27,5cl|[Origine : FRANCE]|"
11,27€ / L"|"
3,10 €"
1689|Vin de pays de l'île de beauté rosé|La bouteille de 75cl|[Origine : FRANCE]|"
3,24€ / L"|"
2,43 €"
1690|Côtes de Provence|La bouteille de 75cl|[Origine : FRANCE]|"
6,65€ / L"|"
4,99 €"
1691|Côtes de Provence, vin rosé, 12.5% vol.|La bouteille de 75cl|[Origine : FRANCE, Partagez un moment de bonheur ensoleillé avec 'Le caprice de Clémentine'. Elaborés à base des cépages traditionnels de la Provence, Cinsault, Grenache, Syrah,.. nos vins ont l'accent du mistral tempérament du Sud. Fins, élégants, épicés, généreux, ils feront chanter la cigale qui est en vous., Zéro alcool pendant la grossesse., Contient des sulfites.]|"
11,28€ / L"|"
8,46 €"
1692|Vin de Pays des Alpes de Haute Provence rosé|La bouteille de 75cl|[Origine : FRANCE]|"
4,40€ / L"|"
3,30 €"
1693|Côteaux de Pierrevert|La bouteille de 75cl|[Origine : FRANCE, Le Terroir: Pierrevert, Alpes de Haute Provence. Fruit de l'interaction entre le sol, le climat et le travail des vignerons. Le Vin: Robe pétale de rose. Nez arômes dominants de bonbon anglais avec des notes de pain grillé. En bouche belle rondeur, vin gras mais équilibré avec une belle acidité. Les Accords: Grillades, viandes blanches et apéritif., Cépages: Grenache, Syrah et Cinssault.]|"
7,33€ / L"|"
5,50 €"
1694|Saint André de Figuiére, Côtes de Provence|La bouteille de 75cl|[Origine : FRANCE]|"
12,00€ / L"|"
18,00 €"
1695|Vin de pays de l'île de beauté rosé|La bouteille de 1l|[Origine : FRANCE, Vin estival par excellence. Déboucher et servir frais., Température de dégustation : 10°C. Zéro alcool pendant la grossesse., Rosé pâle, teinte abricot. Nez fin mais discret. Bouche flatteuse avec une attaque fraîche et nerveuse.]|"
2,87€ / L"|"
2,87 €"
1696|Vin d'appellation corse contrôlé rosé|La bouteille de 75cl|"[Origine : FRANCE, De la Casinca à Aléria, la vigne s'épanouit le long de la Costa Serena. De cette diversité est né un vin de caractère, ""Réserve du président"", devenu le préféré des insulaires, véritablement le choix des Corses., Température de dégustation : 10°C. Zéro alcool pendant la grossesse.]"|"
8,84€ / L"|"
6,63 €"
1697|Vin appellation corse contrôlé rosé|La bouteille de 37,5cl|"[Origine : FRANCE, De la Casinca à Aléria, la vigne s'épanouit le long de la Costa Serena. De cette diversité est né un vin de caractère, ""Réserve du président"", devenu le préféré des insulaires, véritablement le choix des Corses., A boire à 16°C. Zéro alcool pendant la grossesse.]"|"
7,73€ / L"|"
2,90 €"
1698|Vin d'appellation corse contrôlé rosé|La bouteille de 18,7cl|"[Origine : FRANCE, De la Casinca à Aléria, la vigne s'épanouit le long de la Costa Serena. De cette diversité est né un vin de caractère, ""Réserve du président"", devenu le préféré des insulaires, véritablement le choix des Corses., A boire à 16°C. Zéro alcool pendant la grossesse.]"|"
8,29€ / L"|"
1,55 €"
1699|Cépage cinsault, vin de pays d'Oc, 12,5% vol.|La bouteille de 75cl|[Origine : FRANCE, La Grappe, grande, compacte, baies ellipsoïdes. Peau ferme craquant sous la dent, apprécié à table sous le nom d' 'Oeillade'. La feuille, moyenne, orbiculaire, lobée, à sinus latéraux à fonds aigus., Vin et mets : salades, viandes grillées et pizzas. Température de dégustation : 10°C.  Zéro alcool pendant la grossesse., Contient des sulfites.]|"
4,20€ / L"|"
3,15 €"
1700|Grenache, vin de pays d'Oc, 13.5% vol.|La bouteille de 75cl|[Origine : FRANCE, le Grenache est un cépage rond et gras, qui possède une remarquable finesse aromatique. 'Au nez' : une senteur fruitée et épicée. 'En bouche' : une sensation ronde et harmonieuse, des tannins fondus se finissant par une belle note fruitée. 'il fera merveille avec'... : des charcuteries, volailles, viandes grillées et fromages. À boire à 16°C., 'Il fera merveille avec'... : des charcuteries, volailles, viandes grillées et fromages. À boire à 16°C.  Zéro alcool pendant la grossesse., Contient des sulfites.]|"
5,27€ / L"|"
3,95 €"
1701|Grenache, vin de pays d'Oc, 13% vol.|La bouteille de 75cl|[Origine : FRANCE, le Grenache rosé est un cépage frais, tendre aux parfums d'été. 'Au nez' : une senteur de fruits frais, de fraise, assis et de framboise. 'En bouche' : une sensation ronde et harmonieuse., 'Il fera merveille avec'... : des charcuteries, viandes grillées et spécialité étrangères (pizza, couscous, cuisine asiatique). À boire à 12°C.  Zéro alcool pendant la grossesse., Contient des sulfites.]|"
5,27€ / L"|"
3,95 €"
1702|Syrah, vin de pays d'Oc, 13% vol.|La bouteille de 75cl|[Origine : FRANCE, La Syrah rosé est un cépage plaisir à la fraîcheur parfumée et aux arômes capiteux. 'Au nez': une senteur intense de grenade et de pêche. 'En bouche': une sensation ronde, équilibrée et bien structurée, légèrement caramélisée., 'Il fera merveille avec'  : des charcuteries, viandes grillées et spécialités étrangères (paella, pizza, couscous, cuisine asiatique). A boire à 12°C.  Zéro alcool pendant la grossesse., Contient des sulfites.]|"
5,27€ / L"|"
3,95 €"
1703|Une note de Cinsault|La bouteille de 75cl|[Origine : FRANCE]|"
5,27€ / L"|"
3,95 €"
1704|Rosé Merlot|La bouteille de 75cl|[Origine : FRANCE]|"
4,67€ / L"|"
3,50 €"
1705|Vin de Pays d'OC rosé|La bouteille de 75cl|[Origine : FRANCE]|"
8,33€ / L"|"
6,25 €"
1706|Vin de Pays du Golfe du Lion IGP|La bouteille de 75cl|[Origine : FRANCE, L'abus d'alcool est dangereux pour la santé; A consommer avec modération]|"
4,67€ / L"|"
3,50 €"
1707|Vin rosé|La bouteille de 1,5L|[Origine : FRANCE]|"
2,13€ / L"|"
3,19 €"
1708|Syrah, Ardèche I.G.P.|La bouteille de 75cl|[Origine : FRANCE]|"
3,93€ / L"|"
2,95 €"
1709|Cinsault-nielluciu, vin de pays de l'Ile de Beauté, 12% vol.|La bouteille de 75cl|[Origine : FRANCE, Marestagno est un terroir particulier situé sur les coteaux réputés et baignés de soleil de la Costa Serena. Mariage harmonieux des cépages Cinsault et Nielluccui, cette cuvée vous séduira par sa fraîcheur, son fruité intense et ses arômes subtils., La consommation de boissons alcoolisées pendant la grossesse, même en faible quantité, peut avoir des conséquences graves sur la santé de l'enfant., Contient des sulfites., Dégusté frais, il sera le compagnon idéal de vos repas et enchantera vos apéritifs.]|"
4,13€ / L"|"
3,10 €"
1710|Grain de muscat rose vin de france|La bouteille de 75cl|[Origine : FRANCE]|"
5,60€ / L"|"
4,20 €"
1711|I.G.P. du Pays d'OC, Grenache|La bouteille de 75cl|[Origine : FRANCE]|"
7,87€ / L"|"
5,90 €"
1712|Syrah rosé, vin de pays d'Oc, 12,5% vol.|La bouteille de 75cl|[Origine : FRANCE, Rosé de saignée, vinification à basse température afin de préserver tous les arômes du fruit. Robe rosée soutenue. Arôme intense, nuance de framboise  et de cassis. Souple, charnue, fraîche, acidulée, persistante. Entrées, viandes blanches et grillades., A consommer de préférence entre 13-15°C.  Zéro alcool pendant la grossesse, Valeur énergétique en Joules :  0, Valeur énergétique en Kcal : 0, Glucides : 0, Lipides : 0, Protides :0, Contient des sulfites]|"
5,32€ / L"|"
3,99 €"
1713|Syrah rosé, vin de pays d'Oc, 12,5% vol.|La bouteille de 75cl|[Origine : FRANCE, Rosé de saignée, vinification à basse température afin de préserver tous les arômes du fruit. Robe rosée soutenue. Arôme intense, nuance de framboise  et de cassis. Souple, charnue, fraîche, acidulée, persistante. Entrées, viandes blanches et grillades., A consommer de préférence entre 13-15°C.  Zéro alcool pendant la grossesse, Valeur énergétique en Joules :  0, Valeur énergétique en Kcal : 0, Glucides : 0, Lipides : 0, Protides :0, Contient des sulfites]|"
5,32€ / L"|"
3,99 €"
1714|Cinsault, vin rosé de pays d'Oc, cuvée spéciale, 12% vol.|La bouteille de 75cl|[Origine : FRANCE, Contient des sulfites.]|"
4,27€ / L"|"
3,20 €"
1715|Rosé aromatisé pamplemousse|La bouteille de 75cl|[Origine : FRANCE]|"
4,67€ / L"|"
3,50 €"
1716|Cabernet d'Anjou|La bouteille de 75cl|[Origine : FRANCE, Il fera merveille avec : apéritif, hors d'oeuvre, tartes salées, charcuterie, volailles, légumes, pizzas. A déguster entre 8°C et 10°C., Contient des sulfites.]|"
5,32€ / L"|"
3,99 €"
1717|Clairet, A.O.C, élu par le jury Gourmet|La bouteille de 75cl|[Origine : FRANCE, Le Terroir: sol argilo calcaire.                                          Depuis quatre générations mafamille exploite le château Saint e Marie en plein coeur de l'Entre deux Mers, il fut bâti et géré par les moines de l'abbaye cistercienne de La Sauve majeure au XIVème siècle. Le Vin: Il est craquant, riche, frais, une couleur qui évoque la bonne humeur. On appreciela rondeur du merlot et la finesse du cabernet., Contient des sulfites. L'assemblage du Clairet est composé de Merlot 50%, Cabernet Franc 40% et Cabernet Sauvignon 10%. Elevé sur lies totales pendant 6 mois., A consommer entre 12° et 14°C.]|"
7,73€ / L"|"
5,80 €"
1718|Languedoc, appelation d'origine contrôlée|La bouteille de 75cl|[Origine : FRANCE, Il fera merveille avec: hors d'oeuvre, tartes salées, charcuterie, pizzas., A déguster entre 8°C et 10°C.  Zéro alcool pendant la grossesse. 10cl = 1 unité d'alcool, 12%Vol. Contient des sulfites.]|"
4,39€ / L"|"
3,29 €"
1719|Tavel rosé|La bouteille de 75cl|[Origine : FRANCE, Le Terroir: Vallée du Rhône, Coteaux sablonneux et argileux. Le Vin: Robe rubis. Nez complexe et puissant, avec des notes de fruits rouges (fraise, framboise). Bouche pleine et charnue, avec une belle minéralité, mêlée d'arômes de fruits rouges. Le vin offre un bel équilibre, mêlant complexité et fraîcheur., Cépages: Bourboulenc 6%, Clairette 9%, Grenache noir 52%, Syrah 12%, Mouvèdre 11%, Cinsault 8%, Picpoul 2%. Contient des sulfites.]|"
13,27€ / L"|"
9,95 €"
1720|Saint-Pourçain|La bouteille de 75cl|[Origine : FRANCE]|"
5,53€ / L"|"
4,15 €"
1721|Tavel, vin rosé, 13.5% vol.|La bouteille de 75cl|[Origine : FRANCE, Belle robe d'un rose profond presque rubis. Bouquet intense de fleurs et fraises des bois. Puissant et corsé en bouche sous une chair de velours., Charcuterie, eau, volaille et cuisine exotique. 10-12°C.  Zéro alcool pendant la grossesse., Contient des sulfites.]|"
9,60€ / L"|"
7,20 €"
1722|Mouton Cadet, vin rosé|La bouteille de 75cl|[Origine : FRANCE, Robe : rose groseille brillant. Nez : un nez complexe aux notes subtiles d'aubÍpine, s'ouvrant sur des notes de drutis rouges (fraises, framboises). Bouche : l'attaque est charnue, marquÍe par la fraÓcheur des fruits rouges. Ce vin, souple surprend par sa densitÍ et sa fraÓcheur.]|"
11,87€ / L"|"
8,90 €"
1723|Bordeaux rosé, vin rosé, 12% vol.|La bouteille de 75cl|[Origine : FRANCE, Cellier Yvecourt Bordeaux rosé revêt une belle robe brillante aux reflets framboise., Sa richesse aromatique aux notes de fruits rouges et sa grande fraîcheur accompagneront parfaitement vos grillades, salades et tous vos apéritifs ensoleillés.  Zéro alcool pendant la grossesse., Contient sulfites.]|"
6,87€ / L"|"
5,15 €"
1724|Costière de Nîmes|La bouteille de 75cl|[Origine : FRANCE]|"
11,47€ / L"|"
8,60 €"
1725|Costière de Nîmes|La bouteille de 75cl|[Origine : FRANCE]|"
11,47€ / L"|"
8,60 €"
1726|Côteaux du Languedoc rosé|La bouteille de 75cl|[Origine : FRANCE]|"
8,67€ / L"|"
6,50 €"
1727|Costières de Nîmes A.O.C., vin gourmand|La bouteille de 75cl|[Origine : FRANCE]|"
4,93€ / L"|"
3,70 €"
1729|Corbières|La bouteille de 75cl|[Origine : FRANCE, Cépages : Syrah - Grenache - Cinsault, Stockage recommandé entre 5 et 25  C Servir à 10]|"
8,33€ / L"|"
6,25 €"
1730|Côtes du Rhone|La bouteille de 75cl|[Origine : FRANCE]|"
11,53€ / L"|"
8,65 €"
1731|Cabrières, coteaux du Languedoc, vin rosé, 12.5% vol.|La bouteille de 75cl|[Origine : FRANCE, La vinification rigoureuse des cépages Cinsault Grenache et Carignan a donné naissance dès le XIIIe siècle au 'Vin Vermeil'. D'après les vieux registres municipaux de Montpellier, il fut servi à chaque banquet officiel dès 1357. Le prieur de Cabrières en fit la base d'un tonique infaillible dont la réputation le fit appeler à Versailles. Louis XIV, dépositaire de son secret, confectionnait lui-même cet élixir très apprécié à la Cour., Servir très frais.  Zéro alcool pendant la grossesse., Contient des sulfites.]|"
4,40€ / L"|"
3,30 €"
1732|Côtes du Ventoux|La bouteille de 75cl|[Origine : FRANCE]|"
5,07€ / L"|"
3,80 €"
1733|Grain de muscat rose vin de france|La bouteille de 75cl|[Origine : FRANCE]|"
5,60€ / L"|"
4,20 €"
1734|Buzet, vin rosé, 12,5% vol.|La bouteille de 75cl|[Origine : FRANCE, Situé au coeur de la Gascogne, le terroir de Buzet donne un vin rosé, tendre et fruité, d'une belle couleur groseille., Tout en finesse et fraîcheur, il accompagnera à souhait l'ensemble d'un repas. Servir frais.  Zéro alcool pendant la grossesse., Contient des sulfites.]|"
6,65€ / L"|"
4,99 €"
1735|Languedoc Roussillon|La bouteille de 75cl|[Origine : FRANCE, Grenache noir, Carignan, Syrah]|"
11,07€ / L"|"
8,30 €"
1736|Touraine rosé A.O.C.|La bouteille de 75cl|[Origine : FRANCE]|"
5,40€ / L"|"
4,05 €"
1737|Cabernet d'Anjou A.O.C.|La bouteille de 75cl|[Origine : FRANCE]|"
6,65€ / L"|"
4,99 €"
1738|Vin du Portugal, Vinho Regional Alentejano|La bouteille de 75cl|[Origine : FRANCE]|"
5,43€ / L"|"
4,07 €"
1739|Montepulciano d'Abruzzo|La bouteille de 75cl|[Origine : ITALIE]|"
5,77€ / L"|"
4,33 €"
1740|Valopolicella|La bouteille de 75cl|[Origine : FRANCE]|"
6,85€ / L"|"
5,14 €"
1741|Vin chilien|La bouteille de 75cl|[Origine : FRANCE]|"
10,97€ / L"|"
8,23 €"
1742|Vin du Liban, vall{e de la Bekaa|La bouteille de 75cl|[Origine : LIBAN]|"
10,97€ / L"|"
8,23 €"
1743|Vin rouge d'Espagne, 12,5% vol.|La bouteille de 75cl|[Origine : FRANCE, Ce vin au joli bouquet est particulièrement souple et soyeux en bouche. D'un bel équilibre il accompagnera les plats les plus variés : entrées froides, charcuteries, viandes blanches, grillades, fromages., Servir entre 16°-17° C., CONTIENT DES SULFITES.]|"
3,16€ / L"|"
2,37 €"
1744|Chianti, vin rouge, 12,5% vol.|La bouteille de 75cl|[Origine : FRANCE, Les raisins - 90% Sangiovese et 10% Canaiolo - sont issus du Domaine. 'Il Palagio' près de Castel San Giminiano en Toscane. Situées à 350 m d'altitude, ces vignes de coteaux bénéficient d'une conditions idéales. Un séjour de 6 mois en fûts lui confère un équilibre somptueux entre fruits des bois, violette et tannins légers., A servir entre 16 18°.  La consommation de boissons alcoolisées pendant la grossesse, même en faible quantité, peut avoir des conséquences graves sur la santé de l'enfant., CONTIENT DES SULFITES.]|"
9,60€ / L"|"
7,20 €"
1745|Chianti Rufina|La bouteille de 75cl|[Origine : FRANCE]|"
13,45€ / L"|"
10,09 €"
1746|Chianti Rufina|La bouteille de 75cl|[Origine : FRANCE]|"
13,45€ / L"|"
10,09 €"
1747|Zinfandel, vin rouge de Californie, 13.5% vol.|La bouteille de 750ml|[Origine : FRANCE, Découvrez le savoir-faire et la passion de plusieurs générations de la famille Gallo pour le vin, à travers ce Zinfandel. Bien équilibré, aux arômes de myrtilles et de cerises noires accompagné d'une pointe de réglisse, ce vin a un final velouté., A boire, par exemple, sur des viandes grillées, du rôti de porc ou des pâtes aux sauces relevées.  Zéro alcool pendant la grossesse., Contient sulfites.]|"
8,09€ / L"|"
6,07 €"
1748|Vin du Maroc, 12,5%vol.|La bouteille de 75cl|[Origine : FRANCE]|"
4,25€ / L"|"
3,19 €"
1749|Vin d'Australie|La bouteille de 1,5L|[Origine : FRANCE]|"
9,48€ / L"|"
7,11 €"
1750|Afrique du Sud, pinotage, 14,5%vol.|La bouteille de 75cl|[Origine : FRANCE]|"
6,80€ / L"|"
5,10 €"
1751|Chili, cabernet sauvignon, vin rouge, 13% vol.|La bouteille de 75cl|[Origine : FRANCE, Ce vin a été produit dans la Valle central, au coeur du Chili. Le vignoble, protégé à l'est par la Cordillère des Andes et à l'ouest par la Cordillère de la Costa, bénéficie d'un climat de type méditerranéen. Ce Cabernet Sauvignon développe souplesseet rondeur, il vous étonnera avec ses notes de poivre et de petits fruits rouges., Servi chambré (16-18°C), il sera le parfait compagnon de vos volailles, viandes blanches et fromages.  Zéro alcool pendant la grossesse., Contient des Suffîtes.]|"
6,80€ / L"|"
5,10 €"
1752|Carmener|La bouteille de 75cl|[Origine : FRANCE]|"
8,67€ / L"|"
6,50 €"
1753|Rioja, vin rouge espagnol, 13,5 vol.|La bouteille de 75cl|[Origine : FRANCE, Marqués de Caceres CRIANZA est issu principalement du cépage Tempranillo. Elevé en barriques de chêne français et américain, puis raffiné en bouteille. Vive couleur rubis, intenses arôme de fruits rouges, bouche gourmande aux tannins moelleux., Servi à 16-18°C, accompagne à merveille toute la cuisine méditerranéenne.]|"
10,92€ / L"|"
8,19 €"
1754|Vin arômatisé d'Espagne|La bouteille de 1,5L|[Origine : FRANCE]|"
1,51€ / L"|"
2,27 €"
1755|Sangre de toro vin rouge|La bouteille de 75cl|"[Origine : ESPAGNE, Dès 1954, mon père (Miguel Torres) se lance sur les chemins sinueux de montagne à la recherche des meilleurs raisins rouges de la région, Garnacha et Cariñena, dans le but d'élaborer un vin différent qui reflète l'authenticité du terroir. C'est ainsique naît le  "" Sangre de Toro "", dont le nom s'inspire de Bacchus, dieu romain du vin, autrefois appelé "" le fils du Taureau "". Aujourd'hui, le "" Sangre de Toro "" est toujours élaboré dans les chais de la famille et reçoit tout le soin et l'attention qui ont fait le renom de ce grand vin., Gastronomie/Service: Parfait avec les daubes, le gibier, les paellas de viande et la cuisine montagnarde la plus traditionnelle. Servir à 18°c., Contient des sulfites.]"|"
9,55€ / L"|"
7,16 €"
1756|Zinfandel|La bouteille de 75cl|[Origine : FRANCE]|"
13,67€ / L"|"
10,25 €"
1757|Vin du Portugal, Vinho Verde|La bouteille de 75cl|[Origine : FRANCE]|"
6,31€ / L"|"
4,73 €"
1758|Chardonnay California|La bouteille de 75cl|[Origine : FRANCE]|"
8,09€ / L"|"
6,07 €"
1759|Vin Grec|La bouteille de 75cl|[Origine : FRANCE]|"
4,67€ / L"|"
3,50 €"
1760|Vin Gris du Maroc|La bouteille de 75cl|[Origine : FRANCE]|"
4,81€ / L"|"
3,61 €"
1761|Grenache rosé California|La bouteille de 75cl|[Origine : FRANCE]|"
8,09€ / L"|"
6,07 €"
1762|Gris de gris, vin rosé du Maroc, vendange à la main, 13% vol.|La bouteille de 75cl|[Origine : FRANCE, ES SAADI est situé sur un terroir argilo-calcaire et l'aire appellation à d'origine garantie Guerrouane la plus prestigieuse au Maroc. Les vendanges sont faites manuellement afin d apporter les plus grands soins à leur vinification., Zéro alcool pendant la grossesse., Contient des sulfites [SO2].]|"
4,40€ / L"|"
3,30 €"
1763|Rioja, vin rouge espagnol, 13,5 vol.|La bouteille de 75cl|[Origine : FRANCE, Marqués de Caceres ROSADO est un vin rosé sec issu des cépages Tempranillo et Grenache. C'est un vin frais et fruité qui présente une couleur très attractive, d'arômes intenses de fruits rouges avec quelques notes épicées et une bouche ronde et savoureuse., Servi à 8-10°C et à consommer dans sa prime jeunesse, il rafraîchira les papilles gustatives à l'apéritif et accompagnera à merveille les charcuteries, hors d'oeuvre, pâtes, paella, poissons et viandes blanches.]|"
7,53€ / L"|"
5,65 €"
1764|Sauternes, AOC, 13,5% vol.|La bouteille de 37,5cl|[Origine : FRANCE, Contient des sulfites., Il fera merveille avec : apéritif, volailles, fromages forts, desserts chocolatés. A déguster entre 8°C et 10°C.]|"
18,40€ / L"|"
6,90 €"
1765|Grenache, vin rosé de pays d'Oc, 12.5% vol.|La bouteille de 37,5cl|[Origine : FRANCE, Le Grenache rosé est un cépage frais, tendre aux parfums d'été. 'Au nez' : une senteur de fruits frais, de fraise, de cassis et de framboise. 'En bouche' : une sensation ronde et harmonieuse., 'Il fera merveille avec'... : des charcuteries, viandes grillées et spécialités étrangères (paella, pizza, couscous, cuisine asiatique). À boire à 12°C., Contient des sulfites.]|"
6,40€ / L"|"
2,40 €"
1766|Grenache, vin rosé de pays d'Oc, 13,5%|La bouteille de 187ml|[Origine : FRANCE, Le Grenache rosé est un cépage frais, tendre aux parfums d'été. 'Au nez' : une senteur de fruits frais, de fraise, de cassis et de framboise. 'En bouche' : une sensation ronde et harmonieuse., 'Il fera merveille avec'... : des charcuteries, viandes grillées et spécialités étrangères (paella, pizza, couscous, cuisine asiatique). À boire à 12°C.  Zéro alcool pendant la grossesse., Contient des sulfites.]|"
8,02€ / L"|"
1,50 €"
1767|Merlot, 13% vol.|Les 4 bouteilles de 18,7cl|[Origine : FRANCE, le Merlot est un cépage gouleyant et plaisant qui laisse une impression de rondeur et de soyeux. 'au nez': des notes fruitées, de cerise et de fraise des bois, associées à une gamme complexe de sous-bois et d'épices douces. 'en bouche': une attaque souple et aromatique, en harmonie avec ses senteurs., 'il fera à merveille avec'... : des viandes rouges grillées et des fromages à pâtes molles. A boire à 16°C.  Zéro alcool pendant la grossesse.]|"
6,14€ / L"|"
4,59 €"
1768|Merlot, vin rouge de pays d'Oc, 13.5% vol.|La bouteille de 37,5cl|[Origine : FRANCE, Le Merlot est un cépage gouleyant et plaisant qui laisse une impression de rondeur et de soyeux. 'Au nez' : des notes fruitées, de cerise et de fraise des bois, associées à une gamme complexe de sous-bois et d'épices douces. 'En bouche' : une attaquesouple et aromatique, en harmonie avec ses senteurs., 'Il fera merveille avec'... : des viandes rouges grillées et des fromages à pâtes molles. À boire à 16°C., Contient des sulfites.]|"
6,53€ / L"|"
2,45 €"
1769|Merlot, vin rouge de pays d'Oc, 13%|La bouteille de 187ml|[Origine : FRANCE, Le Merlot est un cépage gouleyant et plaisant qui laisse une impression de rondeur et de soyeux. 'au nez' : des notes fruitées, de cerise et de fraise des bois, associées à une gamme complexe de sous-bois et d'épices douces. 'En bouche' : une attaquesouple et aromatique, en harmonie avec ses senteurs., 'Il fera merveille avec'... : des viandes rouges grillées et des fromages à pâtes molles. À boire à 16°C.  Zéro alcool pendant la grossesse., Contient des sulfites.]|"
8,18€ / L"|"
1,53 €"
1770|Beaulon Pineau|La bouteille de 37,5cl|[Origine : FRANCE]|"
36,91€ / L"|"
13,84 €"
1771|Chardonnay, vin blanc de pays d'Oc, 13.5% vol.|La bouteille de 37,5cl|[Origine : FRANCE, le Chardonnay est un cépage tout en finesse au bouquet de fruits frais développés en notes intenses. 'Au nez' : une belle senteur de fruits blancs et de fleur d'oranger. 'En bouche' : une sensation suave et onctueuse qui ne s'interdit pas la vivacitéet se prolonge joliment., 'Il fera merveille avec'...: du poisson grillé ou en sauce, des viandes blanches qu'il contraste de son parfum d'agrumes. A boire à 12°C.  Zéro alcool pendant la grossesse., Contient des sulfites.]|"
6,40€ / L"|"
2,40 €"
1772|Chardonnay, vin blanc de pays d'Oc, 13%|La bouteille de 187ml|[Origine : FRANCE, Le Chardonnay est un cépage tout en finesse, au bouquet de fruits frais développés en notes intenses. 'au nez' : une belle senteur de fruits blancs et de fleur d'oranger. 'En bouche' : une sensation suave et onctueuse qui ne s'interdit pas la vivacité et se prolonge joliment., 'Il fera merveille avec'... : du poisson grillé ou en sauce, des viandes blanches qu'il contraste de son parfum d'agrumes. À boire à 12°C.  Zéro alcool pendant la grossesse., Contient des sulfites.]|"
8,18€ / L"|"
1,53 €"
1773|Chardonnay blanc, 13% vol.|Les 4 bouteilles de 187ml|[Origine : FRANCE, le Chardonnay est un cépage tout en finesse, au bouquet de fruits frais développés en notes intenses. 'au nez': une belle senteur de fruits blancs et de fleur d'oranger. 'en bouche': une sensation suave et onctueuse qui ne s'interdit pas la vivacitéet se prolonge joliment., 'il fera merveille avec'... : du poisson grillé ou en sauce, des viandes blanches qu'il contraste de son parfum d'agrumes. À boire à 12°C.  Zéro alcool pendant la grossesse., Contient des sulfites.]|"
6,14€ / L"|"
4,59 €"
1774|Côtes du Lubéron A.O.C.|La bouteille de 18,7cl|[Origine : FRANCE, Contient des sulfites]|"
7,49€ / L"|"
1,40 €"
1775|Cabernet D'Anjou, AOC.|La boite de 3L, 11%vol|[Origine : FRANCE, Ce rosé est un vin tendre, délicat et très rafraîchissant., Servir entre 8°C et 10°C. Pour ouvrir mettre la partie perforée ronde en haut. Appuyer et relever le rond. Sortir le robinet et le coincer avec le carton. Arracher l'opercule d'inviolabilité en tirant sur la languette. Pour faire couler le vin, actionner le robinet., Contient des sulfites.]|"
4,32€ / L"|"
12,95 €"
1776|Côtes du Luberon, vin rosé, 13% vol.|La boîte de 3L|[Origine : FRANCE, Le Côtes du Luberon est né du soleil et de l'amour des hommes pour une terre. Produit sur des parcelles sélectionnées, en rendement limité, il est issu des cépages traditionnels de la vallée du Rhône : Grenache, Syrah, Carignan, Cinsault., Enfoncer l'onglet. Soulever la prédécoupe. Détacher l'opercule circulaire. Dégager le robinet. Le caler en rabattant la prédécoupe. Arracher la collerette d'inviolabilité en tirant sur la languette. Pour faire couler le vin, tirer les deux ailettes vers le haut. Son goût léger et fruité en font un vin à boire jeune. D'une belle couleur cerise, le Côtes du Luberon Rosé accompagne les hors d'oeuvre et charcuteries. Il doit être servi très frais (7-8°) mais non glacé. Bon Côtes du Luberon !  Zéro alcool pendant la grossesse., CONTIENT DES SULFITES.]|"
3,00€ / L"|"
8,99 €"
1777|Vin de pays de l'île de beauté rosé|Le bib de 5l|[Origine : FRANCE, Rosé pâle nuance tuilée. Nez fin mais discret. Bouche harmonieuse, bon équilibre Acide/Alcool., Température de dégustation : 10°C. Zéro alcool pendant la grossesse.]|"
2,48€ / L"|"
12,39 €"
1778|Vin des sables, grain de gris, vin rosé|La boîte de 3L|[Origine : FRANCE, Listel est propriétaire-récoltant de 1370 hectares de vignes en Petite Camargue, au coeur de son terroir des Vins de Pays des Sables du Golfe du Lion. Situé tout au bord de la Mer Méditerranée, le vignoble Listel bénéficie d'un terroir unique : un sol léger composé de sables éoliens et marins et un climat tempéré., De cette association et des soins prodigués par les maîtres de chais naît Listel Gris : vin fruité, souple et tendre qui mérite d'être servi frais (8 à 10°C) dans sa jeunesse., Contient des sulfites., Consommation jusqu'à 6 semaines après ouverture.]|"
4,97€ / L"|"
14,90 €"
1779|Sei monti rosé, indication géographique protégée de l'île de beauté|Le bib de 5l|[Origine : FRANCE]|"
3,47€ / L"|"
17,37 €"
1780|Vin de pays de l'île de beauté rosé|Le bib de 5l|[Origine : FRANCE]|"
2,01€ / L"|"
10,04 €"
1781|Vin de Corse rosé|La fontaine de 3L|[Origine : FRANCE]|"
4,63€ / L"|"
13,90 €"
1782|Bordeaux, AOC, 12,5% vol.|La boîte de 3L|[Origine : FRANCE, 6 cépages peuvent entrer dans la composition du Bordeaux AOC.Outre les 2 principaux que sont le Merlot, apportant rondeur et fruité, et le Cabernet sauvignon pour les tanins et la couleur, le Cabernet Franc pour sa finesse, le Malbec pour son côté fruité acidulé, le petit Verdot pour ses notes de violette et de Carmenère pour ses notes épicées, sont des compléments intéressants qui font du Bordeaux un vin d'une grande complexité et d'un équilibre qui reste la référence., A déguster entre 16°C et 18°C., Contient des sulfites.]|"
4,47€ / L"|"
13,40 €"
1783|Côtes du Rhône, AOC, 13,5% vol.|La boîte de 3L|[Origine : FRANCE, L'AOC Côtes du Rhône s'étend de Vienne au Nord à Avignon au sud et s'étend de part et d'autres du Rhône.Pour les vins rouges les principaux cépages sont le grenache qui apporte fruité et rondeur, la syrah et le mourvèdre pour leurs arômes épicés et leur couleur intense., A déguster entre 14°C et 16°C., Contient des sulfites.]|"
3,93€ / L"|"
11,80 €"
1784|Languedoc, 12,5% vol., AOC|La boîte de 3L|[Origine : FRANCE, Mon aire d'appellation s'étend des frontières espagnoles aux portes de Nîmes et les cépages qui entrent dans la composition de ce vin rouge sont : le Grenache, le Carignan, la Syrah, le Mourvèdre ou encore le Cinsault. Les vins de l'appellation Languedoc sont caractérisés par leur gourmandise et les notes épicées, propres à ces terroirs méditerranéens., Contient des sulfites., Servi à 14-16°C, ce Languedoc accompagnera à merveille vos grillades, viandes rouges et fromages.]|"
2,78€ / L"|"
8,35 €"
1785|Merlot, vin rouge, 13,5% vol.|La boîte de 3L|[Origine : FRANCE, 'Découvrez son caractère' : le Merlot est un cépage gouleyant et plaisant qui laisse une impression de rondeur et de soyeux. 'au nez' : des notes fruitées, de cerise et de fraise des bois, associées à une gamme complexe de sous-bois et d'épices douces, 'en bouche': une attaque souple et aromatique, en harmonie avec ses senteurs., 1/ Appuyer et relever le rond. 2/ Sortir le robinet et le coincer avec le carton. 3/ Arracher la collerette d'inviolabilité en tirant sur la languette. 4/ Pour faire couler le vin, tirer les 2 ailettes vers le haut. 'Il fera merveille avec'... des viandes rouges grillées et des fromages à pâtes molles. A boire à 16°C., Contient des sulfites.]|"
4,17€ / L"|"
12,50 €"
1786|Cabernet Sauvignon rouge|La fontaine de 5L|[Origine : FRANCE]|"
2,03€ / L"|"
10,15 €"
1787|Côtes du Luberon, vin rouge, 12,5% vol.|La boîte de 3L|[Origine : FRANCE, Le Côtes du Luberon est né du soleil et de l'amour des hommes pour une terre. Produit sur des parcelles sélectionnées, en rendement limité, il est issu des cépages traditionnels de la vallée du Rhône : Grenache, Syrah, Carignan, Cinsault., Enfoncer l'onglet. Soulever la prédécoupe. Détacher l'opercule Dégager le robinet. Le caler en rabattant la prédécoupe. Arracher la collerette d'inviolabilité en tirant sur la languette. Pour faire couler le vin, tirer les deux ailettes vers le haut.Son goût léger et fruité en font un vin à boire jeune. Sa robe vive sied merveilleusement à une table où vous aurez servi viande rouge, viande blanche ou fromage. Le Côtes du Luberon s'apprécie chambré entre 16 et 18 degrés. L'été il peut être serviplus frais (entre 12 et 14°). Bon Côtes du Luberon !  Zéro alcool pendant la grossesse., Contient des sulfites.]|"
3,00€ / L"|"
8,99 €"
1788|Bordeaux, vin rouge élevé en fûts de chêne|La fontaine de 3L|[Origine : FRANCE, BARON DE LESTAC est élevé dans la plus pure tradition des grands vins de Bordeaux. En provenance directe du chai BARON DE LESTAC, ce vin garde intacts ses arômes boisés dans son conditionnement à l'abri de l'air et de la lumière., Enlever le cercle prédécoupé en appuyant et soulever le rabat. Sortir le robinet et le placer sous le rabat.  Zéro alcool pendant la grossesse., Contient des sulfites., Qualité préservée : 4 semaines après ouverture.]|"
5,40€ / L"|"
16,20 €"
1789|Vin rouge, 13% vol.|La fontaine de 3L|[Origine : FRANCE, La situation du terroir de Buzet en pleine Gascogne et son micro-climat dû à la proximité de la forêt landaise, offrent à ce vin une expression aromatique intense et délicate. Ses saveurs fruitées, rondes et savoureuses en font le partenaire idéal detous vos repas., Enfoncer l'onglet .Soulever la prédécoupe. Détacher l'opercule circulaire. Dégager le robinet. Le caler en rabattant la prédécoupe. Arracher la collerette d'Inviolabilité en tirant sur la languette. Pour faire couler le vin, relever l'emballage et appuyer sur le robinet.  Zéro alcool pendant la grossesse., CEPAGES: Cabernet franc, Cabernet sauvignon, Merlot., CONSERVATION: Après ouverture, ce vin conservera sa fraîcheur pendant 8 semaines.]|"
4,66€ / L"|"
13,99 €"
1790|Vin de pays de l'île de beauté rouge|Le bib de 5l|[Origine : FRANCE, Robe rouge soutenue .Le nez dégage des notes aromatiques boisées. Attaque en bouche concentrée, complexe et de bonne longueur. Vin de garde., A boire à 16°C. Zéro alcool pendant la grossesse.]|"
2,48€ / L"|"
12,39 €"
1791|Corbières, vin rouge, 12,5% vol.|La boîte de 3L|[Origine : FRANCE, Situé dans le célèbre vignoble des Corbières entre les Pyrénées et la Montagne Noire, ce vin est élaboré à partir des cépages traditionnels du terroir. D'un rouge profond, c'est un vin d'une grande finesse aromatique, très agréable en bouche. Servirà 16°C environ en accompagnement de charcuterie, plats de viandes ou de fromages., Enfoncez l'onglet. Soulevez la prédécoupe. Détachez l'opercule circulaire. Dégager le robinet. Le caler en rabattant la prédécoupe. Arrachez la collerette d'inviolabilité en tirant sur la languette. Pour faire couler le vin, tirer les deux ailettes vers le haut.  Zéro alcool pendant la grossesse., Contient des sulfites.]|"
2,78€ / L"|"
8,35 €"
1792|Touraine Gamay A.O.P|La boîte de 3L|[Origine : FRANCE]|"
3,50€ / L"|"
10,50 €"
1793|Sei monti rouge, indication géographique protégée de l'île de beauté|Le bib de 5l|[Origine : FRANCE]|"
3,47€ / L"|"
17,37 €"
1794|Vin de pays de l'île de beauté rouge|Le bib de 5l|[Origine : FRANCE]|"
2,01€ / L"|"
10,04 €"
1795|Cabernet sauvignon rouge, vin de pays de l'île de beauté|Le bib de 5l|"[Origine : FRANCE, De la Casinca à Aléria, la vigne s'épanouit le long de la Costa Serena. De cette diversité est né un vin de caractère, ""Réserve du président"", devenu le préféré des insulaires, véritablement le choix des Corses., A boire à 16°C. Zéro alcool pendant la grossesse.]"|"
3,27€ / L"|"
16,36 €"
1796|Merlot rouge, vin de pays de l'île de beauté|Le bib de 5l|"[Origine : FRANCE, De la Casinca à Aléria, la vigne s'épanouit le long de la Costa Serena. De cette diversité est né un vin de caractère, ""Réserve du président"", devenu le préféré des insulaires, véritablement le choix des Corses., A boire à 16°C. Zéro alcool pendant la grossesse.]"|"
3,27€ / L"|"
16,36 €"
1797|Chardonnay, vin blanc, 13% vol.|La boîte de 3L|[Origine : FRANCE, 'Découvrez son caractère' : le Chardonnay est un cépage tout en finesse, au bouquet de fruits frais développés en notes intenses. 'au nez': une belle senteur de fruits blancs et de fleur d'oranger. 'en bouche' : une sensation suave et onctueuse qui ne s'interdit pas la vivacité et se prolonge joliment., 1/ Appuyer et relever le rond. 2/ Sortir le robinet et le coincer avec le carton. 3/ Arracher la collerette d'inviolabilité en tirant sur la languette. 4/ Pour faire couler le vin, tirer les 2 ailettes vers le haut. 'il fera merveille avec'...: du poisson grillé ou en sauce, des viandes blanches qu'il contraste de son parfum d'agrumes. A boire à 12°C., Contient des sulfites.]|"
4,17€ / L"|"
12,50 €"
1798|Sauvignon, vin de pays du Val de Loire,12,5%|Le boite de 3L|[Origine : FRANCE, Le vignoble du  Val  de Loire s'étend sur 13 départements de   la   région    de    la Vallée Ligérienne. Ces vins authentique tiques   ont  la particularité   d'être issus  de cépages  uniques, parfaitement adaptés à la diversité des terroirs rencontrés. Ce vin de Pays du Val de Loire se caractérise par un goût fruité et par des arômes de genêt. Apprécié à l'apéritif, il accompagne aussi avec élégance les poissons, les fruits de mer et les viandes blanches., Température de service : 10°C.  La consommation de boissons alcoolisées pendant la grossesse, même en faible quantité, peut avoir des conséquences graves sur la santé de l'enfant., Valeur énergétique en Joules :  0, Valeur énergétique en Kcal : 0, Glucides : 0, Lipides : 0, Protides :0, Contient des sulfites]|"
3,53€ / L"|"
10,60 €"
1799|Sei monti blanc, indication géographique protégée de l'île de beaté|Le bib de 5l|[Origine : FRANCE]|"
3,47€ / L"|"
17,37 €"
1800|Sauvignon, vin blanc de pays d'Oc, 24 verres prêts à servir, 12% vol.|La fontaine de 3L|[Origine : FRANCE, Robe : belle robe jaune citron. Nez : fruits exotiques, laissant deviner des notes de poire et de bourgeon de cassis. Bouche : vin sec et fruité, révélant des arômes délicats de fleurs blanches et d'agrumes., Roche Mazet Sauvignon est le compagnon idéal des poissons grillés, des plateaux de fruits de mer et des apéritifs. Servir frais entre 8 et 10°C. Incliner le fut, cette face vers le haut.  Enlever le cercle prédécoupé en appuyant et soulever le rabat.Sortir le robinet et le placer sous le rabat. Retirer le système d'inviolabilité. Pour soutirer, actionner le robinet., Contient des sulfites., Robe : belle robe jaune citron. Nez : fruits exotiques, laissant deviner des notes de poire et de bourgeon de cassis. Bouche : vin sec et fruité, révélant des arômes délicats de fleurs blanches et d'agrumes. Roche Mazet Sauvignon est le compagnon idéal des poissons grillés, des plateaux de fruits de mer et des apéritifs. Servir frais entre 8 et 10°C.]|"
3,97€ / L"|"
11,90 €"
1801|Anjou, AOC, 13,5% vol.|La bouteille de 75cl|[Origine : FRANCE, Le Terroir: Au coeur de l'Anjou, dans le Val de Loire. Le Vin: Robe jaune paille aux reflets brillants. Nez à dominante de fougère, de tilleul et de sureau. Très bel équilibre gustatif autour d'une attaque ronde et soyeuse. La complexité arômatique s'exprime sur des fruits secs (noisette, amande...) le sureau et le pain grillé.Persistance très longue. Les Accords: Poissons en sauce (Brochet ou saumon au beurre blanc), filet (de sole, de lotte...), crustacés grillés ou cuits au court-bouillon, viandes blanches en sauce et fromages de chèvre., A déguster entre 10°C et 12°C., Cépages: Chenin à 100%. Contient des sulfites.]|"
11,67€ / L"|"
8,75 €"
1802|Beaulon Pineau|La bouteille de 37,5cl|[Origine : FRANCE]|"
36,91€ / L"|"
13,84 €"
1803|Bergerac blanc sec|La bouteille de 75cl|[Origine : FRANCE, Le Terroir: sol argilo calcaire. Le Vin: Attaque fraiche et friande avec au nez des parfums de fruits blancs et d'agrumes. Gras et long au palais soutenu par une belle fraîcheur il laisse une agréable sensation d'équilibre., Cépages: Sauvignon à 50%, Sémillon à 35%, Muscadelle à 15%. Contient des sulfites.]|"
6,67€ / L"|"
5,00 €"
1804|Blancs de noirs, champagne brut|La bouteille de 75cl|[Origine : FRANCE, Le Terroir: Champagne, Côte des Bar. Le Vin: La longue période où le vin  est laissé sur lies (3 ans) lui confère une grande maturité. De couleur   jaune intense. Un nez intense et complexe, notamment lié à l'utilisation  de vins de reserve (20%). Notes de fruits secs, sur des nuances anisées et mentholées. Une bouche élégante et souple tout en restant fraîche et dotée d'une belle longueur. Champagne rond, charpenté et concentré. Les Accords: Blanquette de veau, Poulet au Champagne, Foie gras., A déguster froid, entre 8°C et 10°C., Cépages: Pinot Noir à 100%. Contient sulfites.]|"
30,08€ / L"|"
22,56 €"
1805|Blaye-Côtes de Bordeaux|La bouteille de 75cl|[Origine : FRANCE, Contient des sulfites.]|"
8,67€ / L"|"
6,50 €"
1806|Cadillac, Côtes de Bordeaux|La bouteille de 75cl|[Origine : FRANCE, Le Terroir: Vignoble situé sur la commune de Rions, Terroirs argilo-graveleux. Le Vin: Vin équilibré et soyeux où s'harmonisent tannins du bois et fruit. Les Accords: Dégusté jeune sur des viandes rouges grillées, il se mariera parfaitement avec desplats en sauce et fromages aux goûts plus soutenus après quelques années en cave., Cépages: 75% Merlot, 25% Cabernet Sauvignon.]|"
7,87€ / L"|"
5,90 €"
1807|Champagne brut Chardonnay Blanc de blancs|La bouteille de 75cl|[Origine : FRANCE, Le Terroir: Hautvilliers. Le Vin: Floral et brioché au nez, il seduit par sa bouche équilibrée et par sa longue finale aux nuances d'amandes grillées. Finesse, fraîcheur et élégance caractérisent ce champane d'aperitif., A déguster froid, entre 8°C et 10°C., Cépages: Chardonnay. Contient des sulfites.]|"
28,23€ / L"|"
21,17 €"
1808|Champagne Devaux Oeil de Perdrix rosé|La bouteille de 75cl|[Origine : FRANCE, Le Terroir: Champagne, Pinot Noir de la Côte des Bar et Chardonnay de Vitry, Montgueux, Côte des Bar et Sézanne.Le vin: Une première impression douce et fruitée de framboise qui s'enrichit de notes anisées, puis en bouche, une attaque fraîche et douce, un bel équilibre et des arômes de violette.Les Accords: Mouclade, Haddock poché aux baies roses, tarte chaude aux cerises avecsabayon de champagne., A déguster frais entre 8°C et 10°C, Cépages: 80% Pinot Noir et 20% Chardonnay]|"
32,83€ / L"|"
24,62 €"
1809|Chardonnay, vin de pays des Coteaux Charitois|La bouteille de 75cl|[Origine : FRANCE, Le Terroir: Calcaire entroque. Le Vin: Belle robe or pale, des notes de noisettes ponctuée d'une belle fraîcheur minérale, grande longueur en bouche à carafer., Cépages: Chardonnay]|"
13,27€ / L"|"
9,95 €"
1810|Chignin|La bouteille de 75cl|"[Origine : FRANCE, Le Terroir: village de Chignin en savoie, éboulis argilo calcaire.        Dégusté & agréé par le jury Monoprix Gourmet avec Bettane & Desseauve. Pourquoi le jury m'a élu : ""vin symphatique"", ""franc et rafraîchissant"", ""typiquement savoyard"" : en somme une simplicité bienvenue !                  Le Vin: Marqué par d'agréables arômes d'ortie blanche et présente une note minérale de pierre à fusil. Les Accords: coquillages, crustacés et autres fruits de mer, charcuterie et toute gastronomie typiqueà base de fromages de Savoie., AUCUN]"|"
9,20€ / L"|"
6,90 €"
1811|Chinon|La bouteille de 75cl|[Origine : FRANCE, Le Terroir: Les vignes sont toutes situées au lieu-dit Vaugaudry, sous-sol sableux silicieux. Le Vin: Couleur intense, robe profonde, reflet grenat. Nez ouvert et intense, complexité de fruits noirs et fruits secs. L'attaque en bouche est ample et généreuse, les tanins sont soyeux et délicats; une finale persistante de reglisse et de fruits noirs. Les Accords: viandes rouges et blanches, fromages et charcuteries., Cépages: Cabernet- franc à 100%]|"
9,60€ / L"|"
7,20 €"
1812|Clairet, A.O.C, élu par le jury Gourmet|La bouteille de 75cl|[Origine : FRANCE, Le Terroir: sol argilo calcaire.                                          Depuis quatre générations mafamille exploite le château Saint e Marie en plein coeur de l'Entre deux Mers, il fut bâti et géré par les moines de l'abbaye cistercienne de La Sauve majeure au XIVème siècle. Le Vin: Il est craquant, riche, frais, une couleur qui évoque la bonne humeur. On appreciela rondeur du merlot et la finesse du cabernet., Contient des sulfites. L'assemblage du Clairet est composé de Merlot 50%, Cabernet Franc 40% et Cabernet Sauvignon 10%. Elevé sur lies totales pendant 6 mois., A consommer entre 12° et 14°C.]|"
7,73€ / L"|"
5,80 €"
1813|Compagnie des papillons, A.O.C|La bouteille de 75cl|[Origine : FRANCE, Le Terroir: Fenouillèdes, haute vallée de l'Agly, Roussillon, sols granitiques. Le Vin: Fraîcheur, minéralité, fruit, finesse. Les Accords: Cuisine méditerranéenne, Catalane, Italienne., A déguster à température de cave, entre 14°C et 16°C., Cépages: Grenache, Carignan majoritaires.]|"
16,41€ / L"|"
12,31 €"
1814|Corbières A.O.P|La bouteille de 75cl|[Origine : FRANCE, Le Terroir:Le château est situé au coeur de l'A.O.C Corbières, sur la communes de Boutenac. Il occupe un terroir de coteaux aux sols de quartz et de cailloux roulés, exposés sud et est.Le Vin: Le nez exhale un bouquet de fruits rouges légèrement confits, où  se mêlent des notes de poivre et de café. La bouche estample, avec un retour aromatique de réglisse et de poivre.                                                                                                                                                                                      Les Accords: Charcuteries, grillades et viandes blanches., A déguster à 16°C]|"
10,53€ / L"|"
7,90 €"
1815|Côtes de Bourg 2003|La bouteille de 75cl|"[Origine : FRANCE, Cépage : Merlot 75%, Cabernet-Sauvignon 25%                               Dégusté & agréé par le jury Monoprix Gourmet avec Betanne & Desseauve     Pourquoi le jury m'a élu : ""nez expressif et très plaisant"", ""une matière en bouche imposante mais pasasséchante"", ""de la noblesse, de la classe"" : du bon Bordeaux moderne"" en sommes selon l'expression d'un juré, qui se distingue de beaucoup d'autres cuvées de ce style par un prix ""juste"", c'est à dire encore accessible.Idéal avec les viandes rouges, en sauce ou grillées., Contient des sulfites.]"|"
17,20€ / L"|"
12,90 €"
1816|Côtes du Lubéron|La bouteille de 75cl|"[Origine : FRANCE, Dégusté & Agréé par le jury Monoprix Gourmet avec Bettane & Desseauve     Pourquoi le jury m'a élu : ""simplement bon"", ""agréablement léger, un vin de soif!"" : les jurés ont apprécié la caractère facile de ce vin clairement élaboré dans une optique de plaisir immédiat.                            Le Terroir: Puget sur Durance, Provence Alpes Côte d'azur, Vaucluse, Vallée du Rhône. Le Vin: Millesime très solaire et très arrosé durant les vendanges. Les jus sont très fruités et vifs. La Syrah domine dans l'assemblage pour équilibrer la fraîcheur du vin permettant ainsi de conserver le potentiel de grade. La robe est profonde et soutenue, la palette arômatique donne une trame autour du fruit noir (cassis, mûre, cerise, violette) laissant une note finale de reglisse et de zan., Un vin qui s'accordera aux pâtes, aux pizzas, et plus largement à tous les plats en sauce tomate, ainsi qu'aux cuisines du Maghreb., Cépage : Grenache 80%, Syrah 20%. Contient des sulfites., A déguster dès à présent et à surveiller pour les 5/7 ans à venir]"|"
9,20€ / L"|"
6,90 €"
1817|Côtes du rhône Village|La bouteille de 75cl|"[Origine : FRANCE, Le Teroir: Sols Caillouteux et composé d'argile et de safre. Sud du Rhone.Dégusté & agréé par le jury Monoprix Gourmet avec Bettane et Desseauve    Pourquoi le jury m'a élu : ""complexe et long"", ""tout à la fois une belle matière et beaucoup d'équilibre"", ""du fruité et du volumen, on se réglae"". Si l'unanimité et toujours de mise avec les vins validés par le jury Gourmet, cette unanimité se fait superlative avec ce beau vin complet.         Idéal avec les gibiers, venaisons, Cépages: Grenache et Syrah. Contient des sulfites.]"|"
12,67€ / L"|"
9,50 €"
1818|Crémant de Loire brut|La bouteille de 75cl|[Origine : FRANCE, Le Terroir: AOP Anjou-Saumur-Touraine. Le Vin: Robe jaune pâle très pur. Bouquet fruité, vif et frais. Equilibre entre le chenin vif, et la vinosité du Chardonnay et du Cabernet. Les Accords: Apéritif ou vin unique sur un repas festif., En appéritif, ou bien vin unique au cours d'un repas festif., Cépage : Chenin 33%, Chardonnay 33%, Cabernet 33%. Contient des sulfites.]|"
9,53€ / L"|"
7,15 €"
1819|Crème de cassis|La bouteille de 50cl|[Origine : FRANCE]|"
13,32€ / L"|"
6,66 €"
1820|Crème de cerise|La bouteille de 50cl|[Origine : FRANCE]|"
13,32€ / L"|"
6,66 €"
1821|Crème de framboise|La bouteille de 50cl|[Origine : FRANCE]|"
13,32€ / L"|"
6,66 €"
1822|Crème de mûres|La bouteille de 50cl|[Origine : FRANCE]|"
13,32€ / L"|"
6,66 €"
1823|Crème de pêche|La bouteille de 50cl|[Origine : FRANCE]|"
13,32€ / L"|"
6,66 €"
1824|Eau de vie poire williams, 43%Vol.|La bouteille de 500 ml|[Origine : FRANCE, La qualité rigoureuse des fruits sélectionnés donne leur caractère ces grandes Eaux-de-Vie. Après la délicate étape de la fermentation, puis la distillation en alambic de cuivre, vient enfin le temps précieux du vieillissement sous les tuiles des greniers. Il est recommandé de servir la Poire Williams glacée.]|"
35,72€ / L"|"
17,86 €"
1825|Fronton Rouge Tradition, AOC, 12,5% vol.|La bouteille de 75cl|"[Origine : FRANCE, Le Terroir: Situé à 30 Kilomètres de Toulouse, entre Tarn et Garonne, au coeur de l'AOC Fronton, le vignoble se situe sur une ancienne terrasse de Tarn. Les sols sont constitués de boulbènes ""blanches"" et profondes. Le Vin: Le vin se veut etre le meilleur compromis entre la fraîcheur des arômes de fruits rouges, dépices, de violette et de réglisse constituant le bouquet typique des vins de Fronton. Sa structure tannique harmonieuse lui donne son amplitude au vieillissement. Les Accords: Viandesblanches et rouges, grillées ou roties., A déguster entre 15°C et 16°C., Cépages: 55% de Negrette, 35% de Syrah, 10% de Cabernet Sauvignon. Contient de s sulfites.]"|"
7,33€ / L"|"
5,50 €"
1826|Gaillac|La bouteille de 75cl|[Origine : FRANCE]|"
8,93€ / L"|"
6,70 €"
1827|Jurançon blanc doux, 12,5% vol.|La bouteille de 75cl|[Origine : FRANCE, Le Terroir: le relief de l'AOC Jurançon est accidenté et découpé. L'essentiel de l'aire est formée de poudingue de Jurançon à galets calcaires. Le sol argilo-calcaire est riche en galets roulés portés par les torrents et glaciers Pyrénéens. Le Vin: La robe est jaune paille dorée, le nez est élégant par ses notes de fleurs, de miel, de vanille et de fruits exotiques mûrs. L'attaque en bouche est chaleureuse, soyeuse, équilibrée, une pointe citronnée, acidulée paraphe ce vin parfumé et charmeur. Les Accords: Seul à l'apéritif, vous pourrez tester son mariage avec des plats gourmands et charnus., A déguster entre 12°C et 14°C., Cépages: Petit maseng Blanc 80%, Gros Maseng blanc 20%. Contient des sulfites., Ce grand vin du Millesime 2008 vous comblera dès aujourd'hui et pendant de longues années.]|"
17,87€ / L"|"
13,40 €"
1830|L'Extra Langlois, crémant de Loire|La bouteille de 75cl|[Origine : FRANCE, Le Terroir:                                                               Découvrez la fraîcheur et l'élégance d'un superbe crémant élaboré dans la douceur des bords de Loire auquel les hommes du domaine ont apporté leur savoir-faire ancestral, leurpassion, leur envie : chez Langlois-Château, ces mots résonnent depuis 1885 et ces valeurs se perpétuent de génération en génération. Le Vin: Robe jaune claire, bulle fine et harmonieuse. Nez frais marqué par des notes d'agrumes et de fruits blancs (Poire). Belle attaque en bouche ou se mêlent fraîcheur et légèreté. Les Accords: Compagnon  ideal de l'apéritif, de cocktails dinatoires., A déguster froid, entre 8°C et 10°C., Cépages: Chenin 60% et Chardonnay 40%.]|"
10,92€ / L"|"
8,19 €"
1831|Madiran A.O.P.|La bouteille de 75cl|[Origine : FRANCE, Le Terroir: sols argilo graveleux. Rangs sur pentes douces exposés au sud. Le Vin: Nez de fruits rouges sur une bouche élégante et charmeuse. Robe presque noire nuancée de violet, son nez expressif évoque la confiture de mûre et de cassis ainsi qu'unboisé vanillé déja bien integré. Après une attaque franche, une matière ample et mûre tapisse le palais d'arômes riches et persistants de fruits noirs. Les Accords: Magrets, steaks grillés, boeuf Bourguignon, pot au feu, vollailles rôties, mais aussi, plus original sur des currys, tajines ou risottos;, A déguster entre 16°C et 18°C., Cépages: Le Tannat (60%) apporte la charpente et la typicité. Le cabernet Franc (40%) renforce le caractère fruité et rend le bouquet plus complexe., Déja fort plaisant, ce vin harmonieux devrait gagner à rester 2 ou 3 ans en cave.]|"
7,87€ / L"|"
5,90 €"
1832|Marsannay|La bouteille de 75cl|[Origine : FRANCE, Le Terroir: Marsannay village. Le Vin: Robe rouge rubis, soulignée de touches violines. Nez fin, avec une touche florale qui évoque la violette et un fruité où domine la framboise. L'attaque en bouche se caractérise par une souplesse et une franchiseréunies dans un même mouvement, avec un caractère très fin. Les Accords: Charcuterie, cochonaille et viandes grillées, volailles de fêtes (dindes, chapons, etc..)., Cépages: Pinot Noir. Contient des sulfites]|"
23,93€ / L"|"
17,95 €"
1833|Médoc A.O.C.|La bouteille de 75cl|[Origine : FRANCE, Le Terroir: Situé sur la commune de Saint Yzans, la proximité du fleuve et le microclimat qui en découle, associé à un sol rare de graves garonnaises, en font l'un des grands teroirs d'exception du Médoc. Le Vin: Haut Maurac est un vin de facture classique avec une trame ferme et bien structurée. Depuis le millesime 2008, la proportion differente de merlot, devenu majoritaire, confère à ce vin des tanins ronds et veloutés et une belle maturité de fruit. Le malbec s'exprime par une note épicée enfinale. Un vin élégant et harmonieux., A déguster à température ambiante, de 16°C à 18°C., Cépages : 60% de Merlot, 35% de Cabernet Sauvignon, 5% de Malbec.]|"
18,00€ / L"|"
13,50 €"
1834|Muscadet Sèvre et Maine AOC, 12,5% vol.|La bouteille de 75cl|[Origine : FRANCE, Le Terroir: En plein coeur du Sèvre et Maine, terroir de schistes à 2 micas et grenat recouvert d'un sol de faible épaisseur. Le Vin: Robe couleur jaune pâle, légèrement perlant dans le verre. Le nez est fruité, très complexe, la bouche est ample etstructurée. La minéralité du terroir est très présente mais très équilibrée avec la rondeur du vin. Les arômes développés sont les fruits et les fleurs blanches. Les Accords: Les poissons nobles de mer et de rivière, les viandes blanches et les fromages., Cépages: Melon de Bourgogne à 100%. Contient des sulfites., C'est un grand vin de garde parfaitement équilibré. Son potentiel de garde est d'une dizaine d'années.]|"
15,87€ / L"|"
11,90 €"
1835|Muscadet-sur-Lie|La bouteille de 75cl|[Origine : FRANCE, Le Terroir: Val de loire entre la Sèvre et la Maine, terroir exceptionnel. Le Vin: Arômes subtils et complexes de thé, de coing associé à une exceptionnelle longueur en bouche, reflet d'un grand terroir. Une belle expression du cépage Melon de Bourgogne., Cépages: Melon de Bourgogne 100%, Vin présentant un potentiel de garde]|"
9,93€ / L"|"
7,45 €"
1836|Puisseguin Saint-Emilion|La bouteille de 75cl|[Origine : FRANCE, Le Terroir: A 40 Kilomètres à l'est de Bordeaux, dans le prolongement de l'appellation Saint-Emilion, sur un plateau argilo-sablo-calcaire. Le vin: Une belle robe rouge rubis limpide et brillante. Vin aromatique, très expressif avec des notesde petits fruits rouges frais, une bouche corsée élégante avec des tannins présents mais soyeux. Belle persistance en fin de bouche où l'on retrouve les arômes découverts au nez: cerise confite, cassis frais, mêlés à de légères notes vanillées et fumées. LesAccords: A deguster avec les charcuteries, viandes rouges et gibiers, grillades et fromage à pâte molle., A déguster à température ambiante, 16°C à 18°C., Cépages : 90% de Merlot et 10% de cabernet Sauvignon., A deguster dès à présent et pourra aussi se bonifier quelques années en cave.]|"
13,60€ / L"|"
10,20 €"
1837|Sainte Croix du Mont, blanc liquoreux de Bordeaux|La bouteille 75cl|[Origine : FRANCE, Le Terroir: à 40km au Sud-Est de Bordeaux, sur des coteaux argilo-calcaire exposés plein vers la Garonne. Sous-sol exceptionnel d'huîtres fossiles, datant de l'ère terciaire qui exige de la vigne souffrance et effort, pour créer des arômes rares. LeVin: Bouquet délicat, une structure conjuguant puissance, finesse, intensité arômatique et une palette harmonieuse de saveurs: fleurs d'acacia, tilleul, vanille, amande grillée fruits exotiques, fruits confits... Il procure une impression générale d'harmonie et d'élégance. Les Accords: Idéal à l'apéritif, superbe alliance avec des poissons blancs (raie, lotte,...), des coquilles saint jacques, poulet rôti, volailles, viandes blanches, fromages persillés. Les plats sucrés-salés se decouvrent desaffinités avec le vin., Cépages: sémillon à 97%, Sauvignon à 3%. Contient des sulfites.]|"
12,67€ / L"|"
9,50 €"
1838|Sancerre|La bouteille de 75cl|[Origine : FRANCE, Le Terroir: Terres blanches et caillottes. Le Vin: Robe or pale à reflets verts-argentés, limpide. Nez de bonne intensité, sur un fond de fraîcheur agréable, le nez exhale des arômes de fruits comme la pêche et a banane. Il est réhaussé d'une pointed'épices et de noix de coco. En bouche l'attaque est ronde, on ressent beaucoup de volume, une belle tension s'installe harmonieusement. L'ensemble est ferme et se termine sur une rétro-olfaction de citron., Cépages: Sauvignon. Contient des sulfites.]|"
15,47€ / L"|"
11,60 €"
1839|Sauternes|La bouteille de 75cl|[Origine : FRANCE, Le Terroir: Rive gauche de la Garonne, sablo graveleux sur roche mere calcaire. Le Vin: notes caractéristiques de fruits jaunes confits. Longue rémanence en bouche. Les Accords: foie gras, volailles, fromages., Cépages: Sémillon à 100%.]|"
22,27€ / L"|"
16,70 €"
1840|St Nicolas de Bourgueil, Les Silices, A.O.C|La bouteille de 75cl|[Origine : FRANCE, Le Terroir: Première Terrasse de Saint-Nicolas de Bourgeuil, region Loire, terroir Limono-sableux. Le Vin: Robe rubis. Nez de fruits rouges. Bouche ronde sur fond de fruit rouge intense. Les Accords: Volaille., Cépages: Cabernet Franc. Contient des sulfites.]|"
10,87€ / L"|"
8,15 €"
1841|Tavel rosé|La bouteille de 75cl|[Origine : FRANCE, Le Terroir: Vallée du Rhône, Coteaux sablonneux et argileux. Le Vin: Robe rubis. Nez complexe et puissant, avec des notes de fruits rouges (fraise, framboise). Bouche pleine et charnue, avec une belle minéralité, mêlée d'arômes de fruits rouges. Le vin offre un bel équilibre, mêlant complexité et fraîcheur., Cépages: Bourboulenc 6%, Clairette 9%, Grenache noir 52%, Syrah 12%, Mouvèdre 11%, Cinsault 8%, Picpoul 2%. Contient des sulfites.]|"
13,27€ / L"|"
9,95 €"
1842|Biscuits feuilletés fourrés aux olives noires et vertes|La boîte de 85g|[Origine : FRANCE, Biscuits feuilletés fourrés aux olives noires et vertes., Farine de blé, beurre 34%, emmental râpé, préparation d'olives noires 3% (olives noires 2,7%, sel, huile de colza et /ou de tournesol, acidifiant E330), préparation d'olives vertes 3% (olives vertes 2,2%, sel, correcteur d'acidité E330), sel, levure,arôme naturel, mélange de plantes aromatiques et de légumes déshydratés (dont ail et oignon), romarin déshydraté, poivre noir, colorant : rocou. Présence possible de graines de sésame, soja, oeuf et fruits à coque., Valeur énergétique en Joules :  2248kj, Valeur énergétique en Kcal : 539kcal, Glucides : 49g, Lipides : 33g, Protides :10g, A conserver dans un endroit frais et sec. Après ouverture du sachet, ces mini palmiers doivent être conservés dans une boite hermétique et être consommés dans les 48h pour préserver toutes leurs saveurs.]|"
22,71€ / Kg"|"
1,93 €"
1843|Crêpes dentelles fourrées au cheddar|La boîte de 65g|[Origine : FRANCE, Les biscuits apéritifs Monoprix Gourmet sont si croustillants  Grignotez-les avec délice !, Huile de coprah (hydrogénée et non hydrogénée), farine de blmé, maltodestrine de blé, cheddar déshydraté 12% (cheddar, émulsifiant: E339), poudre de lait, sirop de glucose de blé, extrait de malt d'orge, sel, arômes (maltodextrine de maïs, exhausteurs de goût: E621, E627 et E631, protéines de soja, protéines de blé), émulsifiant: E322, colorant: E160c, acidifiant: E330.                       Présence possible de poisson, de fruits à coque et de céleri., Valeur énergétique en Joules :  2349Kj, Valeur énergétique en Kcal : 564Kcal, Glucides : 45g, Lipides : 38g, Protides :9,5g, A conserver à l'abri de la chaleur et de l'humidité.]|"
32,31€ / Kg"|"
2,10 €"
1844|Crêpes dentelles fourrées au roquefort|La boîte de 65g|[Origine : FRANCE, Les biscuits apéritif MONOPRIX GOURMET sont si croustillants... Grignotez-les avec délice !, Maltodextrine de blé, huile de coprah (hydrogénée et non-hydrogénée), farine de blé, poudre de lait, roquefort déshydraté 11%, sirop de glucose, extrait de malt d'orge, sel, extrait de levure, arôme poivre, émulsifiant: E322, colorant: E160c, acidifiant: E330.                                                        Présence possible de poisson, de fruits à coque, de soja, de céleri., Valeur énergétique en Joules :  2158Kj, Valeur énergétique en Kcal : 516Kcal, Glucides : 58g, Lipides : 28g, Protides :8g, A conserver à l'abri de la chaleur et de l'humidité. Conditionné dans un sachet aluminisé.]|"
32,46€ / Kg"|"
2,11 €"
1845|Croquets de Provence aux figues|Le paquet de 75g|[Origine : FRANCE, Faites plaisir à vos papilles avec ces croquets de Provence aux figues Monoprix Gourmet à double usage : se consomment en accompagnement de produits salés  avec du foie gras, avec du fromage  ou sucrés à l'heure du thé ou pour accompagner le café., Farine de blé, figues 27%, sucre, amandes, farine de petit épeautre, oeufs entiers, arôme naturel de figue, poudre à lever (pyrophosphate et carbonate acides de sodium, amidon de maïs), lait entier en poudre, anis, sel., Valeur énergétique en Joules :  1707Kj, Valeur énergétique en Kcal : 405Kc, Glucides : 67g, Lipides : 8,9g, Protides :11g, A conserver à l'abri de la chaleur et de l'humidité.]|"
42,40€ / Kg"|"
3,18 €"
1846|Croquets de Provence aux olives de Nyons|La boîte de 75g|[Origine : FRANCE, Véritable ancêtre des céréales modernes, le petit épeautre a failli disparaître de nos contrées. Redécouvert il y a quelques années, il est aujourd'hui cultivé au coeur de la Provence au pied du Mont ventoux., Farine de blé (farine de blé, gluten de blé, farine de fève, farine de blé malté, agent de traitement de la farine : E300), olives noires de Nyons AOC en saumure 25%, amandes, farine de petit épeautre 7%, sucre, oeufs entiers, sel, lait entier en poudre, poudres à lever : E450i et E500ii., Valeur énergétique en Joules :  1885Kj, Valeur énergétique en Kcal : 449Kcal, Glucides : 56g, Lipides : 18g, Protides :13g, A conserver à l'abri de la chaleur et de l'humidité.]|"
42,40€ / Kg"|"
3,18 €"
1847|Flûtes fines et croquantes au sésame|La boîte de 125g|[Origine : FRANCE, Ces biscuits apéritifs Monoprix Gourmet sont si croustillants  Un délice pour vos apéritifs !, Farine de blé, graines de sésame 32%, margarine végétale (huiles et graisses de colza, de palme et de coprah partiellement hydrogénées, eau, sel, émulsifiant : E 471, correcteur d'acidité : E 330), lait écrémé en poudre, sucre, levure, sel, émulsifiant : E 472e, farine de malt d'orge., Valeur énergétique en Joules :  2107Kj, Valeur énergétique en Kcal : 505Kcal, Glucides : 44g, Lipides : 28g, Protides :15g, A conserver dans un endroit sec, à l'abri de la chaleur.]|"
13,12€ / Kg"|"
1,64 €"
1848|Mini torsades au beurre, oignon et ciboulette|La boîte de 75g|[Origine : FRANCE, Les biscuits apéritif MONOPRIX GOURMET sont si croustillants... grig notez-les avec délice !, Farine de blé, beurre 30%, lait écrémé en poudre, sel, levure, farine de malt d'orge, sucre, oignon déshydraté 0,5%, ciboulette déshydratée 0,25%., Valeur énergétique en Joules :  2112Kj, Valeur énergétique en Kcal : 506Kcal, Glucides : 48g, Lipides : 30g, Protides :11g, A conserver à l'abri de la chaleur et de l'humidité. Conditionné dans un sachet aluminisé.]|"
22,67€ / Kg"|"
1,70 €"
1849|Mini torsades au beurre et gruyère|Le paquet de 75g|[Origine : FRANCE, Les biscuits, apéritif MONOPRIX GOURMET sont si croustillants... grig notez-les avec délice !, Farine de blé, beurre 29%, gruyère 10%, lait écrémé en poudre, sel, levure, farine de malt d'orge, sucre., Valeur énergétique en Joules :  2090Kj, Valeur énergétique en Kcal : 500Kcal, Glucides : 48g, Lipides : 28g, Protides :14g, A conserver à l'abri de la chaleur et de l'humidité. Conditionné dans un sachet aluminisé.]|"
22,67€ / Kg"|"
1,70 €"
1850|Torsades au beurre, feuilleté intense|La boîte de 125g|[Origine : SUISSE, Les biscuits apéritif MONOPRIX GOURMET sont si croustillants... Grignotez-les avec délice !, Farine de blé, beurre 32%, lait écrémé en poudre, sel, levure, farine de malt d'orge, sucre., Valeur énergétique en Joules :  2195Kj, Valeur énergétique en Kcal : 525Kcal, Glucides : 54g, Lipides : 29g, Protides :12g, A conserver à l'abri de la chaleur et de l'humidité. Conditionné dans un sachet aluminisé.]|"
17,28€ / Kg"|"
2,16 €"
1851|Torsades au gruyère, feuilleté intense|Le paquet de 125g|[Origine : SUISSE, Les biscuits apéritif MONOPRIX GOURMET sont si croustillants... Grignotez-les avec délice !, Farine de blé, margarine végétale (huiles et graisses végétales partiellement hydrogénées (colza, palme, coco, soja), eau, émulsifiant : E471, stabilisant : E330), gruyère 10%, lait écrémé en poudre, sel, levure, farine de malt d'orge, sucre., Valeur énergétique en Joules :  2090Kj, Valeur énergétique en Kcal : 500Kcal, Glucides : 48g, Lipides : 28g, Protides :14g, A conserver à l'abri de la chaleur et de l'humidité. Conditionné dans un sachet aluminisé.]|"
17,28€ / Kg"|"
2,16 €"
1852|Change mini 3-6kg|Le paquet de 35 changes|[Origine : SUISSE, Attaches extensibles, douces et repositionnables pour un confort optimal. Voile intérieur doux, adapté à la peau fragile de votre bébé.Coussin anatomique s'adaptant parfaitement à la morphologie de votre bébé. Voile extérieur doux respirable laissants'aérer la peau de votre bébé. Barrières latérales spécialement étudiées pour une meilleure protection contre les fuites à l'entrejambe de jour comme de nuit., Positionner la couche à plat. Ecarter les barrières latérales avant de changer votre bébé. Si vous avez un petit garçon, penser à bien positionner son sexe vers le bas avant de rabattre le change. Rabattre la couche. Fermer une attache, puis l'autreen veillant à bien les positionner systématiquement. Pour un confort et une hygiène optimale, changer votre bébé 5 à 6 fois par jour. Tenir ce sac et sa poignée hors de portée des bébés et des enfants pour éviter tout risque d'étouffement. Ne pas jeter dans les toilettes.]|"
0,25€ / Pce"|"
8,59 €"
1853|Sac à couches parfumés|La boîte de 50 sacs|[Origine : FRANCE, Pratiques et hygiéniques, les sacs à couches bout'chou permettent de jeter les couches, les lingettes et autres produits usagés de votre bébé. Leur parfum permet de neutraliser les mauvaises odeurs. Grâce à leur boîte refermable, ils peuvent être emmenés partout., Conseils d'utilisation : prenez un sac dans la boîte, jetez-y la couche ou la lingette usagée. Faites un noeud avec les poignées pour fermer le sac et jetez-le à la poubelle. Après utilisation refermez bien la boîte avec la petite languette, afin deconserver intacte la qualité des sacs.  Précautions d'emploi : ce sac n'est pas un jouet. Tenir hors de portée des enfants afin d'éviter tout risque d'etouffement. Usage non alimentaire. Ne pas jeter le sac dans les toilettes. Ce produit contient duparfum. En cas d'allergie, cesser immédiatement l'usage., Polyéthylène, pigment, parfum.]|"
0,04€ / Pce"|"
1,82 €"
1854|Couches écologiques, Taille 2, 3-6kg|Le paquet de 34|[Origine : TURQUIE]|"
0,38€ / Pce"|"
12,79 €"
1855|Couches 2-5 kgs|Le paquet de 26 couches|[Origine : FRANCE, Barrières anti fuites à base d'ingrédients naturels., Pour éviter tout risque d'étouffement, conservez les couches et sacs hors de la portée des enfants.]|"
0,31€ / Pce"|"
7,99 €"
1856|Couches taille 1|Le paquet de 23|[Origine : ALLEMAGNE, La peau des nouveau-nés est délicate. Essayez les nouvelles couches Pampers New Baby Sensitive : testées cliniquement, elles contiennent une touche d'aloé et jusquà 50% d'agents de soin en plus* pour apporter à la fois pr otection et douceur. Les couches Pampers New Baby Sensitive sont dotées d'un voile absorbant exclusif, spécialement conçu pour absorber les selles  molles et pour protéger de l'humidité la peau délicate de votre nouveau néElles comportent également un indicateur d'urine qui devient bleu pour vous signaler que bébé a fait pipi.                                          En complément utilisez les nouvelles lingettes Pampers Sensitive Maximum Care, nos lingettes les plus douces pour une toilette de la peau délicate de votre bébé tout en douceur.                                             *comparé aux couches New Baby                                             Testée cliniquement pour être douce avec la peau de votre nouveau-né., Pour éviter tout danger de suffocation et/ou d'étranglement, garder hors de portée des bébés et des enfants tous les éléments de l'emballage., Petrolatum, Alcool Stéarylique, Paraffinum Liquidum, Extrait d'Aloe Barbadensis, CI 61565]|"
0,24€ / Pce"|"
5,59 €"
1857|Couches Taille 1 2-5kg|Le paquet de 23|[Origine : ALLEMAGNE, Les couches Pampers New Baby sont notre meilleure protection pour la peau de votre nouveau-né. Elles ont désormais un matelas absorbant plus long qui offre une protection supplémentaire à larrière de la couche*. Avec la g amme Pampers Premium Protection, votre nouveau-né ne sentira que votre amour.                                                                       Douces comme du coton, les couches New Baby offrent à votre bébé tout le confort dont il a besoin. Leur nouvelle forme apporte confort et protection à votre nouveau-né grâce à la découpe spéciale cordon ombilical et la ceinture plus haute dans le dos. Les couches Pampers New Baby sont disponibles en tailles 0, 1, 2 et 3.*Comparé aux anciennes couches Pampers New Baby., Pour éviter tout danger de suffocation et/ou d'étranglement, garder hors de portée des bébés et des enfants tous les éléments de l'emballage., Petrolatum, Alcool Stéarylique, Paraffinum Liquidum, Extrait d'Aloe Barbadensis]|"
0,22€ / Pce"|"
4,95 €"
1858|Couches Taille 1 Newborn 2-5 kg|Le paquet de 45|[Origine : ALLEMAGNE, Les couches Pampers New Baby sont notre meilleure protection pour la peau de votre nouveau-né. Elles ont désormais un matelas absorbant plus long qui offre une protection supplémentaire à l'arrière de la couche*. Avec la gamme Pampers Premium Protection, votre nouveau-né ne sentira que votre amour.                                                                       Douces comme du coton, les couches New Baby offrent à votre bébé tout le confort dont il a besoin. Leur nouvelle forme apporte confort et protection à votre nouveau-né grâce à la découpe spéciale cordon ombilical et la ceinture plus haute dans le dos. Les couches Pampers New Baby sont disponibles en tailles 0, 1, 2 et 3.*Comparé aux anciennes couches Pampers New Baby., Pour éviter tout danger de suffocation et/ou d'étranglement, garder hors de portée des bébés et des enfants tous les éléments de l'emballage., Petrolatum, Alcool Stéarylique, Paraffinum Liquidum, Extrait d'Aloe Barbadensis]|"
0,21€ / Pce"|"
9,65 €"
1859|Couches taille 2|Le paquet de 32|[Origine : ALLEMAGNE, La peau des nouveau-nés est délicate. Essayez les nouvelles couches Pampers New Baby Sensitive : testées cliniquement, elles contiennent une touche d'aloé et jusquà 50% d'agents de soin en plus* pour apporter à la fois pr otection et douceur. Les couches Pampers New Baby Sensitive sont dotées d'un voile absorbant exclusif, spécialement conçu pour absorber les selles molles et pour protéger de l'humidité la peau délicate de votre nouveau né. Elles comportent également un indicateur d'urine qui devient bleu pour vous signaler que bébé a fait pipi.                                         En complément utilisez les nouvelles lingettes Pampers Sensitive Maximum Care, nos lingettes les plus douces pour une toilette de la peau délicate de votre bébé tout en douceur.                                             *comparé aux couches New Baby                                             Testée cliniquement pour être douce avec la peau de votre nouveau-né., Pour éviter tout danger de suffocation et/ou d'étranglement, garder hors de portée des bébés et des enfants tous les éléments de l'emballage.]|"
0,38€ / Pce"|"
12,19 €"
1860|Couches Taille 2 Mini 3-6kg|Le paquet de 28|[Origine : ALLEMAGNE, La peau des nouveau-nés est délicate. Essayez les couches Pampers New Baby Sensitive de la gamme Premium Protection : testées cliniquement, elles contiennet jusquà 50% d'agents de soin en plus* et une touche d'aloé pour a pporter à la fois protectionet douceur. Les couches Pampers New Baby Sensitive sont dotées d'un voile absorbant exclusif, spécialement conçu pour absorber les selles molles des nouveau-nés. Elles comportent également un indicateur d'urine qui devient bleu pour vous signaler que bébé a fait pipi.                                                                         *comparé aux couches Pampers New Baby., Pour éviter tout danger de suffocation et/ou d'étranglement, garder hors de portée des bébés et des enfants tous les éléments de l'emballage., Petrolatum, Alcool Stéarylique, Paraffinum Liquidum, Extrait d'Aloe Barbadensis]|"
0,43€ / Pce"|"
11,97 €"
1861|Couches Taille 2 Mini 3-6kg|Le paquet de 56|[Origine : ALLEMAGNE, Les couches Pampers New Baby sont notre meilleure protection pour la peau de votre nouveau-né. Elles ont désormais un matelas absorbant plus long qui offre une protection supplémentaire à l'arrière de la couche*. Avec la gamme Pampers Premium Protection, votre nouveau-né ne sentira que votre amour.                                                                       Douces comme du coton, les couches New Baby offrent à votre bébé tout le confort dont il a besoin. Leur nouvelle forme apporte confort et protection à votre nouveau-né grâce à la découpe spéciale cordon ombilical et la ceinture plus haute dans le dos. Les couches Pampers New Baby sont disponibles en tailles 0, 1, 2 et 3.*Comparé aux anciennes couches Pampers New Baby, Pour éviter tout danger de suffocation et/ou d'étranglement, garder hors de portée des bébés et des enfants tous les éléments de l'emballage., Petrolatum, Alcool Stéarylique, Paraffinum Liquidum, Extrait d'Aloe Barbadensis]|"
0,33€ / Pce"|"
18,65 €"
1862|Couches culottes, 4-9kg|Le paquet de 70|[Origine : SUISSE]|"
0,19€ / Pce"|"
12,99 €"
1863|Couches Midi, taille 3, 4-9kg|Le paquet de 38|[Origine : SUISSE]|"
0,23€ / Pce"|"
8,59 €"
1864|Sac à couches parfumés|La boîte de 50 sacs|[Origine : FRANCE, Pratiques et hygiéniques, les sacs à couches bout'chou permettent de jeter les couches, les lingettes et autres produits usagés de votre bébé. Leur parfum permet de neutraliser les mauvaises odeurs. Grâce à leur boîte refermable, ils peuvent être emmenés partout., Conseils d'utilisation : prenez un sac dans la boîte, jetez-y la couche ou la lingette usagée. Faites un noeud avec les poignées pour fermer le sac et jetez-le à la poubelle. Après utilisation refermez bien la boîte avec la petite languette, afin deconserver intacte la qualité des sacs.  Précautions d'emploi : ce sac n'est pas un jouet. Tenir hors de portée des enfants afin d'éviter tout risque d'etouffement. Usage non alimentaire. Ne pas jeter le sac dans les toilettes. Ce produit contient duparfum. En cas d'allergie, cesser immédiatement l'usage., Polyéthylène, pigment, parfum.]|"
0,04€ / Pce"|"
1,82 €"
1865|Couches écologiques, Taille 3, 4-9kg|Le paquet de 52|[Origine : TURQUIE]|"
0,37€ / Pce"|"
18,99 €"
1866|Couches écologiques, Taille 3, 4-9kg|Le paquet de 52|[Origine : TURQUIE]|"
0,37€ / Pce"|"
18,99 €"
1867|Couches, Taille 3, 4-9kg|Le mégapack de 80|[Origine : FRANCE]|"
0,35€ / Pce"|"
31,80 €"
1868|Couches Taille 3 Midi 4-9kg|Le mégapack de 104|[Origine : ALLEMAGNE, Pour bien commencer la journée, votre bébé a besoin de 12 heures de sommeil bien au sec. C'est pourquoi les couches Baby Dry ont un double système d'absorption : un voile de protection et un matelas qui capture l'humidité.Elles assurent ainsi jusqu'à12 heures bien au sec. De plus, leurs attaches extensibles et douces, qui s'étirent et se remettent en place, apportent à votre bébé confort et maintien. Votre tout-petit restera confortablement au sec tout au long de la nuit, toutes les nuits., Pour éviter tout danger de suffocation et/ou d'étranglement, garder hors de portée des bébés et des enfants tous les éléments de l'emballage., Petrolatum, Alcool Stéarylique, Paraffinum Liquidum, extrait d'Aloe Barbadensis]|"
0,28€ / Pce"|"
29,15 €"
1869|Couches Taille 3 Midi 4-9kg|Le paquet de 47|[Origine : ALLEMAGNE, Les couches Pampers Active Fit de la gamme Pampers Premium Protection offrent à votre bébé jusqu'à 12 heures bien au sec et s'adaptent parfaitement au niveau de la taille, des cuisses et de l'entrejambe. Ce sont nos couches les plus absorbantes et les mieux ajustées. Leur nouveau matelas absorbsorbant plus long capture encore mieux l'humidité* quels que soient les mouvements de votre bébé. Moins volumineuses, elles permettent à votre bébé dde jouer à sa façon et de bouger en toute liberté. Les couches Pampers Active Fit sont disponibles en taille 3, 3+, 4, 4+, 5 et 5+ à partir de 4kg. *comparé aux anciennes couches Pampers Active Fit, Pour éviter tout danger de suffocation et/ou d'étranglement, garder hors de portée des bébés et des enfants tous les éléments de l'emballage., Petrolatum, Alcool Stéarylique, Paraffinum Liquidum, Extrait d'Aloe Barbadensis]|"
0,40€ / Pce"|"
18,85 €"
1870|Couches Taille 3 Midi 4-9kg|Le paquet de 48|[Origine : ALLEMAGNE, Pour bien commencer la journée, votre bébé a besoin de 12 heures de sommeil bien au sec. C'est pourquoi les couches Baby Dry ont un double système dd'absorption : un voile de protection et un matelas qui capture l'humidité Elles assurent ainsi jusqu'à 12 heures bien au sec. De plus, leurs attaches extensibles et douces, qui s'étirent et se remettent en place, apportent à votre bébé confort et maintien. Votre tout-petit restera confortablement au sec tout au long de la nuit, toutes les nuits., Pour éviter tout danger de suffocation et/ou d'étranglement, garder hors de portée des bébés et des enfants tous les éléments de l'emballage., Petrolatum, Alcool Stéarylique, Paraffinum Liquidum, extrait d'Aloe Barbadensis]|"
0,38€ / Pce"|"
18,45 €"
1871|Couches Taille 3 Midi 4-9kg|Le paquet de 68|[Origine : ALLEMAGNE, Pour bien commencer la journée, votre bébé a besoin de 12 heures de sommeil bien au sec. C'est pourquoi les couches Baby Dry ont un double système d'absorption : un voile de protection et un matelas qui capture l'humidité. Elles assurent ainsi jusqu'à 12 heures bien au sec. De plus, leurs attaches extensibles et douces, qui s'étirent et se remettent en place, apportent à votre bébé confort et maintien. Votre tout-petit restera confortablement au sec tout au long de la nuit, toutes les nuits., Pour éviter tout danger de suffocation et/ou d'étranglement, garder hors de portée des bébés et des enfants tous les éléments de l'emballage., Petrolatum, Alcool Stéarylique, Paraffinum Liquidum, extrait d'Aloe Barbadensis]|"
0,34€ / Pce"|"
23,18 €"
1872|Change maxi+ 9-20kg|Le paquet de 58 changes|[Origine : SUISSE, Attaches extensibles, douces et repositionnables, qui s'ajustent aux mouvements de votre bébé tout au long de la journée. Voile intérieur doux, adapté à la peau fragile de votre bébé.Coussin anatomique s'adaptant parfaitement à la morphologie de votre bébé pour un meilleur confort. Voile d'acquisition coloré étudié pour une absorption optimale. Barrières latérales spécialement étudiées pour une meilleure protection contre les fuites à l'entrejambe de jour comme de nuit. Voile extérieur doux respirable laissant respirer la peau de votre bébé., Positionner la couche à plat. Ecarter les barrières latérales avant de changer votre bébé. Si vous avez un petit garçon, penser à bien positionner son sexe vers le bas avant de rabattre le change. Rabattre la couche. Fermer une attache, puis l'autreen veillant à bien les positionner systématiquement. Pour un confort et une hygiène optimale, changer votre bébé 5 à 6 fois par jour. Tenir ce sac et sa poignée hors de portée des bébés et des enfants pour éviter tout risque d'étouffement. Ne pas jeter dans les toilettes.]|"
0,22€ / Pce"|"
12,99 €"
1873|Change maxi 7-18kg|Le paquet de 34 changes|[Origine : SUISSE, Attaches extensibles, douces et repositionnables, qui s'ajustent aux mouvements de votre bébé tout au long de la journée. Voile intérieur doux, adapté à la peau fragile de votre bébé.Coussin anatomique s'adaptant parfaitement à la morphologie de votre bébé pour un meilleur confort. Voile d'acquisition coloré étudié pour une absorption optimale. Barrières latérales spécialement étudiées pour une meilleure protection contre les fuites à l'entrejambe de jour comme de nuit. Voile extérieur doux respirable laissant respirer la peau de votre bébé., Positionner la couche à plat. Ecarter les barrières latérales avant de changer votre bébé. Si vous avez un petit garçon, penser à bien positionner son sexe vers le bas avant de rabattre le change. Rabattre la couche. Fermer une attache, puis l'autreen veillant à bien les positionner systématiquement. Pour un confort et une hygiène optimale, changer votre bébé 5 à 6 fois par jour. Tenir ce sac et sa poignée hors de portée des bébés et des enfants pour éviter tout risque d'étouffement. Ne pas jeter dans les toilettes.]|"
0,24€ / Pce"|"
7,99 €"
1874|Changes complets, Maxi 4, 7-18kg|Le paquet de 62|[Origine : SUISSE, Attaches extensibles et douces, qui s'ajustent aux mouvements de votre bébé tout au long de la journée. Coussin anatomique, étudié pour une meilleure. Coussin anatomique, étudié pour une meilleure absorption s'adaptant parfaitement à la morphologie de votre bébé pour un meilleur confort.        Barrières latérales, spécialement étudiées pour une meilleure protection contre les fuites à l'entrejambe. Voile intérieur très doux, permettant de garder votre bébé bien au sec. Voile extérieur doux respirable, laissant respirer la peau de votre bébé pour un maximum de confort.]|"
0,21€ / Pce"|"
12,99 €"
1875|Sac à couches parfumés|La boîte de 50 sacs|[Origine : FRANCE, Pratiques et hygiéniques, les sacs à couches bout'chou permettent de jeter les couches, les lingettes et autres produits usagés de votre bébé. Leur parfum permet de neutraliser les mauvaises odeurs. Grâce à leur boîte refermable, ils peuvent être emmenés partout., Conseils d'utilisation : prenez un sac dans la boîte, jetez-y la couche ou la lingette usagée. Faites un noeud avec les poignées pour fermer le sac et jetez-le à la poubelle. Après utilisation refermez bien la boîte avec la petite languette, afin deconserver intacte la qualité des sacs.  Précautions d'emploi : ce sac n'est pas un jouet. Tenir hors de portée des enfants afin d'éviter tout risque d'etouffement. Usage non alimentaire. Ne pas jeter le sac dans les toilettes. Ce produit contient duparfum. En cas d'allergie, cesser immédiatement l'usage., Polyéthylène, pigment, parfum.]|"
0,04€ / Pce"|"
1,82 €"
1876|Couches écologiques, Taille 4, 7-18kg|Le paquet de 46|[Origine : TURQUIE]|"
0,41€ / Pce"|"
18,99 €"
1877|Couches écologiques, Taille 4, 7-18kg|Le paquet de 46|[Origine : TURQUIE]|"
0,41€ / Pce"|"
18,99 €"
1878|Couches, Taille 4, 7-18kg|Le mégapack de 78|[Origine : ALLEMAGNE]|"
0,41€ / Pce"|"
31,80 €"
1879|Couches, Taille 4, 7-18kg|Le paquet de 24|[Origine : FRANCE, Aidez votre bébé à apprendre et à grandir tout en jouant. Active Fit est la plus absorbante et la mieux ajustée pour donner à votre bébé la liberté de jouer à sa façon. Grâce à son système d'ajustement 3-Way Fit, Active Fit s'adapte parfaitement au niveau de la taille, des jambes et des fesses pour un maintien inégalé qui permet à bébé de jouer en toute liberté.      Les couches Active Fit sont aussi ultra douces pour procurer à votre bébé., Pour éviter tout danger de suffocation et/ou d'étranglement, garder hors de portée des bébés et des enfants tous les éléments de l'emballage., Petrolatum, Alcool Stéarylique, Paraffinum Liquidum, Extrait d'Aloé Barbadensis, CI 61630]|"
0,54€ / Pce"|"
12,99 €"
1880|Couches, Taille 4, 8-15kg|Le paquet de 22 couches|[Origine : FRANCE, Pampers Easy Up s'enfile et s'enlève facilement comme une vraie culotte pour que votre bébé se sente comme un grand. Grâce à sa taille douce et élastique et sa large zone d'absorption, Easy Up absorbe aussi bien qu'une couche et protège des fuites jusqu'à 12 heures. Et pour distraire bébé, retrouvez les personnages Nickelodeon de Dora et Diego sur les culottes Easy Up., Pour éviter tout danger de suffocation et/ou d'étranglement, garder hors de portée des bébés et des enfants tous les éléments de l'emballage.]|"
0,55€ / Pce"|"
12,19 €"
1881|Couches Taille 4+ Maxi Plus 9-20kg|Le paquet de 38|[Origine : ALLEMAGNE, Les couches Pampers Active Fit de la gamme Pampers Premium Protectionoffr ent à votre bébé jusqu'à 12 heures bien au sec et s'adaptent parfaitement au niveau de la taille, des cuisses et de l'entrejambe. Ce sont nos couches les plus absorbantes et les mieux ajustées. Leur nouveau matelas absorbantes et les mieux ajustées. Leur nouveau matelas absorbant plus long capture encore mieux  l'humidité* quels que soient les mouvements de votre bébé.Moins volumineuses, elles permettent à votre bébé de jouer à sa façon et de bouger en toute liberté. Les couches Pampers Active Fit sont disponibles en taille 3, 3+, 4, 4+, 5 et 5+ à partir de 4 kg.*comparé aux anciennes couches Pampers Active Fit, Pour éviter tout danger de suffocation et/ou d'étranglement, garder hors de portée des bébés et des enfants tous les éléments de l'emballage., Petrolatum, Alcool Stéarylique, Paraffinum Liquidum, Extrait d'Aloe Barbadensis]|"
0,50€ / Pce"|"
18,85 €"
1882|Couches Taille 4+ Maxi Plus 9-20kg|Le paquet de 39|[Origine : ALLEMAGNE, Pour bien commencer la journée, votre bébé a besoin de 12 heures de sommeil bien au sec. C'est pourquoi les couches Baby Dry ont un double système d'absorption : un voile de protection et un matelas qui capture l'humidité. Elles assurent ainsi jusqu'à 12 heures bien au sec. De plus, leurs attaches extensibles et douces, qui s'étirent et se remettent en place, apportent à votre bébé confort et maintien. Votre tout-petit restera confortablement au sec tout au long de la nuit, toutes les nuits., Pour éviter tout danger de suffocation et/ou d'étranglement, garder hors de portée des bébés et des enfants tous les éléments de l'emballage., Petrolatum, Alcool Stéarylique, Paraffinum Liquidum, extrait d'Aloe Barbadensis]|"
0,49€ / Pce"|"
18,95 €"
1883|Couches Taille 4+ Maxi Plus 9-20kg|Le paquet de 54|[Origine : ALLEMAGNE, Pour bien commencer la journée, votre bébé a besoin de 12 heures de sommeil bien au sec. C'est pourquoi les couches Baby Dry ont un double système d'absorption: un voile de protection et un matelas qui capture l'humidité. Elles assurent ainsi jusqu'à12 heures bien au sec. De plus, leurs attaches extensibles et douces, qui s'étirent et se remettent en place, apportent à votre bébé confort et maintien. Votre tout-petit restera confortablement au sec tout au long de la nuit, toutes les nuits., Pour éviter tout danger de suffocation et/ou d'étranglement, garder hors de portée des bébés et des enfants tous les éléments de l'emballage., Petrolatum, Alcool Stéarylique, Paraffinum Liquidum, extrait d'Aloe Barbadensis]|"
0,43€ / Pce"|"
23,18 €"
1884|Couches Taille 4 Maxi 7-18kg|Le mégapack de 86|[Origine : ALLEMAGNE, Pour bien commencer la journée, votre bébé a besoin de 12 heures de sommeil bien au sec.                                                            C'est pourquoi les couches Baby Dry ont un double système d'absorption: un voile de protection et un matelas qui capture l'humidité. Elles assurent ainsi jusqu'à 12 heures bien au sec. De plus, leurs attaches extensibles et douces, qui s'étirent et se remettent en place, apportent à votre bébé confort et maintien.Votre tout-petit restera confortablement au sec tout au long de la nuit, toutes les nuits., Pour éviter tout danger de suffocation et/ou d'étranglement, garder hors de portée des bébés et des enfants tous les éléments de l'emballage., Petrolatum, Alcool Stéarylique, Paraffinum Liquidum, extrait d'Aloe Barbadensis]|"
0,37€ / Pce"|"
31,85 €"
1885|Couches Taille 4 Maxi 7-18kg|Le paquet de 22|[Origine : ALLEMAGNE, Les couches Pampers Active Fit de la gamme Pampers Premium Protection offre à votre bébé jusqu'à 12 heures bien au sec et s'adaptent parfaitement au niveau de la taille, des cuisses et de l'entrejambe. Ce sont nos couches les plus absorbantes et lesmieux ajustées. Leur nouveau matelas absorbant plus long capture encore mieux l'humidité* quels que soient les mouvements de votre bébé. Moins volumineuses, elles permettent à votre bébé de jouer à sa façon et de bouger en toute liberté. Les couchesPampers Active Fit  sont disponibles en taille 3, 3+, 4, 4+, 5 et 5+ à partir de 4 kg.                                                                                *comparé aux anciennes couches Pampers Active Fit, Pour éviter tout danger de suffocation et/ou d'étranglement, garder hors de portée des bébés et des enfants tous les éléments de l'emballage., Petrolatum, Alcool Stéarylique, Paraffinum Liquidum, Extrait d'Aloe Barbadensis]|"
0,54€ / Pce"|"
11,77 €"
1886|Couches Taille 4 Maxi 7-18kg|Le paquet de 24|[Origine : ALLEMAGNE, Pour bien commencer la journée, votre bébé a besoin de 12 heures de sommeil bien au sec. C'est pourquoi les couches Baby Dry ont un double système d'absorption : un voile de protection et un matelas qui capture l'humidité Elles assurent ainsi jusqu'à12 heures bien au sec. De plus, leurs attaches extensibles et douces, qui s'étirent et se remettent en place, apportent à votre bébé confort et maintien. Votre tout-petit restera confortablement au sec tout au long de la nuit, toutes les nuits., Pour éviter tout danger de suffocation et/ou d'étranglement, garder hors de portée des bébés et des enfants tous les éléments de l'emballage., Petrolatum, Alcool Stéarylique, Paraffinum Liquidum, extrait d'Aloe Barbadensis]|"
0,48€ / Pce"|"
11,55 €"
1887|Couches Taille 4 Maxi 7-18kg|Le paquet de 39|[Origine : ALLEMAGNE, Les couches Pampers Active Fit de la gamme Pampers Premium Protection offrent à votre bébé jusqu'à 12 heures bien au sec et s'adaptent parfaitement au niveau de la taille, des cuisses et de l'entrejambe. Ce sont nos couches les plus absorbantes et les mieux ajustées. Leur nouveau matelas absorsorbant plus long capture encore mieux l'humidité* quels que soient les mouvements de votre bébé. Moins volumineuses, elles permettent à votre bébé de  jouer à sa façon et de bouger en toute liberté. Les couches Pampers Active Fit sont disponibles en taille 3, 3+, 4, 4+, 5 et 5+ à partir de 4 kg.                                                                           *comparé aux anciennes couches Pampers Active Fit, Pour éviter tout danger de suffocation et/ou d'étranglement, garder hors de portée des bébés et des enfants tous les éléments de l'emballage., Petrolatum, Alcool Stéarylique, Paraffinum Liquidum, Extrait d'Aloe Barbadensis]|"
0,49€ / Pce"|"
18,99 €"
1888|Couches Taille 4 Maxi 7-18kg|Le paquet de 42|[Origine : ALLEMAGNE, Pour bien commencer la journée, votre bébé a besoin de 12 heures de sommeil bien au sec. C'est pourquoi les couches Baby Dry ont un double système d'absorption : un voile de protection et un matelas qui capture l'humidité. Elles assurent ainsi jusqu'à 12 heures bien au sec. De plus, leurs attaches extensibles et douces, qui s'étirent et se remettent en place, apportent à votre bébé confort et maintien. Votre tout-petit restera confortablement au sec tout au long de la nuit, toutes les nuits., Pour éviter tout danger de suffocation et/ou d'étranglement, garder hors de portée des bébés et des enfants tous les éléments de l'emballage., Petrolatum, Alcool Stéarylique, Paraffinum Liquidum, extrait d'Aloe Barbadensis]|"
0,45€ / Pce"|"
18,79 €"
1889|Couches Taille 4 Maxi 7-18kg|Le paquet de 60|[Origine : ALLEMAGNE, Pour bien commencer la journée, votre bébé a besoin de 12 heures de sommeil bien au sec. C'est pourquoi les couches Baby Dry ont un double système d'absorption : un voile de protection et un matelas qui capture l'humidité. Elles assurent ainsi jusqu'à 12 heures bien au sec. De plus, leurs attaches extensibles et douces, qui s'étirent et se remettent en place, apportent à votre bébé confort et maintien. Votre tout-petit restera confortablement au sec tout au long de la nuit, toutes les nuits., Pour éviter tout danger de suffocation et/ou d'étranglement, garder hors de portée des bébés et des enfants tous les éléments de l'emballage., Petrolatum, Alcool Stéarylique, Paraffinum Liquidum, extrait d'Aloe Barbadensis]|"
0,39€ / Pce"|"
23,55 €"
1890|Couches Taille 4 Maxi Plus 9-20kg|Le mégapack de 80|[Origine : ALLEMAGNE, Pour bien commencer la journée, votre bébé a besoin de 12 heures de sommeil bien au sec. C'est pourquoi les couches Baby Dry ont un double système d'absorption : un voile de protection et un matelas qui capture l'humidité.Elles assurent ainsi jusqu'à12 heures bien au sec. De plus, leurs attaches extensibles et douces, qui s'étirent et se remettent en place, apportent à votre bébé confort et maintien. Votre tout-petit restera confortablement au sec tout au long de la nuit, toutes les nuits., Pour éviter tout danger de suffocation et/ou d'étranglement, garder hors de portée des bébés et des enfants tous les éléments de l'emballage., Petrolatum, Alcool Stéarylique, Paraffinum Liquidum, extrait d'Aloe Barbadensis]|"
0,39€ / Pce"|"
31,39 €"
1891|Change Junior 11-25kg|Le paquet de 30|[Origine : SUISSE]|"
0,27€ / Pce"|"
7,99 €"
1892|Changes complets, Junior 5, 11-25kg|Le paquet de 54|[Origine : SUISSE, Attaches extensibles et douces, qui s'ajustent aux mouvements de votre bébé tout au long de la journée. Coussin anatomique, étudié pour une meilleure absorption s'adaptant parfaitement à la morphologie de votre bébé pour un mailleur confort.Barrières latérales, spécialement étudiées pour une meilleure protection contre les fuites à l'entrejambe. Voile intérieur très doux, permettant de garder votre bébé bien au sec. Voile extérieur doux respirable, laissant respirer la peau de votre bébé pour un maximum de confort.]|"
0,24€ / Pce"|"
12,99 €"
1893|Couches culottes, Extra large 6, +16kg|Le paquet de 34|[Origine : FRANCE]|"
0,37€ / Pce"|"
12,69 €"
1894|Sac à couches parfumés|La boîte de 50 sacs|[Origine : FRANCE, Pratiques et hygiéniques, les sacs à couches bout'chou permettent de jeter les couches, les lingettes et autres produits usagés de votre bébé. Leur parfum permet de neutraliser les mauvaises odeurs. Grâce à leur boîte refermable, ils peuvent être emmenés partout., Conseils d'utilisation : prenez un sac dans la boîte, jetez-y la couche ou la lingette usagée. Faites un noeud avec les poignées pour fermer le sac et jetez-le à la poubelle. Après utilisation refermez bien la boîte avec la petite languette, afin deconserver intacte la qualité des sacs.  Précautions d'emploi : ce sac n'est pas un jouet. Tenir hors de portée des enfants afin d'éviter tout risque d'etouffement. Usage non alimentaire. Ne pas jeter le sac dans les toilettes. Ce produit contient duparfum. En cas d'allergie, cesser immédiatement l'usage., Polyéthylène, pigment, parfum.]|"
0,04€ / Pce"|"
1,82 €"
1895|Couches écologiques, Taille 5, 11-25kg|Le paquet de 42|[Origine : TURQUIE]|"
0,45€ / Pce"|"
18,99 €"
1896|Couches écologiques, Taille 5, 11-25kg|Le paquet de 42|[Origine : TURQUIE]|"
0,45€ / Pce"|"
18,99 €"
1897|Couches, Taille 5, 11-25kg|Le mégapack de 68|[Origine : ALLEMAGNE]|"
0,47€ / Pce"|"
31,80 €"
1898|Couches, Taille 5, 11-25kg|Le paquet de 22|[Origine : FRANCE, Aidez votre bébé à apprendre et à grandir tout en jouant. Active Fit est la couche Pampers la plus absorbante et la mieux ajustée pour donner à votre bébé la liberté de jouer à sa façon. Grâce à son système d'ajustement 3-Way Fit, Active Fit s'adapteparfaitement au niveau de la taille, des jambes et des fesses pour un maintien inégalé qui permet à bébé de jouer en toute liberté. Les couches Active Fit sont aussi ultra douces pour procurer à votre bébé tout le confort dont il a besoin., Pour éviter tout danger de suffocation et/ou d'étranglement, garder hors de portée des bébés et des enfants tous les éléments de l'emballage.]|"
0,59€ / Pce"|"
12,99 €"
1899|Couches, Taille 5, 12-18kg|Le paquet de 20|[Origine : FRANCE, Pampers Easy Up s'enfile et s'enlève facilement comme une vraie culotte pour que votre bébé se sente comme un grand. Grâce à sa taille douce et élastique et sa large zone d'absorption, Easy Up absorbe aussi bien qu'une couche et protège des fuites jusqu'à 12 heures. Et pour distraire bébé, retrouvez les personnages Nickelodeon de Dora et Diego sur les culottes Easy Up., Pour éviter tout danger de suffocation et/ou d'étranglement, garder hors de portée des bébés et des enfants tous les éléments de l'emballage.]|"
0,59€ / Pce"|"
11,72 €"
1900|Couches Taille 5|Le paquet de 23|[Origine : FRANCE, Pampers Baby Dry garantit à votre bébé jusquà 12 heures dabsorption pour   des matins radieux. Les nouvelles couches Baby Dry disposent d'un voile extra-protection amélioré, doté d'un système d'absorption plus rapide pour aider à retenir l'humidité loin de la peau de bébé. Donnez à votre bébé la protection dont il a besoin pour lui assurer un sommeil en or avec les n ouvelles couches Pampers Baby Dry., Pour éviter tout danger de suffocation et/ou détranglement, garder hors de po rtée des bébés et des enfants tous les éléments de l'emballage., Petrolatum, Alcool Stéarylique, Paraffinum Liquidum, Extrait d'Aloé Barbadensis CI 61567.]|"
0,49€ / Pce"|"
11,34 €"
1901|Couches Taille 5|Le paquet de 38|[Origine : FRANCE, Pampers Easy Up s'enfile et s'enlève facilement comme une vraie culotte pour que votre bébé se sente comme un grand. Grâce à sa taille douce et élastique et sa large zone d'absorption, Easy Up absorbe aussi bien qu'une couche couche et protège des fuites jusqu'à 12 heures. Et pour distraire bébé , retrouvez les personnages Nickelodeon de Dora et Diego sur les culottes Easy Up., Pour éviter tout danger de suffocation et/ou d'étranglement, garder hors de portée des bébés et des enfants tous les éléments de l'emballage.]|"
0,53€ / Pce"|"
19,95 €"
1902|Couches Taille 5 11-25kg|Le mégapack de 80|[Origine : ALLEMAGNE, Pour bien commencer la journée, votre bébé a besoin de 12 heures de sommeil bien au sec. C'est pourquoi les couches Baby Dry ont un double système d'absorption : un voile de protection et un matelas qui capture l'humidité Elles assurent ainsi jusqu'à12 heures bien au sec. De plus, leurs attaches extensibles et douces, qui s'étirent et se remettent en place, apportent à votre bébé confort et maintien. Votre tout-petit restera confortablement au sec tout au long de la nuit, toutes les nuits., Pour éviter tout danger de suffocation et/ou d'étranglement, garder hors de portée des bébés et des enfants tous les éléments de l'emballage., Petrolatum, Alcool Stéarylique, Paraffinum Liquidum, extrait d'Aloe Barbadensis]|"
0,40€ / L"|"
31,80 €"
1903|Couches Taille 5 Junior 11-25kg|Le paquet de 20|[Origine : ALLEMAGNE, Les couches Pampers Active Fit de la gamme Pampers Premium Protection offrent à votre bébé jusqu'à 12 heures bien au sec et s'adaptent parfaitement u niveau de la taille, des cuisses et de l'entrejambe.                    Ce sont nos couches les plusabsorbantes et les mieux ajustées.           Leur nouveau matelas  absorbant plus long capture encore mieux l'humidité* quels que soient les mouvements de votre bébé. Moins volumineuses, elles permettent à votre bébé de  jouer à sa façon et de bouger en toute liberté.                                                                         Les couches Pampers Active Fit sont disponibles en taille 3, 3+, 4, 4+, 5 et 5+ à partir de 4 kg.                                                   *comparé aux anciennes couches Pampers Active Fit., Pour éviter tout danger de suffocation et/ou d'étranglement, garder hors de portée des bébés et des enfants tous les éléments de l'emballage., Petrolatum, Alcool Stéarylique, Paraffinum Liquidum, Extrait d'Aloe Barbadensis]|"
0,58€ / Pce"|"
11,61 €"
1904|Couches Taille 5 Junior 11-25kg|Le paquet de 37|[Origine : ALLEMAGNE, Les couches Pampers Active Fit de la gamme Pampers Premium Protectionoffe nt à votre bébé jusqu'à 12 heures bien au sec et s'adaptent parfaitement au niveau de la taille, des cuisses et de l'entrejambe. Ce sont nos couches les plus absorbantes et lesmieux ajustées. Leur nouveau matelas absorbants plus long capture encore mieux l'humidité* quels que soient les mouvements de votre bébé. Moins volumineuses, elles permettent à votre bébé de jouer à sa façon et de bouger en toute liberté. Les couches Pampers Active Fit sont disponibles en taille 3, 3+, 4, 4+, 5 et 5+ à partir de 4 kg.                                                                               *comparé aux anciennes couches Pampers Active Fit, Pour éviter tout danger de suffocation et/ou d'étranglement, garder hors de portée des bébés et des enfants tous les éléments de l'emballage., Petrolatum, Alcool Stéarylique, Paraffinum Liquidum, Extrait d'Aloe Barbadensis]|"
0,51€ / Pce"|"
18,90 €"
1905|Couches Taille 5 Junior 11-25kg|Le paquet de 41|[Origine : ALLEMAGNE, Pour bien commencer la journée, votre bébé a besoin de 12 heures de sommeil bien au sec. C'est pourquoi les couches Baby Dry ont un double système d'absorption : un voile de protection et un matelas qui capture l'humidité.Elles assurent ainsi jusqu'à12 heures bien au sec. De plus, leurs attaches extensibles et douces, qui s'étirent et se remettent en place, apportent à votre bébé confort et maintien. Votre tout-petit restera confortablement au sec tout au long de la nuit, toutes les nuits., Pour éviter tout danger de suffocation et/ou d'étranglement, garder hors de portée des bébés et des enfants tous les éléments de l'emballage., Petrolatum, Alcool Stéarylique, Paraffinum Liquidum, extrait d'Aloe Barbadensis]|"
0,45€ / Pce"|"
18,45 €"
1906|Couches Taille 5 Junior 11-25kg|Le paquet de 56|[Origine : ALLEMAGNE, Pour bien commencer la journée, votre bébé a besoin de 12 heures de sommeil bien au sec. C'est pourquoi les couches Baby Dry ont un double système d'absorption: un voile de protection et un matelas qui capture l'humidité. Elles assurent ainsi jusqu'à12 heures bien au sec. De plus, leurs attaches extensibles et douces, qui s'étirent et se remettent en place, apportent à votre bébé confort et maintien. Votre tout-petit restera confortablement au sec tout au long de la nuit, toutes les nuits., Pour éviter tout danger de suffocation et/ou d'étranglement, garder hors de portée des bébés et des enfants tous les éléments de l'emballage., Petrolatum, Alcool Stéarylique, Paraffinum Liquidum, extrait d'Aloe Barbadensis]|"
0,41€ / Pce"|"
23,15 €"
1907|Couches Taille 6 Extra Large +16kg|Le paquet de 33|[Origine : ALLEMAGNE, Pour bien commencer la journée, votre bébé a besoin de 12 heures de sommeil bien au sec. C'est pourquoi les couches Baby Dry ont un double système d'absorption : un voile de protection et un matelas qui capture l'humidité.  Elles assurent ainsi jusqu'à 12 heures bien au sec. De plus, leurs attaches extensibles et douces, qui s'étirent et se remettent en place, apportent à votre bébé confort et maintien. Votre tout-petit restera confortablement au sec tout au long de la nuit, toutes les nuits., Pour éviter tout danger de suffocation et/ou d'étranglement, garder hors de portée des bébés et des enfants tous les éléments de l'emballage., Petrolatum, Alcool Stéarylique, Paraffinum Liquidum, extrait d'Aloe Barbadensis]|"
0,57€ / Pce"|"
18,69 €"
1908|Couches culottes, Extra large 6, +16kg|Le paquet de 18|[Origine : FRANCE, Les culottes Bout'chou ont été conçues pour être mises et enlevées comme un sous-vêtement par les tout-petits. Elles aident ainsi votre enfant à devenir grand tout en le protégeant. Cotés ultra doux élastiques, qui s'adaptent parfaitement à la morphologie de votre bébé, pour une parfaire liberté de mouvement. Bords déchirables, pour l'enlever facilement. Coussin anatomique, étudié pour une meilleure absorption s'adaptant parfaitement à la morphologie de votre bébé pour un meilleur confort. Barrières anti-fuites latérales, pour éviter les fuites à l'entrejambe. Adhésif de fermeture, à l'arrière, permettant de bien refermer la culotte avant de la jeter. Voile intérieur très doux, permettant de garder votre bébé bien au sec. Le décor, aide votre bébé à reconnaître l'avant de l'arrière. Voile extérieur doux respirable, laissant respirer la peau de votre bébé pour un maximum de confort., Enfiler la culotte en repérant grâce au dessin l'avant de l'arrière. Pour la retirer, déchirer les côtés. Rouler la culotte en commençant par l'avant, l'attacher avec l'adhésif de fermeture et la jeter à la poubelle. Pour un confort et une hygiène optimale, changer votre bébé au moins 5 à 6 fois par jour.  Tenir ce sac et sa poignée hors de portée des bébés et des enfants pour éviter tout risque d'étouffement. Ne pas jeter dans les toilettes.]|"
0,39€ / Pce"|"
6,99 €"
1909|Couches culottes, Junior 5, 12-18kg|Le paquet de 20|[Origine : FRANCE, Les culottes Bout'chou ont été conçus pour être mises et enlevées comme un sous-vêtement par les tout-petits. Elles aident ainsi votre enfant à devenir grand tout en le protégeant. Côtés ultra doux élastiques, qui s'adaptent parfaitement à la morphologie de votre bébé pour une parfaite liberté de mouvement. Bords déchirables, pour l'enlever facilement. Coussin anatomique, étudié pour une meilleure absorption, s'adaptant parfaitement à la morphologie de votre bébé pour un meilleur confort. Barrières anti-fuites latérales, pour éviter les fuites à l'entrejambe. Adhésif de fermeture, à l'arrière, permettant de bien refermer la culotte avant de la jeter. Voile intérieur très doux, permettant de garder votre bébé bien au sec. Le décor, aide votre bébé à reconnaître l'avant de l'arrière. Voile extérieur doux respirable, laissant respirer la peau de votre bébé pour un maximum de confort., Enfiler la culotte en repérant grâce au dessin l'avant de l'arrière. Pour la retirer, déchirer les côtés. Rouler la culotte en commençant par l'avant, l'attacher avec l'adhésif de fermeture et la jeter à la poubelle. Pour un confort et une hygiène optimale, changer votre bébé au moins 5 à 6 fois par jour.  Tenir ce sac et sa poignée hors de portée des bébés et des enfants pour éviter tout risque d'étouffement. Ne pas jeter dans les toilettes.]|"
0,35€ / Pce"|"
6,99 €"
1910|Couches culottes, Junior 5, 12-18kg|Le paquet de 38|[Origine : FRANCE]|"
0,37€ / Pce"|"
14,19 €"
1911|Couches culottes, Maxi 4, 8-15kg|Le paquet de 22|[Origine : FRANCE, Les culottes Bout'chou ont été conçues pour être mises et enlevées comme un sous-vêtement par les tout-petits. Elles aident ainsi votre enfant à devenir grand tout en le protégeant. Cotés ultra doux élastiques, qui s'adaptent parfaitement à la morphologie de votre bébé, pour une parfaire liberté de mouvement. Bords déchirables, pour l'enlever facilement. Coussin anatomique, étudié pour une meilleure absorption s'adaptant parfaitement à la morphologie de votre bébé pour un meilleur confort. Barrières anti-fuites latérales, pour éviter les fuites à l'entrejambe. Adhésif de fermeture, à l'arrière, permettant de bien refermer la culotte avant de la jeter. Voile intérieur très doux, permettant de garder votre bébé bien au sec. Le décor, aide votre bébé à reconnaître l'avant de l'arrière. Voile extérieur doux respirable, laissant respirer la peau de votre bébé pour un maximum de confort., Enfiler la culotte en repérant grâce au dessin l'avant de l'arrière. Pour la retirer, déchirer les côtés. Rouler la culotte en commençant par l'avant, l'attacher avec l'adhésif de fermeture et la jeter à la poubelle. Pour un confort et une hygiène optimale, changer votre bébé au moins 5 à 6 fois par jour.  Tenir ce sac et sa poignée hors de portée des bébés et des enfants pour éviter tout risque d'étouffement. Ne pas jeter dans les toilettes.]|"
0,37€ / Pce"|"
8,15 €"
1912|Couches culottes, Maxi 4, 8-15kg|Le paquet de 42|[Origine : FRANCE, Les culottes Bout'chou ont été conçues pour être mises et enlevées comme un sous-vêtement par les tout-petits. Elles aident ainsi votre enfant à devenir grand tout en le protégeant., Unisexe. Pour un confort et une hygiène optimale, changer votre bébé au moins 5 à 6 fois par jour. Tenir ce sac et sa poignée hors de portée des bébés et des enfants pour éviter tout risque d'étouffement. Ne pas jeter dans les toilettes.]|"
0,34€ / Pce"|"
14,19 €"
1913|Culottes absorbantes pour les garçons, 4-7 ans|Le paquet de 16|[Origine : REPUBLI.TCHEQUE, Les sous-vêtements de nuit DryNites® sont étudiés pour être portés sous un pyjama; ils se mettent et s'enlèvent aussi facilement qu'un dessous classique.                                                                     Des barrières anti-fuites, un voile externe hautement imperméable associé à une base super-absorbante fine qui éloigne l'humidité de la peau, apportapportent à votre enfant la meilleure protection contre les fuites. Les côtés élastiques garantissent un maintien confortable pourque votre enfant reste sec toute la nuit.                                                  Fille ou garçon, chacun dispose de deux motifs, choisis par les enfants pour que les sous-vêtements de nuit DryNites® ressemblent encore plus à de vrais sous-vêtements.]|"
0,95€ / Pce"|"
15,19 €"
1914|Slip absorbant de nuit pour garçons, 8-15 ans|Le paquet de 13 slips|[Origine : REPUBLI.TCHEQUE, Les sous-vêtements de nuit DryNites® sont étudiés pour être portés sous un pyjama; ils se mettent et s'enlèvent aussi facilement qu'un dessous classique.                                                                     Des barrières anti-fuites, un voile externe hautement imperméable associé à une base super-absorbante fine qui éloigne l'humidité de la peau, apportent à votre enfant la meilleure protection contre les fuites. Les côtés élastiques garantissent un maintien confortable pour que votre enfant reste sec toute la nuit.                                                        Fille ou garçon, chacun dispose de deux motifs, choisis par les enfants pour que les sous-vêtements de nuit DryNites® ressemblent encore plus à de vrais sous-vêtements.]|"
1,16€ / Pce"|"
15,09 €"
1915|Culottes d'apprentissage, T5 Junior, 12-18kg|Le paquet de 20|[Origine : FINLANDE]|"
0,60€ / Pce"|"
11,99 €"
1916|Lingettes eau nettoyante corps, visage et yeux|Le sachet de 76 lingettes|[Origine : FRANCE, L'eau nettoyante Bébé Cadum se décline en lingettes pour nettoyer en douceur et hydrater la peau fragile de votre bébé, sans rinçage.Les lingettes à l'eau nettoyante Bébé Cadum allient une eau très pure nettoyante et rafraîchissante, à l'huile d'amande douce bio adoucissante. Leur formule, sans paraben et sans colorant, est hypoallergénique et testée sous contrôle pédiatrique., Ne pas jeter dans les toilettes., Aqua, glycerin, peg-40 hydrogenated castor oil, parfum, polyquaternium-37, prunus amygdalus dulcis oil*, dimethicone, panthénol, aloe barbadensis extract*, methylchloroisothiazolinone, methylisothiazolinone, sodium hydroxide. *ingrédients issus de l'agriculture biologique. Sans paraben., 3 mois après ouverture.]|"
0,05€ / Pce"|"
3,76 €"
1917|Lingettes natural caresse en fibre d'origine végétale & naturelle à l'huile d'amandes douce bio|Le paquet de 2x60 lingettes|[Origine : FRANCE, Bébé Cadum innove avec Natural Caresse, une lingette en fibres d'origine végétale et naturelle 100% biodégradables.Bébé Cadum utilise de l'huile d'amandes douces et d'aloé véra bio et contribue ainsi à la préservation des ressources naturelles. Telleune caresse, la lingette Bébé Cadum à l'(huile d'amandes douces bio et aloe vera bio, reconnus pour leurs vertus adoucissantes, nettoie en douceur et respecte la peau délicate des nourrissons., Ne pas jeter dans les toilettes., Aqua, glycerin, PEG 40 hydrogenated castor oil, parfum, polyquaternium-37, prunus amygdalus dulcis oil*, dimethicone, panthenol, aloe barbadensis extract*, methylchloroisothiazolinone, methylisothiazolinone, sodium hydroxyde. * Ingrédients issu de l'agriculture biologique. Sans alcool. Sans phénoxyéthanol. Sans paraben., 3 mois après ouverture.]|"
0,05€ / Pce"|"
5,67 €"
1918|Lingettes épaisses H2O à l'hydra-bléïne|Le paquet de 10|[Origine : FRANCE, Les lingettes épaisses Biolane H2O sont idéales pour nettoyer, hydrater et protéger en un seul geste la peau de bébé.Délicatement parfumées, les lingettes épaisses H2O Biolane laissent la peau de votre bébé douce, souple et parfaitement protégée. D'une très haute tolérance, l'eau pure H2O permet de nettoyer parfaitement et sans rincer le siège, le corps et le visage de bébé., S'utilise à chaque change et à tout moment de la journée. Ne se rince pas.  Ne pas jeter dans les toilettes, Aqua, PEG-40 hydrogenated castor oil, methylpropanediol, cocodimonium hydroxypropyl hydrolyzed wheat protein, parfum, tetrasodium edta, polyaminopropyl biguanide,  citric acid, alpha-isomethyl ionone, butylphenyl methylpropional, citral, citronellol,eugenol, hexyl cinnamal, hydroxycitronellal, hydroxyisohexyl 3-cyclohexene carboxaldehyde, limonene, linalool. Sans paraben.]|"
0,11€ / Pce"|"
1,11 €"
1919|Lingettes h2o|Le paquet de 72|[Origine : FRANCE, D'une haute tolérance, les lingettes épaisses BIOLANE H2O sont idéales en toute occasion pour nettoyer, hydrater et protéger en un seul geste la peau de bébé. Leur texture est 100% biodégradable.Spécialement formulées pour le change des peaux sensibles, elles nettoient parfaitement et sans rincer le siège, le corps et le visage de bébé. Testées sous contrôle dermatologique et formulées sans alcool, les lingettes BIOLANE s'utilisent en toute sécurité, et préservent l'équilibre naturel cutané. Délicatement parfumées, les lingettes épaisses H2O BIOLANE laissent la peau de votre bébé douce, souple et parfaitement protégée. Pratique : le système de distribution une à une., S'utilise à chaque change et à tout moment de la journée. Ne se rince pas. Bien refermer après usage. Ne pas jeter dans les toilettes., Aqua, peg-40 hydrogenated castor oil, methyl propanediol, cocodimonium hydroxypropyl hydrolyzed wheat protein, parfum, tetrasodium edta, polyaminopropyl biguanide, citric acid, alpha isomethyl ionone, butylphenyl methylpropional, citral, citronellol,eugenol, hexyl cinnamal, hydroxycitronellal, hydroxyisohexyl 3-cyclohexene carboxaldehyde, limonene, linalool. Sans paraben. Sans alcool., Bien refermer après usage.]|"
0,04€ / Pce"|"
3,16 €"
1920|Lingettes pocket pour visage et mains, biodégradables|Le paquet de 20|[Origine : FRANCE, D'une haute tolérance cutanée, les lingettes pocket visage et mains Biolane s'utilisent dès la naissance pour nettoyer et rafraîchir le visage et les mains de bébé. Formulée à pH physiologique et sans alcool, elles présentent l'équilibre naturel cutané. Hydratantes grâce à l'hydrabléine qu'elles contiennent, elles laissent la peau de bébé douce et souple. Leur texture ultra-douce et résistante garantit un nettoyage d'une très grande délicatesse., S'utilisent à tout moment de la journée. Ne nécessitent pas de rinçage.  Ne pas jeter dans les toilette., Aqua, PEG-40 hydrogenated castor oil, methylpropanediol, cocodimonium hydroxypropyl hydrolyzed wheat protein, propylene glycol, parfum, diazolidinyl urea, edta tetrasodium, citric acid, methylparaben, propylparaben.]|"
0,08€ / Pce"|"
1,65 €"
1921|Lingettes débarbouillantes pour visage et mains|Le paquet de 40|[Origine : ESPAGNE, Les lingettes débarbouillantes Bout'chou ont été spécialement formulées pour respecter la peau de votre enfant. Elles s'utilisent aussi bien sur les mains que sur le visage. Imprégnées d'une lotion, elles nettoient délicatement les traces de goûter,de confiture ou autre, tout en laissant une peau hydratée et légèrement parfumée., Soulever le capot de protection et enlever l'étiquette. Tirer une lingette. Bien fermer  le capot après chaque utilisation, afin de préserver la fraîcheur et l'hygiène des lingettes. Pratique : distribution feuille à feuille.  Usage externe exclusif.Ne pas jeter dans les toilettes Ne pas utiliser sur une peau irritée ou une plaie. Conserver hors de portée des enfants. Ne pas avaler, Aqua, propylene glycol, gluconolactone, sodium benzoate, calcium gluconate, peg-40 hydrogenated castor oil, peg-75 lanolin, potassium sorbate, parfum, tocopheryl acetate, disodium cocoamphodiacetate, citric acid, disodium edta]|"
0,05€ / Pce"|"
1,92 €"
1922|Lingettes débarbouillantes pour visage et mains|Les 3 paquets de 10|[Origine : ESPAGNE, Les lingettes débarbouillantes Bout'chou ont été spécialement formulées pour respecter la peau de votre enfant. Elles s'utilisent aussi bien sur les mains que sur le visage. Imprégnées d'une lotion, elles nettoient délicatement les traces de goûter,de confiture ou autre, tout en laissant une peau hydratée et légèrement parfumée., Soulever l'étiquette de protection. Sortir une lingette. Bien fermer l'étiquette après chaque utilisation, afin de préserver la fraîcheur et l'hygiène des lingettes. Usage externe exclusif. Ne pas jeter dans les toilettes Ne pas utiliser sur une peau irritée ou une plaie. Ne pas avaler. Ne convient pas aux enfants de moins de 36 mois., Aqua, propylene glycol, gluconolactone, sodium benzoate, calcium gluconate, peg-40 hydrogenated castor oil, peg-75 lanolin, potassium sorbate, parfum, tocopheryl acetate, disodium cocoamphodiacetate, citric acid, disodium edta, 3 mois après ouverture.]|"
0,06€ / Pce"|"
1,92 €"
1923|Lingettes épaisses sans alcool, aux extraits d'amande douce|Le paquet de 24|[Origine : ESPAGNE, Les lingettes épaisses Bout'chou ont été spécialement formulées pour respecter les peaux sensibles. Imprégnées d'un gel nettoyant et rafraîchissant à l'extrait d'amande douce, elles sont idéales pour le change et l'hygiène quotidienne des bébés. Ph neutre., Soulever l'étiquette de protection. Sortir une lingette. Bien fermer l'étiquette après chaque utilisation, afin de préserver la fraîcheur et l'hygiène des lingettes.  Usage externe exclusif. Ne pas jeter dans les toilettes Ne pas utiliser sur une peau irritée ou une plaie. Conserver hors de portée des enfants Ne pas avaler, Aqua, Propylène Glycol, Gluconolactone, Sodium Benzoate, Calcium Gluconate, Dimethicone, Polysorbate 20, Potassium sorbate, xanthan gum, parfum, prunus amygdalus, dulcis oil, aloe barbadensis gel, sodium sulfite, chamomilla recutita (matricaria), flower extract.]|"
0,04€ / Pce"|"
1,00 €"
1924|Lingettes épaisses sans alcool, aux extraits d'amande douce|Le paquet de 72|[Origine : ESPAGNE, Les lingettes épaisses Bout'chou ont été spécialement formulées pour respecter les peaux sensibles. Imprégnées d'un gel nettoyant et rafraîchissant à l'extrait d'amande douce, elles sont idéales pour le change et l'hygiène quotidienne des bébés. Ph neutre., Soulever l'étiquette de protection. Sortir une lingette. Bien fermer l'étiquette après chaque utilisation, afin de préserver la fraîcheur et l'hygiène des lingettes. Pratique : distribution feuille à feuille.  Usage externe exclusif. Ne pas jeter dans les toilettes Ne pas utiliser sur une peau irritée ou une plaie. Conserver hors de portée des enfants Ne pas avaler, Aqua, propylene glycol, gluconolactone, sodium benzoate, calcium gluconate, dimethicone, polysorbate 20, potassium sorbate, xanthan gum, parfum, prunus amygdalus dulcis oil, aloe barbadensis gel, sodium sulfite, chamomilla recutita (matricaria), flower extract.]|"
0,03€ / Pce"|"
2,02 €"
1925|Lingettes épaisses sans alcool pour bébé à l'eau nettoyante, à   l'aloe vera et à l'extrait d'amande douce|Le lot de 2 paquets 144 lingettes|[Origine : ESPAGNE, Aqua, peg-40 hydrogenated castor oil, gluconolactone, sodium benzoate, calcium benzoate, calcium gluconate, propylene glycol, glycerin, potassium sorbate, peg-5 ethylhexanoate, trideceth-9, parfum, prunus amygdalus dulcis oil, disodium edta, citric acid, aloe barbadensis gel, sodium sulfite.]|"
0,03€ / Pce"|"
3,78 €"
1926|Lingettes épaisses sans alcool pour bébé à l'eau nettoyante, à   l'aloe vera et à l'extrait d'amande douce|Le paquet de 72 lingettes|[Origine : ESPAGNE, Les lingettes épaisses Bout'chou ont été spécialement formulées pour respecter les peaux sensibles.Imprégnées d'eau nettoyante enrichie en aloe vera et en extrait d'amande douce, elles hydratent* en douceur et sont idéales pour le change et l'hygiènequotidienne des bébés. Testées sous contrôle dermatologique et ophtalmologiques, pH neutre pour la peau. Pratique : distribution feuille à feuille. *hydratation des couches supérieures de l'épiderme., Soulever l'étiquette adhésive. Sortir une lingette. Bien refermer l'étiquette après chaque utilisation afin de préserver la fraîcheur et l'hygiène de vos lingettes. Usage externe exclusif. Ne pas jeter dans les toilettes. Ne pas avaler. Ne pas utiliser sur une peau irritée ou une plaie. Conserver hors de la portée des enfants. Ne convient pas aux bébé prématurés., Aqua, peg-40 hydrogenated castor oil, gluconolactone, sodium benzoate, calcium benzoate, calcium gluconate, propylene glycol, glycerin, potassium sorbate, peg-5 ethylhexanoate, trideceth-9, parfum, prunus amygdalus dulcis oil, disodium edta, citric acid, aloe barbadensis gel, sodium sulfite, 3 mois après ouverture.]|"
0,03€ / Pce"|"
2,02 €"
1927|Lingettes fines sans alcool, aux extraits d'amande douce|Le paquet de 100|[Origine : ESPAGNE, Les lingettes fines Bout'chou nettoient et rafraîchissent votre bébé tout au long de la journée. Imprégnées d'une lotion nettoyante et rafraîchissante à l'extrait d'amande douce, elles sont idéales pour le change et l'hygiène quotidienne des bébés. Très pratiques pour le voyage, elles peuvent être utilisées pour toute la famille., Dégager le couvercle de la boîte. Enlever l'opercule. Repérer la première lingette et l'introduire à travers l'orifice distributeur du couvercle. Remettre le couvercle en place. Pour vous servir, tirer la lingette. Séparer d'un coup sec. La lingettesuivante sera amorcée. Pratique : distribution feuille à feuille  Usage externe exclusif. Ne pas jeter dans les toilettes Ne pas utiliser sur une peau irritée ou une plaie. Conserver hors de la portée des enfants. Ne pas avaler, Aqua, gluconolactone, sodium benzoate, calcium gluconate, peg-40 hydrogenated castor castor oil, peg-75 lanolin, potassium sorbate, peg-5 ethylhexanoate, trideceth-9, parfum, prunus amygdalus dulcis oil, tetrasodium edta., Bien fermer le couvercle après chaque utilisation, afin de préserver la fraîcheur et l'hygiène des lingettes.]|"
0,02€ / Pce"|"
1,88 €"
1928|Lingettes papier toilette|Le paquet de 60|[Origine : ESPAGNE, Les lingettes papier toilette Bout'chou permettent à votre enfant de s'essuyer les fesses tout seul. Elles ont été spécialement formulées pour respecter la peau sensible de votre enfant. Imprégnées d'une lotion au parfum fruité, elles laissent les fesses de votre enfant propres et douces. Vous pouvez les jeter en toute sécurité dans vos toilettes., Bien fermer l'étiquette après chaque utilisation, afin de préserver la fraîcheur et l'hygiène de vos lingettes. Se jette dans les toilettes. 5 lingettes maximum par chasse d'eau grand débit (6l). Non compatible avec les fosses septiques, les toilettes avec broyeur et installations vétustes. Pratique : distribution feuille à feuille.  Usage externe exclusif. Ne pas utiliser sur une peau irritée ou une plaie. Ne pas avaler, Aqua, propylene glycol, gluconolactone, sodium benzoate, calcium gluconate, dimethicone, polysorbate 20, parfum, potassium sorbate, acrylates / vinyl isodecanoate crosspolymer, peg-5 ethylhexanoate, trideceth-9, disodium edta, sodium hydroxide.]|"
0,03€ / Pce"|"
1,92 €"
1929|Lingettes papier toilette|Les 2 paquets de 60|[Origine : ESPAGNE]|"
0,03€ / Pce"|"
3,85 €"
1930|Lingettes sans alcool pour bébé, douces et épaisses aux extraits d'amande douce|Les 2 paquets de 72|[Origine : ESPAGNE, aqua, propylene glycol, gluconolactone, sodium benzoate, calcium gluconate, dimethicone, polysorbate 20, potassium sorbate, xanthan gum, parfum, prunus amygdalus dulcis oil, aloe barbadensis gel, sodium sulfite, chamomilla recutita (matricaria) flower extract]|"
0,03€ / Pce"|"
3,85 €"
1931|Lingettes sensitives à l'aloe vera pour les peaux sensibles|Le paquet de 64|[Origine : ESPAGNE, Sans parfum et sans alcool, les lingettes épaisses sensitive Bout'chou ont été spécialement formulées pour respecter les peaux sensibles et délicates des bébés. Imprégnées d'un gel à l'aloe vera, elles procurent plus de douceur et sont idéales pour le change et l'hygiène quotidienne des bébés. Ph neutre., Soulever l'étiquette de protection. Sortir une lingette. Bien fermer l'étiquette après chaque utilisation, afin de préserver la fraîcheur et l'hygiène des lingettes. Pratique : distribution feuille à feuille.  Usage externe exclusif. Ne pas jeter dans les toilettes Ne pas utiliser sur une peau irritée ou une plaie. Conserver hors de portée des enfants Ne pas avaler, Aqua, sodium lauryl glucose carboxylate, lauryl glucoside, sodium chloride, gluconolactone, sodium benzoate, calcium gluconate, hexildecanol, hexyldecyl, laurate, potassium sorbate, xanthan gum, propylene glycol, chamomilla recutita (matricaria), flower extract, aloe barbadensis gel, sodium sulfite]|"
0,03€ / Pce"|"
2,02 €"
1932|Lingettes sensitives sans parfum et sans alcool pour bébé|Les 2 paquets de 64|[Origine : ESPAGNE, Aqua, sodium lauryl glucose carboxylate, lauryl glucoside, sodium chloride, gluconolactone, sodium benzoate, calcium gluconate, hexildecanol, hexyldecyl, laurate, potassium sorbate, xanthan gum, propylene glycol, chamomilla recutita (matricaria), flower extract, aloe barbadensis gel, sodium sulfite]|"
0,03€ / Pce"|"
3,85 €"
1933|Lingettes bébé & maman à l'eau thermale des Alpes|Le paquet de 76|[Origine : ESPAGNE, Cadum a sélectionné au coeur des Alpes une source thermale dont l'eau, pure et riche est reconnus pour ses vertus. Ces lingettes nettoient en douceur et sans rinçage la peau fragile de votre bébé., Ne pas jeter dans les toilettes., Aqua (water)*, peg-40 hydrogenated castor oil, glycerin, sodium benzoate, parfum, polyaminopropyl biguanide, prunus amygdalus dulcis oil, citric acid. *Contient de l'eau thermale., 3 mois après ouverture.]|"
0,05€ / Pce"|"
4,05 €"
1934|Lingettes ultra-douces au lait de toilette, sans rincer|Le paquet de 72 lingettes|[Origine : FRANCE, Les lingettes épaisses ultra-douces Mixa bébé ont été spécialement formulées pour respecter la peau délicate des bébés.De tolérance optimale, elles nettoient efficacement et sans rinçage les fesses de bébé. Imprégnées de lait de toilette Mixa bébé, riche en huile d'amande douce et en vitamine E, elles hydratent aussi la peau, la protègent des irritations et lui apportent une infinie douceur. Son parfum douceur est particulièrement adapté à la toilette des bébés et des adultes., Un système d'ouverture facile qui permet une distribution feuille à feuille. Un couvercle plastique qui garde les lingettes à l'abri de l'air et éviter leur dessèchement. Ne pas avaler. Ne pas laisser à la portée des jeunes enfants sans surveillance.En contact avec les yeux, les rincer immédiatement. Ne pas jeter dans les toilettes., Aqua/water, glycerin, paraffinum liquidum/mineral oil, carbomer, dimethicone, disodium EDTA, ethylparaben, glyceryl stearate, methylparaben, PEG-100 stearate, phenoxyethanol, prunus amygdalus dulcis oil/sweet almond oil, sodium hydroxide, stearyl alcohol, tocopherol, xanthan gum, parfum/fragrance. (F.I.L. B44104/3)., 3 mois après ouverture.]|"
0,06€ / Pce"|"
4,01 €"
1935|Lingettes ultra-fraîches, à l'eau nettoyante, enrichi en glycérine, nettoie, hydrate et rafraîchit les peaux délicates|Le paquet de 72 lingettes|[Origine : FRANCE, Les lingettes épaisses ultra-fraîches Mixa Bébé ont été spécialement formulées pour respecter la peau délicate des bébés. Fibres biodégradables.Elles allient en 1 seul geste : la grande efficacité nettoyante d'une eau très pure : de tolérance optimale, les lingettes éliminent parfaitement les salissures, et rafraîchissent la peau de bébé, sans rinçage, le pouvoir hydratant de la glycérine : les lingettes sont très douces, hydratent la peau délicate de bébé, et préviennent du dessèchement., Ne pas avaler. Ne pas laisser à la portée des jeunes enfants sans surveillance. Ne pas jeter dans les toilettes. Ne jeter pas cette lingette dans la nature., Aqua/water, PEG-8, glycerin, chlorhexidine digluconate, PEG-60 hydrogenated castor oil, phenoxyethanol, parfum/fragrance. (F.I.L. B44107/1)., 3 mois après ouverture.]|"
0,06€ / Pce"|"
4,42 €"
1936|Recharge lingettes , soft&care|Le paquet de 63 lingettes|[Origine : FRANCE, Aqua, Paraffinum Liquidum, Glycerin, Panthenol, Sodium Acrylates/C10-30 Alkyl Acrylate Crosspolymer, VP/Hexadecene Copolymer, Ethylhexylglycerin, Phenoxyethanol, Methylisothiazolinone, Parfum.]|"
0,05€ / Pce"|"
3,01 €"
1937|Lingettes de toilette|Le paquet de 110 lingettes|[Origine : FRANCE, Lingettes Kandoo pour s'essuyer tout seul aux toilettes. Tenir ce sac hors de portée des bébés et enfants pour éviter tout risque d'étouffement. Pour ne pas risquer de boucher vos canalisations, ne pas jeter plus de 5 lingettes à la fois. Ne pas jeter dans des toilettes avec broyeur., Aqua, peg-40 hydrogenated castor oil, sodium citrate, citric acid, sodium benzoate, xanthan gum, disodium edta, bis-peg/ppg-16/16 peg/ppg-16/16 dimethicone, benzyl alcohol, phenoxyethanol, ethylhexylglycerin, caprylic/capric triglyceride, parfum, hydroxycitronellal, amyl cinnamal., 3 mois après ouverture.]|"
0,05€ / Pce"|"
5,78 €"
1938|Lingettes Freshclean|Les 4 paquet de 64 lingettes|[Origine : FRANCE, Offrez à votre bébé un nettoyage propre et frais comme après le bain grâce aux nouvelles lingettes Pampers Fresh Clean et leur nouvelle texture Soft Grip*.                                                                   De plus, elles sont testéesdermatologiquement et sont imprégnées d'une lotion adoucie d'une touche d'aloé.                                         Pour une toilette rafraîchissante à chaque change, essayez les lingettes Pampers Fresh Clean., Pour éviter tout danger de suffocation et/ou d'étranglement, garder hors de portée des bébés et des enfants tous les éléments de l'emballage., EAU, ACIDE CITRIQUE, HUILE DE RICIN HYDROGÉNÉE ÉTHOXYLÉE, ALCOOL BENZYLIQUE, CITRATE DE SODIUM, PHÉNOXYÉTHANOL, GOMME XANTHAN, BENZOATE DE SODIUM, EDTA DISODIQUE, BIS-PEG/PPG-16/16 PEG/PPG-16/16 DIMÉTHICONE, PARFUM, ÉTHYLHEXYLGLYCÉRINE, PENTADECALACTONE, TRIGLYCÉRIDE CAPRYLIQUE/CAPRIQUE, MALTODEXTRINE, JUS DE FEUILLE D'ALOE BARBADENSIS, TOCOPHÉROL]|"
0,03€ / Pce"|"
7,87 €"
1939|Lingettes Fresh clean|Le paquet de 64 lingettes|[Origine : ALLEMAGNE, Offrez à votre bébé un nettoyage propre et frais comme après le bain grâce aux nouvelles lingettes Pampers Fresh Clean et leur nouvelle texture Soft Grip.                                                                    De plus, elles sont testéesdermatologiquement et sont imprégnées d'une lotion adoucie d'une touche d'aloé.                                         Pour une toilette rafraîchissante à chaque change, essayez les lingettes Pampers Fresh Clean., Pour éviter tout danger de suffocation et/ou d'étranglement, garder hors de portée des bébés et des enfants tous les éléments de l'emballage., EAU, ACIDE CITRIQUE, HUILE DE RICIN HYDROGÉNÉE ÉTHOXYLÉE, ALCOOL BENZYLIQUE, CITRATE DE SODIUM, PHÉNOXYÉTHANOL, GOMME XANTHAN, BENZOATE DE SODIUM, EDTA DISODIQUE, BIS-PEG/PPG-16/16 PEG/PPG-16/16 DIMÉTHICONE, PARFUM, ÉTHYLHEXYLGLYCÉRINE, PENTADECALACTONE, TRIGLYCÉRIDE CAPRYLIQUE/CAPRIQUE, MALTODEXTRINE, JUS DE FEUILE D'ALOE BARBADENSIS, TOCOPHÉROL.]|"
0,04€ / Pce"|"
2,69 €"
1940|Lingettes Fresh clean|Le paquet de 64 lingettes|[Origine : ALLEMAGNE, Offrez à votre bébé un nettoyage propre et frais comme après le bain grâce aux nouvelles lingettes Pampers Fresh Clean et leur nouvelle texture Soft Grip.                                                                    De plus, elles sont testéesdermatologiquement et sont imprégnées d'une lotion adoucie d'une touche d'aloé.                                         Pour une toilette rafraîchissante à chaque change, essayez les lingettes Pampers Fresh Clean., Pour éviter tout danger de suffocation et/ou d'étranglement, garder hors de portée des bébés et des enfants tous les éléments de l'emballage., EAU, ACIDE CITRIQUE, HUILE DE RICIN HYDROGÉNÉE ÉTHOXYLÉE, ALCOOL BENZYLIQUE, CITRATE DE SODIUM, PHÉNOXYÉTHANOL, GOMME XANTHAN, BENZOATE DE SODIUM, EDTA DISODIQUE, BIS-PEG/PPG-16/16 PEG/PPG-16/16 DIMÉTHICONE, PARFUM, ÉTHYLHEXYLGLYCÉRINE, PENTADECALACTONE, TRIGLYCÉRIDE CAPRYLIQUE/CAPRIQUE, MALTODEXTRINE, JUS DE FEUILE D'ALOE BARBADENSIS, TOCOPHÉROL.]|"
0,04€ / Pce"|"
2,69 €"
1941|Lingettes Sensitive|Le paquet de 56 lingettes|[Origine : ALLEMAGNE]|"
0,05€ / Pce"|"
2,93 €"
1942|Lingettes Sensitive|Le paquet de 56 lingettes|[Origine : ALLEMAGNE]|"
0,05€ / Pce"|"
2,93 €"
1943|Lingettes Sensitive|Les 3 paquet de 56 lingettes|[Origine : FRANCE, Changer votre bébé peut devenir l'un des moments les plus complices de la journée.                                                                  C'est pourquoi les lingettes Pampers Sensitive sont désormais dotées de la texture unique Soft Grip, une lingette plus efficace pour une toilette plus douce*.                                                                Testées dermatologiquement et sans parfum, leur douceur a été prouvée cliniquement.L'emballage, doté d'un système de distribution facile avec fermeture retenant l'humidité, vous permettra de rendre le moment du change encore plus agréable. De plus, les lingettes Pampers Sensitive sont maintenant 15 % plus épaisses*et habillées d'un motif ultra-doux. Offrez à votre bébé une toilette sur le thème de la douceur grâce aux lingettes Pampers Sensitive.  *Comparé aux anciennes lingettes Pampers Sensitive., Pour éviter tout danger de suffocation et/ou d'étranglement, garder hors de portée des bébés et des enfants tous les éléments de l'emballage., EAU, ACIDE CITRIQUE, HUILE DE RICIN HYDROGÉNÉE ÉTHOXYLÉE, ALCOOL BENZYLIQUE, CITRATE DE SODIUM, PHÉNOXYÉTHANOL, BENZOATE DE SODIUM, GOMME XANTHAN, EDTA DISODIQUE, BIS-PEG/PPG-16/16 PEG/PPG-16/16 DIMÉTHICONE, ÉTHYLHEXYLGLYCÉRINE, PENTADECALACTONE, DIPROPYLÈNE GLYCOL,TRIGLYCÉRIDE CAPRYLIQUE/CAPRIQUE, JUS DE FEUILLE D'ALOE BARBADENSIS, MALTODEXTRINE, BISABOLOL, EXTRAIT DE FLEURS DE CHAMOMILLA RECUTITA (MATRICARIA), TOCOPHÉROL]|"
0,05€ / Pce"|"
7,97 €"
1944|Lingettes sensitive new baby|Le paquet de 150 lingettes|[Origine : FRANCE]|"
0,07€ / Pce"|"
3,38 €"
1945|Lingettes sensitive new baby|Le paquet de 150 lingettes|[Origine : FRANCE]|"
0,07€ / Pce"|"
3,38 €"
1946|Bâtonnets souples, embouts sécurité 100% coton|La boîte de 50|[Origine : FRANCE]|"
0,02€ / Pce"|"
0,91 €"
1947|Maxi-rectangles de coton pour bébé, extra doux|Le paquet de 80|[Origine : FRANCE, Les maxi-rectangles bébé Bout'chou ont été spécialement conçus pour la toilette et le soin de la peau de bébé. Leur grande taille permet une bonne prise en main., 100% coton.]|"
0,03€ / Pce"|"
2,43 €"
1948|Maxi-rectangles doux double face pour bébé                       100% coton bio|Le sachet de 60 rectangles|[Origine : PAYS-BAS]|"
0,05€ / Pce"|"
2,93 €"
1949|Maxi-rectangles doux double face pour bébé                       100% coton bio|Le sachet de 60 rectangles|[Origine : PAYS-BAS]|"
0,05€ / Pce"|"
2,93 €"
1950|Coton bébé Original|Le paquet de 75|[Origine : FRANCE]|"
0,04€ / Pce"|"
3,34 €"
1951|Talc de toilette pour les peaux délicates|La boîte de 300g|[Origine : FRANCE, Propriétés : spécialement adapté à la toilette quotidienne des bébés et des peaux délicates, le talc de toilette Cadum prévient les risques de rougeurs et d'irritations, grâce à son fort pouvoir d'absorption. Sa poudre fine protège et adoucit la peau. Le talc de toilette Cadum laisse la peau douce, saine et souple., Mode d'emploi : poudrer abondamment sur une peau propre et sèche. Eviter le nez, la bouche et les yeux., Talc, parfum, benzyl salicylate, limonene, alpha-isomethyl ionone, linalool, cinnamyl alcohol, hydroxyisohexyl 3-cyclohexene carboxaldehyde, isoeugenol, triclosan.]|"
9,30€ / Kg"|"
2,79 €"
1952|Gel sans savon corps et cheveux|Le flacon pompe de 750ml|[Origine : FRANCE, Bébé Cadum, a mis tout son savoir-faire dans ce gel corps et cheveux sans savon à l'huile d'amandes douces bio, pour nettoyer en douceur la peau fragile de bébé et maman.Ne pique pas les yeux., Valeur énergétique en Joules :  0, Valeur énergétique en Kcal : 0, Glucides : 0, Lipides : 0, Protides :0, Aqua (water), glycerin, cocamidopropyl betaine, sodium laureth sulfate, sodium laureth-8 sulfate, coco-glucoside, peg-200 hydrogenated glyceryl palmate, parfum (fragrance), magnesium laureth sulfate, magnesium laureth-8 sulfate, sodium oleth sulfate,sodium chloride, peg-40 hydrogenated castor oil, sodium benzoate, peg-7 glyceryl cocoate, potassium sorbate, magnesium oleth sulfate, polyquaternium-10, citric acid, prunus amygdalus dulcis (sweet almond) oil, sodium acetate, isopropyl alcohol, Cl19140 (acid yellow 23), Cl17200 (d&c red n°33). *Ingrédient issu de l'agriculture biologique. Sans savon. Sans paraben, EDTA, BHT, DMDM, phénoxyéthanol. Contre les tests sur les animaux., 12 mois après ouverture.]|"
7,99€ / L"|"
5,99 €"
1953|Gel corps et cheveux 2 en 1 à l'hydra-bléïne, sans savon|Le flacon-pompe de 750ml|[Origine : FRANCE, Le gel corps et cheveux 2 en 1 Biolane nettoie en un seul geste la peau fragile et les cheveux fins de bébé. Garantie sans savon, sa base lavante très douce nettoie sans dessécher et préserve l'équilibre naturel cutané. Testé sous contrôle dermatologique et formulé à pH lacrymal, ce gel très doux ne pique pas les yeux., Appliquer une noisette de gel sur la peau et le cuir chevelu mouillés au préalable, faire mousser, rincer abondamment puis sécher en tamponnant chaque pli et repli., Aqua, sodium cocoamphoacetate, peg-200 hydrogenated glyceryl palmate, decyl glucoside, peg-40 glyceryl cocoate, peg-7 glyceryl cocoate, peg-120 methyl glucose dioleate, cocodimonium hydroxypropyl hydrolyzed wheat protein, sorbitol, sodium coceth sulfate, citric acid, parfum, edta tetrasodium, methylchloroisothiazolinone/methylisothiazolinone, butylphenyl methylpropional, hexyl cinnamal, hydroxyisohexyl 3-cyclohexene carboxaldehyde, limonene; linalool.]|"
11,57€ / L"|"
8,68 €"
1954|Gel lavant surgras sans paraben|Le flacon de 750 ml|[Origine : FRANCE, Le gel lavant surgras Biolane est recommandé pour nettoyer en toute sécurité le corps et le cuir chevelu du nourrisson. Sa texture crème enrichie d'un agent surgraissant nourrit la peau en douceur et apporte tous les plaisirs du nettoyage à l'eau sans ses effets desséchants., S'utilise pour le bain quotidien pour le corps et les cheveux (1 à 2 pressions). Appliquer sur une peau bien mouillée, faire mousser, rincer abondamment puis sécher soigneusement en tamponnant chaque pli et repli. Limiter le bain à 2 ou 3 minutes chez le nouveau-né pour prévenir la sécheresse cutanée., Aqua, sodium cocoamphoacetate, peg-40 glyceryl cocoate, glycol distearate, peg-7 glyceryl cocoate, peg-120 methyl glucose dioleate, decyl glucoside, sodium coceth sulfate, coco glucoside, glyceryl oleate, citric acid, sorbitol, parfum, cocodimonium hydroxypropyl hydrolyzed wheat protein, caprylyl glycol, magnesium citrate, tocopherol, methylchloroisothiazolinone hydrogenated palm glycerides citrate, methylisothiazolinone, magnesium chloride, butylphenyl methylpropional, hexyl cinnamal, hydroxyisohexyl 3-cyclohexene carboxaldehyde, limonene, linalool. Sans paraben., 6 mois après ouverture. A conserver à une température comprise entre 15 et 25°C.]|"
10,68€ / L"|"
8,01 €"
1955|Gel lavant corps et cheveux, aux extraits d'amande douce|Le flacon de 250ml|[Origine : FRANCE, Le gel lavant corps et cheveux bout'chou a été spécialement conçu pour la toilette quotidienne des bébés. Enrichie en extraits d'amande douce et sans savon, sa formule respecte les peaux délicates. Il laisse la peau douce el hydratée* el rend les cheveux doux el brillants. Testé sous contrôle dermatologique et ophtalmologique. *hydratation des couches supérieures de l'épiderme., Précautions d'emploi : en cas de contact avec les yeux, laver immédiatement et abondamment avec de l'eau. Conseils d'utilisation : mouillez les cheveux et le corps. Appliquez une dose de gel lavant faites mousser sur le corps et les cheveux. Rincez et séchez soigneusement sans oublier les petits plis de la peau., Aqua, sodium laureth sulfate, cocamidopropyl betaine, decyl glucoside, PEG-150 distearate, PEG-7 glyceryl cocoate, glycerin, DMDM hydantoin, prunus amygdalus dulcis extract, panthenol, polysorbate 20, PEG-25 hydrogenated castor oil, propylene glycol,citric acid, sodium chloride, phenoxyethanol parfum.]|"
7,60€ / L"|"
1,90 €"
1956|Gel lavant corps et cheveux, sans savon, aux extraits d'amande douce|Le flacon-pompe de 500ml|[Origine : FRANCE, Le gel lavant corps et cheveux Bout' chou a été spécialement conçu pour la toilette quotidienne des bébés. Enrichie en extraits d'amande douce et sans savon, sa formulerespecte les peaux délicates. Il laisse la peau douce et hydratée* et rend les cheveux doux et brillants. Testé sous contrôle dermatologique et ophtalmologique. *hydratation des couches supérieures de l'épiderme., Grâce à la pompe distributrice, vous pouvez doser correctement le gel : 1 pression = 1 dose. Tournez vers la gauche pour ouvrir la pompe. Lors de la première utilisation, pompez plusieurs fois afin d'amorcer le gel. Puis tournez vers la droite pour refermer la pompe. Conseils d'Utilisation : Mouillez les cheveux et le corps. Appliquez une dose de Gel lavant. Faites mousser sur le corps et les cheveux. Rincez et séchez soigneusement sans oublier les petits plis de la peau. Précautions d'emploi :En cas de contact avec les yeux, laver immédiatement et abondamment avec de l'eau., aqua, sodium laureth sulfate, cocamidopropyl betaine, decyl glucoside, peg-150 distearate, peg-7 glyceryl cocoate, glycerin, dmdm hydantoin, prunus amygdalus dulcis extract, panthenol, polysorbate 20, peg-25 hydrogenated castor oil, propylene glycol,citric acid, sodium chloride, phenoxyethanol, parfum.]|"
6,50€ / L"|"
3,25 €"
1957|Gel corps et cheveux bio, peaux et cheveux délicats|Le flacon de 250ml|[Origine : FRANCE, Ce gel lavant certifié Bio contient 99% d'ingrédients d'origine naturelle. Très respectueux, il est enrichi en aloé vera Bio connu pour sa douceur et ses vertus apaisantes. Ne pique pas les yeux.Résultat : la peau et les cheveux de bébé sont doux ethydratés. Parfum doux et léger 100% d'origine naturelle. Découvrez le Gel Corps et Cheveux Mixa bébé Bio : toute l'expertise de Mixa bébé en version Bio Hypoallergénique., Ne pas avaler. Ne pas laisser à la portée de jeunes enfants sans surveillance. En cas de contact ou de projection dans les yeux les rincer immédiatement., Aqua/water, sucrose*, glycerin, coco betaine, disodium cocoyl, glutamate, potassium sorbate, sorbitol, aloe barbadensis/aloe barbadensis leaf juice*, parfum/fragrance, sodium chloride, sodium cocoyl glutamate, sodium benzoate, sodium hydroxide, cyamopsis tetragonolobus gum/guar gum, citric acid, xanthan gum (F.I.L C47375/1). *Ingrédients issus de l'agriculture biologique. Sans savon. Sans paraben. Sans alcool., 6 mois après ouverture.]|"
22,92€ / L"|"
5,73 €"
1958|Gel corps et cheveux bio, peaux et cheveux délicats|Le flacon de 250ml|[Origine : FRANCE, Ce gel lavant certifié Bio contient 99% d'ingrédients d'origine naturelle. Très respectueux, il est enrichi en aloé vera Bio connu pour sa douceur et ses vertus apaisantes. Ne pique pas les yeux.Résultat : la peau et les cheveux de bébé sont doux ethydratés. Parfum doux et léger 100% d'origine naturelle. Découvrez le Gel Corps et Cheveux Mixa bébé Bio : toute l'expertise de Mixa bébé en version Bio Hypoallergénique., Ne pas avaler. Ne pas laisser à la portée de jeunes enfants sans surveillance. En cas de contact ou de projection dans les yeux les rincer immédiatement., Aqua/water, sucrose*, glycerin, coco betaine, disodium cocoyl, glutamate, potassium sorbate, sorbitol, aloe barbadensis/aloe barbadensis leaf juice*, parfum/fragrance, sodium chloride, sodium cocoyl glutamate, sodium benzoate, sodium hydroxide, cyamopsis tetragonolobus gum/guar gum, citric acid, xanthan gum (F.I.L C47375/1). *Ingrédients issus de l'agriculture biologique. Sans savon. Sans paraben. Sans alcool., 6 mois après ouverture.]|"
22,92€ / L"|"
5,73 €"
1959|Gel très doux 2 en 1, pour corps et cheveux|Le flacon-pompe de 250ml|[Origine : FRANCE, Le gel très doux corps et cheveux Mixa Bébé a été spécialement formulé pour la toilette quotidienne des bébés et des peaux délicates.Sa base lavante sans savon très douce nettoie en un seul geste les cheveux, le visage et le corps. Enrichi en huile d'amande douce (nourrissante, protectrice et adoucissante), il préserve la barrière protectrice de la peau. Résultat : votre bébé est parfaitement nettoyé, sa peau est douce et hydratée et ses cheveux sont soyeux. Son pH est neutre pour la peau et ilne pique pas les yeux., Ne pas avaler. Ne pas laisser à la portée des jeunes enfants sans surveillance. En cas de projection dans les yeux, les rincer immédiatement., Aqua/water,  sodium laureth sulfate, peg-200 hydrogenated glyceryl palmate, glycerin, coco-betaine, polysorbate 20, peg-7 glyceryl cocoate, sodium chloride, peg-60 hydrogenated castor oil, ppg-5 ceteth-20, cocamide mea, parfum/fragrance, sodium benzoate, prunus amygdalus dulcis oil/sweet almond oil, polyquaternium-10. (F.I.L. C27590/1)., 6 mois après ouverture.]|"
18,08€ / L"|"
4,52 €"
1960|Gel lavant douceur corps & cheveux, sans paraben, hypoallergénique|La pompe de 750ml|[Origine : ALLEMAGNE, 2en1 : nettoie en douceur et en un seul geste la peau délicate et les cheveux fins de bébé. Spécialement formulé pour les yeux sensibles de bébé. Sa base lavante extra douce et sans savon se rince facilement. Sa formule au Calendula prévient la peaudu dessèchement. Elle laisse la peau de bébé douce et ses cheveux soyeux., Verser une dose de gel dans le creux de la main et masser le corps et le cuir chevelu de bébé pour faire mousser. Rincer soigneusement., Aqua, decyl glucoside, sodium myreth sulfate, peg-200 hydrogenated  glyceryl palmate, cocamidopropyl betaine, calendula officinalis flower extract, glycerin, sodium chloride, citric acid, polyquaternium-10, glucose, sodium benzoate, parfum. 0% paraben, alcool, colorant, savon., 12 mois après ouverture.]|"
9,68€ / L"|"
7,26 €"
1961|Shampooing doux pour bébé, aux extraits d'amande douce|Le flacon de 250ml|[Origine : FRANCE, Le shampooing très doux Bout'chou a été spécialement conçu pour la toilette quotidienne des bébés. Enrichi en extraits d'amande douce, il lave parfaitement tout en respectant les cheveux délicats et les cuirs chevelus fragiles. Il se rince facilement. Il apporte douceur et brillance aux cheveux. Testé sous contrôle dermatologique et ophtalmologique., Appliquez sur cheveux mouillés. Massez légèrement pour faire mousser. Rincez soigneusement. Précautions d'emploi : En cas de contact avec les yeux, laver immédiatement et abondamment avec de l'eau., aqua, sodium laureth sulfate, decyl glucoside, COCAMIDOPROPYL BETAINE, PEG-150 DISTEARATE, PEG-7 GLYCERYL COCOATE, GLYCERIN, POLYSORBATE 20, DIMETHICONE COPOLYOL DMDM HYDANTOIN, PRUNUS AMYGDALUS DULCIS EXTRACT, PANTHENOL CITRIC ACID, SODIUM CHLORIDE,PHENOXYETHANOL PARFUM, Cl 14700, Cl 47005.]|"
7,52€ / L"|"
1,88 €"
1962|Shampooing bio, Cheveux fragiles|Le flacon de 250ml|[Origine : FRANCE, Délicats et naturellement fragiles, les cheveux de bébé réclament le plus grand respect. Découvrez le shampooing Mixa Bébé Bio : toute l'expertise de Mixa Bébé en version bio et hypoallergénique.Les cheveux de bébé sont brillants de santé et incroyablement doux. Ne pique pas les yeux., Ne pas laisser à la portée des jeunes enfants sans surveillance. En cas de contact avec les yeux, rincer immédiatement. Attention ne pas avaler., Aqua/water, sucrose*, disodium cocoamphodiacetate, decyl glucoside, glycerin, disodium cocoyl glutamate, sodium chloride,* aloe barbadensis/aloe barbadensis leaf juice, sodium glycolate, sodium benzoate, sodium cocoyl glutamate, salicylic acid, chondrus crispus (carrageenan), citric acid, xanthan gum, parfum/fragrance. (F.I.L. C47322/2). 99% du total des ingrédients sont dorigine naturelle. 20% du total des ingrédients sont issus de lagriculture biologique. Sans paraben.* ingrédients issus del'agriculture biologique., 6 mois après ouverture.]|"
20,52€ / L"|"
5,13 €"
1963|Shampooing bio, Cheveux fragiles|Le flacon de 250ml|[Origine : FRANCE, Délicats et naturellement fragiles, les cheveux de bébé réclament le plus grand respect. Découvrez le shampooing Mixa Bébé Bio : toute l'expertise de Mixa Bébé en version bio et hypoallergénique.Les cheveux de bébé sont brillants de santé et incroyablement doux. Ne pique pas les yeux., Ne pas laisser à la portée des jeunes enfants sans surveillance. En cas de contact avec les yeux, rincer immédiatement. Attention ne pas avaler., Aqua/water, sucrose*, disodium cocoamphodiacetate, decyl glucoside, glycerin, disodium cocoyl glutamate, sodium chloride,* aloe barbadensis/aloe barbadensis leaf juice, sodium glycolate, sodium benzoate, sodium cocoyl glutamate, salicylic acid, chondrus crispus (carrageenan), citric acid, xanthan gum, parfum/fragrance. (F.I.L. C47322/2). 99% du total des ingrédients sont dorigine naturelle. 20% du total des ingrédients sont issus de lagriculture biologique. Sans paraben.* ingrédients issus del'agriculture biologique., 6 mois après ouverture.]|"
20,52€ / L"|"
5,13 €"
1964|Shampooing très doux|La bouteille de 250ml|[Origine : FRANCE, Le shampooing Mixa bébé est à la fois d'une très grande douceur pour les cheveux fragiles et particulièrement adapté aux lavages fréquents des cheveux d'adultes. Il lave parfaitement tous les types de cheveux tout en maintenant l'équilibre naturel dela fibre capillaire. Sa mousse très onctueuse se rince facilement et rend son utilisation très agréable. Sa formule enrichie en agents adoucissants facilite le démêlage des cheveux difficiles à coiffer. Vos cheveux retrouvent ainsi toute leur douceur, leur souplesse et leur brillance. Ils sont éclatants de santé. Le shampooing Mixa bébé ne pique pas les yeux et n'irrite pas le cuir chevelu. Il est testé sous contrôle dermatologique et ophtalmologique., Aqua/water, sodium laureth sulfate, peg-200 hydrogenated glyceryl palmate, disodium cocoamphodiacetate, polysorbate 20, disodium laureth sulfosuccinate, sodium chloride, peg-7 glyceryl cocoate, peg-30 glyceryl cocoate, hexylene glycol, Cl 47005/acidyellow 3, linalool, caramel, alpha-isomethyl ionone, sodium benzoate, sodium methylparaben, salicylic acid, sodium hydroxide, limonene, citric acid, polyquaternium-10, ethylparaben, parfum/fragrance (FIL C28973/1).]|"
11,16€ / L"|"
2,79 €"
1965|Shampooing très doux hypoallergénique|La bouteille de 250ml|[Origine : FRANCE, Le shampooing Mixa Bébé est à la fois d'une très grande douceur pour les cheveux fragiles et particulièrement adapté aux lavages fréquents des cheveux d'adultes. Il lave parfaitement tous les types de cheveux tout en maintenant l'équilibre naturel dela fibre capillaire. Sa mousse très onctueuse se rince facilement et rend son utilisation très agréable. Sa formule enrichie en agents adoucissants facilite le démêlage des cheveux difficiles à coiffer. Vos cheveux retrouvent ainsi toute leur douceur, leur souplesse et leur brillance. Ils sont éclatants de santé. Le shampooing Mixa bébé ne pique pas les yeux et est doux pour le cuir chevelu. Testé sous contrôle dermatologique et ophtalmologique, il est également hypoallergénique, c'est-à-dire formulé pour minimiser les risques d'allergies., Aqua/water, sodium laureth sulfate, peg-200 hydrogenated glyceryl palmate, coco-betaine, peg-7 glyceryl cocoate, Cl 47005/acid yellow 3, caramel, sodium chloride, sodium benzoate, sodium methylparaben, salicylic acid, polysorbate 20, hexylene glycol,ethylparaben, polyquaternium-10, parfum/fragrance. (FIL C28081/1).]|"
10,92€ / L"|"
2,73 €"
1966|Eau nettoyante à l'huile d'amande douce|Le flacon-pompe de 750ml|[Origine : FRANCE, Bébé Cadum a mis tout son savoir-faire dans cette eau nettoyante à l'huile d'amandes douces bio, pour nettoyer en douceur, la peau fragile du siège et du corps de bébé.Sa formule hypoallergénique* testée cliniquement, est si douce qu'elle convient même aux peaux délicates des nourrissons et au démaquillage des mamans. *Formulée pour minimiser les risques d'allergies., Appliquer à l'aide d'un coton, inutile de rincer., Aqua, peg-6 caprylic/capric glycerides, propylene glycol, sodium benzoate, peg-40 hydrogenated castor oil, parfum, citric acid, prunus amygdalus dulcis (sweet almond) oil*, glycerin, potassium hydroxide, tetrasodium glutamate diacetate. * Ingrédientissu de l'agriculture biologique. Sans paraben, sans edta, sans bht, sans dmdm, sans phénoxyéthanol. Contre les tests sur les animaux., 12 mois après ouverture.]|"
8,73€ / L"|"
6,55 €"
1967|Eau de toilette fraîcheur, sans alcool|Le spray de 200ml|[Origine : FRANCE, L'eau de toilette Fraîcheur Biolane a été spécialement formulée pour compléter agréablement la toilette et rafraîchir votre bébé à tout moment de la journée.Testée sous contrôle dermatologique, formulée sans alcool et à pH physiologique, elle préserve l'équilibre naturel cutané et peut s'utiliser en toute sécurité chez le nouveau-né. Riche en vitamine B5, elle permet d'adoucir et d'assouplir l'épiderme. Son parfum doux et agréable fait de la toilette de votre bébé un moment unique de fraîcheur et de plaisir., La toilette terminée, appliquer l'Eau De Toilette Fraîcheur Biolane en frictions légères sur tout le corps et le cuir chevelu, ou vaporiser sur les vêtements et le linge de bébé. Ne pas vaporiser sur le visage, Aqua, PEG-60 hydrogenated castor oil, laureth-11, panthenol, sorbic acid, parfum, edta tetrasodium, sodium hydroxide, phenoxyethanol, methylparaben, ethylparaben, propylparaben, butylparaben, Cl16255, alpha isomethyl ionone, butylphenyl methylpropional, cinnamyl alcohol, citral, citronellol, coumarin, eugenol, geraniol, hexyl cinnamal, hydroxycitronellal, hydroxyisohexyl 3-cyclohexene carboxaldehyde, limonene, linalool.]|"
22,80€ / L"|"
4,56 €"
1968|Eau pure H2O, nettoyant sans rinçage pour le visage et le corps|Le flacon-pompe de 750ml|[Origine : FRANCE, L'Eau Pure H2O Biolane permet de nettoyer parfaitement et sans rincer le visage, le corps et le siège de bébé.Ne se rince pas : cette nouvelle forme galénique permet de nettoyer sans rincer et d'éviter ainsi l'action desséchante du nettoyage à l'eau.Le geste hydratant : avec l'hydra-bléïne, l'action des lipides et des protéines de blé permet de limiter la perte en eau (déshydratation) et de surgraisser l'épiderme. Chaque jour, l'Eau Pure H2O Biolane permet en un seul geste de nettoyer et d'hydrater l'épiderme., Appliquer chaque jour à l'aide d'un coton sur le visage, le corps et le siège de bébé. Changer de coton à chaque application. Ne pas rincer. Ultra pratique, la pompe doseuse : elle se déverrouille par un simple quart de tour et délivre la quantité nécessaire de produit. Ne pas avaler., Aqua, peg-40 hydrogenated castor oil, methyl propanediol, glycerin, peg-40 glyceryl cocoate, sodium coceth sulfate, cocodimonium hydroxypropyl hydrolyzed wheat protein, parfum, tetrasodium edta, citric acid, polyaminopropyl biguanide, caprylyl glycol, alpha-isomethyl ionone, butylphenyl methylpropional, citral, citronellol, eugenol, hexyl cinnamal, hydroxycitronellal, hydroxyisohexyl 3-cyclohexene carboxaldehyde, limonene, linalool. Sans savon. Sans paraben., A conserver à une température comprise entre 15 et 25°C.]|"
10,63€ / L"|"
7,97 €"
1969|Lait de toilette à l'huile de germe de blé, sans paraben|Le flacon-pompe de 750ml|[Origine : FRANCE, Le Lait de toilette Douceur Biolane est une émulsion adoucissante spécialement conçue pour nettoyer le visage, le corps et le siège de bébé.Sa formule d'une extrême douceur ne nécessite pas de rinçage et ne laisse pas de film gras sur la peau. Garantie sans paraben, sa base lavante douce formulée à pH physiologique préserve l'équilibre naturel cutané. Testé sous contrôle dermatologique et riche en substances adoucissantes (huile de germe de blé riche en vitamine E), il surgraisse en renforçant le film hydrolipidique, protecteur de l'épiderme. Ultra pratique, la pompe doseuse : elle se déverrouille par un simple quart de tour et délivre la quantité nécessaire de produit., S'utilise pour la toilette quotidienne et à chaque change, pour nettoyer le visage, le corps et le siège de bébé. Appliquer le lait à l'aide d'un coton pour éliminer toutes les impuretés. Renouveler l'application jusqu'à l'obtention d'un coton propre. Ne nécessite pas de rinçage., Aqua, paraffinum liquidum, peg-6 stearate, petrolatum, ceteth-20, steareth-20, stearic acid, carbomer, parfum, triticum vulgare (wheat) germ oil, chlorhexidine digluconate,  sodium hydroxide, methylisothiazolinone, butylphenyl methylpropional, eugenol, hexyl cinnamal, hydroxycitronellal, hydroxyisohexyl 3-cyclohexene carboxaldehyde, limonene, linalool. Formulé sans paraben., A conserver à une température comprise entre 15 et 25°C.]|"
10,13€ / L"|"
7,60 €"
1970|Liniment oléo-calcaire, sans paraben|Le flacon de 300 ml|[Origine : FRANCE, Hypoallergénique et testé sous contrôle dermatologique, le liniment Oleo Calcaire Biolane est spécifiquement formulé pour nettoyer et protéger en un seul geste l'épiderme fessier de bébé. Sa formule à 99% d'origine naturelle, à base d'huile d'olive nourrit l'épiderme fessier au quotidien. Elle contribue à prévenir les rougeurs et irritations en laissant un film protecteur contre les agressions extérieures irritantes (urines, selles, frottement des couches )., Bien agiter avant emploi. Appliquer à chaque change à l'aide d'un coton. Ne nécessite pas de rinçage. Convient également aux peaux à tendance atopique., Aqua, olea europaea fruit oil, polyglyceryl-4 diisostearate/polyhydroxystearate/sebacate, cera alba, gluconolactone, sodium benzoate, tocopherol, calcium hydroxide, calcium gluconate. Formulé sans paraben., 6 mois après ouverture. A conserver à une température comprise entre 15 et 25°C.]|"
22,30€ / L"|"
6,69 €"
1971|Eau nettoyante pour bébé|Le flacon de 100ml|[Origine : FRANCE, Nettoie et hydrate sans rinçage., Aqua, glycerin, sodium benzoate, parfum, peg-40 hydrogenated castor oil, sodium lauroyl sarcosinate, citric acid, panthenol, propylene glycol, gossypium herbaceum flower extract, sodium hydroxide, potassium sorbate.]|"
13,20€ / L"|"
1,32 €"
1972|Eau nettoyante pour bébé, peaux délicates|Le flacon de 750ml|[Origine : FRANCE, Enrichie en glycérine et formulée pour minimiser les risques d'allergies, l'eau nettoyante Bout'Chou nettoie et hydrate en douceur la peau délicate de votre bébé au quotidien. Formulée sans alcool et sans colorant, elle préserve la barrière protectrice de la peau de votre bébé. Convient à la toilette du visage, du corps, et pour le change. Laisse la peau de votre bébé rafraîchie, propre, douce et hydratée. Sans rinçage., Aqua, glycerin, sodium benzoate, parfum, peg-40 hydrogenated castor oil, sodium lauroyl sarcosinate, citric acid, panthenol, propylene glycol, gossypium herbaceum flower extract, sodium hydroxide, potassium sorbate.]|"
5,40€ / L"|"
4,05 €"
1973|Lait de toilette douceur pour bébé|Le flacon de 750ml|[Origine : FRANCE, Enrichi à l'extrait de fleur de coton et formulé pour minimiser les risques d'allergies, le lait de toilette Bout'Chou nettoie et hydrate en douceur la peau délicate de votre bébé au quotidien. Formulé sans colorant, il respecte le pH physiologique et laisse la peau de votre bébé souple et douce. Formulé pour un usage quotidien, sa texture fluide permet une toilette en douceur et ne nécessite pas de rinçage., Aqua, isopropyl myristate, glycerin, glyceryl stearate se, cetearyl alcohol, cetyl alcohol, sodium benzoate, parfum, ceteareth-33, carbomer, panthenol, propylene glycol, citric acid, gossypium herbaceum flower extract, sodium hydroxide, potassium sorbate.]|"
5,37€ / L"|"
4,03 €"
1974|Lait de toilette hydratant pour peaux délicates, aux extraits d'amande douce|Le flacon de 250ml|[Origine : FRANCE, Le lait de toilette Bout'chou a été conçu pour la toilette quotidienne des bébés. Enrichi en extraits d'amande douce et formulé pour minimiser les risques d'irritation, il nettoie en douceur et respecte les peaux fragiles des bébés grâce à ses agentsfilmogènes. Mieux hydratée, la peau de votre bébé reste souple et douce. Son pH neutre permet une toilette tout en douceur., A l'aide d'un coton imprégné de lait, nettoyez soigneusement la peau de bébé lors du change ou de la toilette. Eliminez l'excédent avec l'eau pour la toilette Bout'chou ou bien avec un deuxième colon. Séchez soigneusement sans oublier les petits plisde la peau., Aqua, paraffinum liquidum, glycerin, prunus armeniaca kernel oil, prunus amygdalus dulcis oil, PEG-8 distearate, steareth-2, steareth-21, hydroxypropyl guar, carbomer, sodium hydroxide, cetyl alcohol, prunus amygdalus dulcis extract, imidazolidinyl urea, phenoxyethanol, methylparaben, ethylparaben, propylparaben, butylparaben, isobutylparaben, parfum.]|"
7,52€ / L"|"
1,88 €"
1975|Lait de toilette hydratant pour peaux délicates, aux extraits d'amande douce|Le flacon-pompe de 500ml|[Origine : FRANCE, Le lait de toilette Bout'chou a été conçu pour la toilette quotidienne des bébés. Enrichi en extraits d'amande douce et formulé pour minimiser les risques d'irritation, il nettoie en douceur et respecte les peaux fragiles des bébés grâce à ses agentsfilmogènes. Mieux hydratée*, la peau de votre bébé reste souple et douce. Son pH neutre permet une toilette tout en douceur. Testé sous contrôle dermatologique. *hydratation des couches supérieures de l'épiderme., Grâce à la pompe distributrice, vous pouvez doser cor rectement le lait : 1 pression = 1 dose. Tournez vers la gauche pour ouvrir la pompe. Lors de la première utilisation pompez plusieurs fois afin d'amorcer le lait. Puis tournez vers la droite pourrefermer la pompe. Conseils d'Utilisation : A l'aide d'un coton imprégné de lait, nettoyez soigneusement la peau de bébé lors du change ou de la toilette. Eliminez l'excédent avec l'Eau pour la toilette Bouf chou ou bien avec un deuxième coton. Séchez soigneusement sans oublier les petits plis de la peau., aqua, paraffinum liquidum, glycerin, PRUNUS ARMENIACA KERNEL OIL, PRUNUS AMYGDALUS DULCIS OIL, PEG-8 DISTEARATE, STEARETH-2, STEARETH-21, HYDROXYPROPYLGUAR,CARBOMER,SODIUM HYDROXIDE, CETYL ALCOHOL, PRUNUS AMYGDALUS DULCIS EXTRACT, IMIDAZOLIDINYL UREA, PHENOXYETHANOL, METHYLPARABEN, ETHYLPARABEN, PROPYLPARABEN, BUTYLPARABEN,ISOBUTYLPARABEN,PARFUM.]|"
6,48€ / L"|"
3,24 €"
1976|Eau nettoyante physiologique visage & corps, nourissons & bébés|Le flacon de 250ml|[Origine : FRANCE, L'Eau Nettoyante Physiologique élimine en un seul geste et sans frotter toutes les traces d'impuretés du visage, du corps et du siège des nourrissons. Enrichie en glycérine hydratante et en panthénol apaisant, sa formule prévient du dessèchement cutané et soulage les sensations d'inconfort. La peau de bébé retrouve ainsi douceur, souplesse et confort., Appliquez à l'aide d'un coton propre et doux. Utilisez aussi souvent que nécessaire. Sans rinçage. Ne pas laisser à la portée des jeunes enfants sans surveillance. En cas de contact ou de projection dans les yeux, les rincer immédiatement. Attentionne pas avaler., Aqua/water, glycerin, allantoin, chlorhexidine digluconate, hydroxyéthylcellulose, panthenol (FIL B162208/1)., 6 mois après ouverture.]|"
17,40€ / L"|"
4,35 €"
1977|Lait de toilette très doux, à la vitamine E et huile d'amande douce|Le flacon-pompe de 400ml|[Origine : FRANCE, Formule enrichie : la formule du Lait de Toilette Mixa Bébé est encore plus douce : elle est enrichie en huile d'amande douce aux propriétés nourrissantes et hydratantes.Elle nettoie parfaitement sans irriter et favorise le bon équilibre en eau de lapeau. Elle contient de la vitamine E pour protéger efficacement la peau contre les agressions extérieures. Hypoallergénique, Mixa Bébé est formulé et testé pour minimiser les risques d'allergie., Pour les bébés : le lait de toilette Mixa Bébé nettoie parfaitement et prévient les risques d'irritations ou de rougeurs. Pour les adultes : fluide et très doux, il est recommandé pour la toilette et le démaquillage des peaux sensibles. Très pratique, sa pompe permet de doser la juste quantité de produit d'une seule main. Ce produit ne nécessite pas de rinçage à l'eau., Aqua/water, paraffinum liquidum/mineral oil, glycerin, PEG-100 stearate, glyceryl stearate, prunus amygdalus dulcis/sweet almond oil, carbomer, chlorhexidine digluconate, glycine soja oil, phenoxyethanol, sodium hydroxide, stearyl alcohol, tocopherol, xanthan gum, parfum/fragrance. (F.I.L. B35849/1)., 6 mois après ouverture.]|"
10,53€ / L"|"
4,21 €"
1978|lait de toilette très doux à l'huile d'amande douce|La bouteille de 250ml|[Origine : FRANCE, La formule du Lait de Toilette Mixa Bébé est encore plus douce. Enrichie en huile d'amande douce aux propriétés nourrissantes, elle nettoie efficacement sans irriter et favorise le bon équilibre en eau de la peau. Elle contient de la vitamine E pourprotéger efficacement la peau contre les agressions extérieures. Hypoallergénique, Mixa bébé est formulé et testé pour minimiser les risques d'allergie., Aqua/water, paraffinum liquidum/mineral oil, glycerin, peg-100 stearate, glyceryl stearate, prunus amygdalus dulcis oil/sweet almond oil, carbomer, chlorhexidine digluconate, glycine soja oil/soybean oil, phenoxyethanol, sodium hydroxide, stearyl alcohol, tocopherol, xanthan gum, parfum/fragrance (FIL B35849/1).  Sans paraben.]|"
12,96€ / L"|"
3,24 €"
1979|Eau douce nettoyante, sans paraben, hypoallergénique|La pompe de 750ml|[Origine : ALLEMAGNE, Expertise Nivea Baby, élimine efficacement les impuretés. La formule au calendula aide à prévenir la peau du dessèchement. Douce et sans alcool, sa formule est hautement tolérée par la peau de bébé., Appliquer sur un coton et nettoyer délicatement le visage, le corps ou les fesses de bébé. Convient aussi pour coiffer les cheveux. Ne pas rincer., Aqua, glycerin, peg-40 hydrogenated castor oil, calendula officinalis extract, glucose, tilia cordata extract, sodium citrate, citric acid, methylisothiazolinone, parfum. 0% paraben, alcool, colorant., 12 mois après ouverture.]|"
9,68€ / L"|"
7,26 €"
1980|Crème change soin réparateur, rougeurs et irritations|Le tube de 40ml|[Origine : FRANCE, La crème change soin réparateur a été spécialement étudiée pour soulager et réparer les rougeurs et irritations sévères du siège chez le nourrisson. A l'efficacité prouvée*, elle agit rapidement et de façon significative dès deux jours d'utilisation.Résultat, la peau est douce et réparée., Aqua, zinc oxide, fish oil, cetearyl alcohol, cetearyl glucoside, panthenol, stearyl alcohol, tocopherol, citric acid, tetrasodium edta, polyaminopropyl biguanide, cocodimonium hydroxypropyl hydrolyzed wheat protein.  Hypoallergénique, sans parfum, sans paraben, sans phenoxyethanol.]|"
98,25€ / Pce"|"
3,93 €"
1981|Crème hydratante protectrice|Le tube de 100ml|[Origine : FRANCE, Contient de l'huile d'amande douce, du beurre de karité et de la vitamine E, pour apaiser les irritations, nourrir et adoucir la peau de bébé et renforcer sa protection naturelle.Non grasse, non collante, la Crème Hydratante Protectrice s'applique facilement et pénètre instantanément. Résultat : la peau de bébé est immédiatement apaisée., Appliquez la Crème Hydratante Protectrice après le bain sur toutes les zones exposées au dessèchement, et renouvelez l'application dans la journée si nécessaire., Aqua/water, cyclohexasiloxane, cetyl alcohol, glycerin, prunus amygdalus dulcis oil/sweet almond oil, glyceryl stearate, paraffinum liquidum/mineral oil, butyrospermum parkii butter/shea butter, peg-40 stearate, chlorhexidine digluconate, sorbitan tristearate, tocopherol, parfum/fragrance (F.I.L. B37174/1)., A utiliser dans les 6 mois après ouverture.]|"
41,50€ / L"|"
4,15 €"
1982|Crème pour le change double action|Le tube de 100ml|[Origine : FRANCE, La frottement des couches ainsi que l'humidité agressent la peau et des petites fesses de bébé : des rougeurs et des irritations peuvent apparaître. ACTION REPARATION : enrichie en Oxyde de Zinc, la Crème pour change Mixa Bébé calme immédiatement lesrougeurs du siège et favorise leur disparition. Son action soulage durablement la peau en la nourrissant. ACTION PREVENTION: La Crème pour le Change forme un film protecteur sur la peau pour l'isoler de l'agression des couches et de l'humidité. Lesfesses de bébé sont ainsi protégées pour limiter l'apparition de nouvelles rougeurs et irritations. Hypoallergénique et sans parfum, la Crème pour la Change est formulée pour minimiser les risque d'allergie., Lors de change, appliquez généreusement la crème sur le siège et les plis en insistant sur les zones irritées. A utiliser sur une peau propre et sèche., Après ouverture à conserver pendant 6 mois]|"
37,50€ / L"|"
3,75 €"
1983|Eau nettoyante hydratante hypoallergénique bébé|Le flacon pompe de 250ml|[Origine : FRANCE, AQUA / WATER, GLYCERIN, PEG-8, CHLORHEXIDINE DIGLUCONATE, PEG-60 HYDROGENATED CASTOR OIL,  PARFUM / FRAGRANCE.]|"
16,20€ / L"|"
4,05 €"
1984|Crème soft, visage et corps nourrissons & bébés|Le paquet de 63 lingettes|[Origine : FRANCE, Aqua, Glycerin, Paranum Liquidum, Stearic Acid, Stearyl Alcohol, Cetyl Alcohol, Cera Microcristallina, Glyceryl Stearate, Hydrogenated Coco-Glycerides, Calendula Ocinalis Flower Extract,Glucose, LanolinAlcohol (EuceritÞ),Dimethicone,SodiumCarbomer,Phenoxyethanol, Methylisothiazolinone, Parfum]|"
25,20€ / L"|"
5,04 €"
1985|Huile d'amande douce pour les peaux sèches|Le flacon de 100ml|[Origine : FRANCE, Naturellement riche en acides gras essentiels, aide à lutter contre le dessèchement cutané., Appliquez sur le corps en légers massages. Source d'éveil, le massage participe au bon développement sensoriel et psychomoteur de votre bébé. Usage externe seulement. Tenir hors de portée des enfants., Prunus amygdalus dulcis oil. Sans paraben. Sans colorant., 36 mois après ouverture.]|"
46,50€ / L"|"
4,65 €"
1986|Sérum physiologique pour bébé, solution nasale et oculaire|Les 40 unidoses de 5ml|[Origine : FRANCE, Le sérum physiologique Bout'chou permet de nettoyer quotidiennement les yeux des nourrissons. Il peut également être utilisé pour humidifier l'intérieur du nez. Fabriqué en conditions stériles, sa présentation en doses unitaires permet une utilisation pratique et hygiénique., Le sérum physiologique Bout'chou peut être utilisé quotidiennement pour l'hygiène nasale et oculaire, à raison d'1 à 6 lavages par jour, en fonction des besoins. Détacher une unidose et l'ouvrir en tournant la partie supérieure. Tenir hors de la portée et de la vue des enfants. Ne pas utiliser la même unidose pour l'usage nasal et oculaire. Ne pas utiliser une unidose endommagée. Non injectable. Usage externe. Convient également aux adultes., Chlorure de sodium à 0,9%, eau purifiée q.s.p. 100ml., En raison du risque rapide de contamination bactérienne, toute unidose ouverte ne doit pas être réutilisée.]|"
18,75€ / L"|"
3,75 €"
1987|Sérum physiologique hypoallergénique|La boîte de 24 doses de 5ml|[Origine : FRANCE, Ce Sérum Physiologique est spécialement développé pour l'hygiène nasale et oculaire quotidienne de bébé. Il nettoie en douceur le nez de bébé et ôte les impuretés du contour de l'oeil., Détacher une dose puis l'ouvrir en tournant l'embout. Adapté aussi à l'hygiène nasale et oculaire des adultes., Aqua, sodium chloride. Sans alcool, sans colorant, sans conservateur.]|"
38,92€ / L"|"
4,67 €"
1988|Eosine précis-goutte, solution aqueuse nettoyante et asséchante pour application cutanée locale.|Le tube de 10ml|[Origine : FRANCE, Solution aqueuse nettoyante et asséchante pour application cutanée locale, le Précis-Goutte est recommandé pour les rougeurs des fesses chez le nourrisson., Appliquer quelques gouttes directement sur la peau de bébé ou sur un coton 1 à 2 fois par jour. Solution à usage externe uniquement. Ne pas laisser à la portée des enfants. Ne pas avaler. Ne pas utiliser en cas d'allergie à l'un des composants., Aqua, CI 45380, citric acid, magnesium nitrate, methylchloroisothiazolinone, magnesium chloride, methylisothiazolinone. Sans paraben., 3 mois après ouverture.]|"
405,00€ / L"|"
4,05 €"
1989|Compresses stériles non tissées pour peaux sensibles|Les 30 compresses|[Origine : FRANCE, Stériles et ultra-douces, les compresses des Laboratoires Mercurochrome Pitchoune sont particulièrement adaptées pour nettoyer les peaux sensibles des bébés ainsi que les plaies suintantes.Ultra-absorbantes : elles assurent une bonne rétention des liquides et une grande vitesse d'absorption., Pour la toilette de bébé tout en douceur : pour nettoyer les yeux et leurs pourtours, appliquer du sérum physiologique des Laboratoires Mercurochrome Pitchoune sur la compresse ultra-douce et procéder au nettoyage en allant du nez vers les tempes. Pour le reste du corps, appliquer le produit de votre choix sur la compresse ultra-douce et procéder au nettoyage. Pour une plaie, nettoyer soigneusement la plaie et son pourtour à l'aide de la compresse ultra-douce. Mettre en place la compresse en veillant à ce qu'elle recouvre bien la plaie. Faire tenir la compresse à l'aide d'un sparadrap tissu microporeux ou transparent des Laboratoires Mercurochrome. Renouveler aussi souvent que nécessaire et au moins une fois par jour. Stérile, à usage unique. Vérifier avant usage l'intégrité de la pochette de protection individuelle garantissant la stérilité. Ne sortir la compresse de la pochette qu'au moment de l'utilisation., Non-tissé médical conforme aux normes TIPS. Pliées : 7,5 cm x 7,5 cm - Dépliées 15 x 15 cm, Conserver dans son conditionnement d'origine dans un endroit sec à l'abri de la lumière et de la chaleur.]|"
0,20€ / Pce"|"
6,08 €"
1990|Coussinets d'allaitement ultra-absorbants, prévient des irritations|Les 30 coussinets|[Origine : FRANCE, Parce que la période d'allaitement est un moment privilégié entre la maman et son bébé, les Laboratoires Mercurochrome Pitchoune ont sélectionné ces coussinets d'allaitement 100% cellulose pour améliorer le bien-être des femmes qui allaitent. Ils ontune double utilisation : ils protègent votre poitrine des frottements désagréables occasionnés par le port du soutien-gorge. En période d'allaitement, votre peau est fragilisée, vos mamelons sont très sensibles. Les coussinets agiront comme une seconde peau ultra-douce. Ils sont ultra-absorbants et agissent comme un réservoir pour retenir les excédents de lait qui surviennent à la fin des tétées et en dehors des tétées. Leur voile protecteur imperméable à tout liquide évite ainsi les taches siincommodantes sur les vêtements., Avant et après la tétée, lavez soigneusement toute la zone de mamelon à l'eau minérale. Séchez bien. Après chaque tétée, placer un nouveau coussinet d'allaitement Mercurochrome Pitchoune en le collant sur votre lingerie., 100% cellulose. Voile intérieur en polypropylène.]|"
0,23€ / Pce"|"
6,89 €"
1991|Spray nasal à base d'eau de mer, hygiène nasale|Spray de 150ml|[Origine : FRANCE, Isotonique, le spray nasal à base d'eau de mer naturelle des Laboratoires Mercurochrome Pitchoune est non irritant, et contient des oligo-éléments naturels.Grâce à son microdiffuseur, le nettoyage des fosses nasales reste sans danger pour le nourrisson de plus de un mois. La muqueuse nasale est lavée en douceur et les sécrétions sont évacuées progressivement., Hydratation isotonique des fosses nasales. A utiliser chez le nourrisson à partir d'un mois. Usage nasal : éviter tout contact avec les yeux. Ne pas utiliser en cas d'allergie connue à l'un des constituants ou aux ammoniums quaternaires. En cas d'irritation : consulter un médecin. Ne pas laisser à la portée des enfants. Flacon utilisable dans toutes les positions excepté horizontalement. Récipient sous pression. Ne pas percer ou brûler, même après usage., Eau purifiée, eau de mer filtrée (2%), chlorure de sodium, chlorure de benzalkonium, EDTA disodium, phosphate disodium. Gaz propulseur non inflammable : azote., A protéger contre les rayons solaires et ne pas exposer à une source de chaleur ou à une température supérieure à 50°C.]|"
43,93€ / L"|"
6,59 €"
1992|Soin anti-rides à l'oxygène actif, métamorphose, jour et nuit.|Le pot de 50ml|[Origine : FRANCE, AQUA, CAPRYLIC/CAPRIC TRIGLYCERIDE, CETEARYL ALCOHOL, GLYCERIN, OLEIC/LINOLEIC/LINOLENIC POLYGLYCERIDES, CETYL ALCOHOL, GLYCERYL STEARATE, NIACINAMIDE, PEG-100 STEARATE, BUTYROSPERMUM PARKII BUTTER, PHENOXYETHANOL, CETEARYL GLUCOSIDE, MICA, CYCLOPENTASILOXANE, CI 77891, TOCOPHERYL ACETATE, CYCLOHEXASILOXANE, CARBOMER, CHLORPHENESIN, PARFUM, SODIUM HYALURONATE, LINOLEIC ACID, TROPAEOLUM MAJUS FLOWER/LEAF/STEM EXTRACT, SODIUM HYDROXIDE, ALARIA ESCULENTA EXTRACT, PERFLUORODECALIN, PROPYLENE GLYCOL,GLUCOSE, SIMMONDSIA CHINENSIS SEED OIL, GLYCOSPHINGOLIPIDS, PEG-75 SHEA BUTTER GLYCERIDES, ETHYLHEXYLGLYCERIN, XANTHAN GUM, LINOLENIC ACID, BENZOIC ACID, DEHYDROACETIC ACID, POLYAMINOPROPYL BIGUANIDE, CITRIC ACID]|"
250,20€ / L"|"
12,51 €"
1993|Anti-age, soin anti-rides double action, réduit les rides et renforce la fermeté de la peau|Le pot de 50ml|[Origine : FRANCE, Ses actions : fermeté : formule à la protéine de soja active la production de collagène de la peau pour la rendre plus ferme et plus lisse.Anti-rides : enrichie en complexe Rétinyle, la formule rééquilibre les réserves en eau pour atténuer les signesde sécheresse. Parallèlement, elle stimule le renouvellement cellulaire pour réduire visiblement rides et ridules. Résultats visibles : grâce à une utilisation régulière, votre peau est hydratée, les ridules disparaissent et les rides sont visiblement réduites. Votre peau est plus douce, plus souple, elle est éclatante et paraît visiblement plus jeune., Appliquez chaque matin sur le visage et le cou parfaitement nettoyés grâce à la gamme de démaquillants Diadermine. Faites pénétrer en massant délicatement. Constitue une excellente base de maquillage. Convient à tous les types de peaux., Aqua, caprylic/capric triglyceride, cetearyl alcohol, hexanediol, glycerin, cocoglycerides, glyceryl stearate, butyrospermum parkii, sorbitol, cetearyl glucoside, imperata cylindrica root extract faex, allantoin, hydrolyzed soy protein, panthenol, tocopheryl acetate, retinyl palmitate, tocopherol, sodium carbomer, brassica campestris sterols, dimethicone, talc, butylene glycol, pentylene glycol, sodium citrate, caprylyl glycol, parfum, phenoxyethanol, methylparaben, ethylparaben, Cl16035, Cl77891., 12 mois après ouverture.]|"
196,80€ / L"|"
9,84 €"
1994|Crème Riche Nutrition jour Anti-Rides Hautes Nutrition Peaux matures et très sèches - effet repulpant rides|un pot de 50ml|[Origine : ALLEMAGNE, Les laboratoires Diadermine ont créé Expert Rides 3D Riche Nutrition Jour, pour une peau intensément nourrie et redensifiée.  Sa formule haute performance à la technologie Neo-Rétinol (brevet déposé), cible les rides avec précision pour un effet repulpant dans leurs 3 dimensions : longueur, profondeur et surface. La formule riche hydrate intensément la peau pour une sensation de confort toute la journée. L'activité cellulaire est stimulée, repulpant ainsi les rides de l'intérieur. La barrière lipidique cutanée est renforcée pour une peau plus résistante., Age recommandé : 60 à 75 ans. Appliquez chaque matin sur votre visage parfaitement nettoyé. Faites pénétrer la crème en massant délicatement vers le haut le visage et le cou., Aqua, hexanediol, glycerin, isopropyl stearate, behenyl alcohol, cocoglycerides, dibutyl adipate, hexyldecanol, carnitine, glyceryl stearate, hydrogenated lecithin, methyl methacrylate crosspolymer, pyrus malus seed extract, dimethylsilanol hyaluronate, palmitoyl tetrapeptide-7, sodium hyaluronate, palmitoyl oligopeptide, dimethylmethoxy chromanol, tocopheryl acetate, cetearyl alcohol, coco-glucoside, ethylhexyl palmitate, sodium lactate, dimethicone crosspolymer, butylene glycol, sorbitan oleate, caprylyl/capryl glucoside, silica dimethyl silylate, sodium carbomer, isododecane, sodium acrylate/sodium acryloyldimethyl taurate copolymer, polyisobutene, parfum, phenoxyethanol, ethylparaben, methylparaben, Cl16035, Cl77891., 12 mois après ouverture.]|"
315,00€ / L"|"
15,75 €"
1995|Crème riche nutrition nuit Anti rides Hautes Nutrition Peaux matures et très sèches - effet repulpant Rides|Un pot de 50ml|[Origine : ALLEMAGNE, Les laboratoires Diadermine ont créé Expert Rides 3D Riche Nutrition Nuit, pour une peau intensément nourrie et redensifiée. Sa formule haute performance à la technologie Neo-Rétinol, cible les rides avec précision pour un effet repulpant dans leurs3 dimensions : longueur, profondeur et surface. Même les peaux matures et sèches sont intensément nourries et paraissent plus jeunes, comme régénérées. Les rides sont visiblement repulpées et 2 sur 3 sont réduites, pour une peau plus ferme et plus lisse., Age recommandé : entre 55 ans et plus de 75 ans. Appliquez chaque soir sur votre visage parfaitement nettoyé. Faites pénétrer la crème en massant délicatement vers le haut le visage et le cou., Aqua, caprylic/capric triglyceride, hexanediol, glycerin, arachidyl alcohol, behenyl alcohol, carthamus tinctorius seed oil, cetearyl isononanoate, hexyldecanol, carnitine, cocoglycerides, glyceryl stearate, butyrospermum parkii butter, pyrus malus seed extract, palmitoyl tetrapeptide-7, sodium hyaluronate, dimethylsilanol hyaluronate, tocopherol, arachidyl glucoside, coco-glucoside, cetearyl alcohol, hydrogenated palm glycerides citrate, sodium lactate, sorbitan oleate, caprylyl/capryl glucoside, dimethicone, ethylhexyl palmitate, silica dimethyl silylate, aluminum starch octenylsuccinate, dimethylmethoxy chromanol, sodium carbomer, butylene glycol, sodium acrylate/sodium acryloyldimethyl taurate copolymer, polyisobutene, parfum, phenoxyethanol, ethylparaben, methylparaben, Cl 16035, Cl 77891., 12 mois après ouverture.]|"
315,00€ / L"|"
15,75 €"
1996|Lift + éclat immédiat, soin tenseur éclat immédiat visage et cou|Les 7 capsules|[Origine : FRANCE, Effet tenseur visible : sa formule au structurateur de collagène stimule la synthèse de collagène et redensifie sa structure pour une peau plus ferme et élastique toute la journée.Révélateur d'éclat immédiat : sa formule au Complexe Vitamine Actif améliore la qualité de la peau : elle efface les signes de fatigue en dynamisant l'épiderme. Votre peau se révèle plus tonique, votre teint plus lumineux et éclatant. Dès l'application, vous sentez et voyez votre peau transformée. Ce voile invisible laisse votre peau lissée et votre teint éclatant. Une capsule de Lift+ Eclat Immédiat suffit et vous rayonnez !, Pour ouvrir ces unidoses, tournez plusieurs fois le haut de la capsule, détachez l'opercule puis pressez doucement. Uniquement pour usage externe. Ne pas avaler. Ne pas laisser à la portée des enfants. Ne pas mettre dans les yeux., Cyclomethicone, polysilicone-11, dimethicone, ascorbic acid, methyl methacrylate/glycol dimethacrylate crosspolymer, C12-15 alkyl benzoate, tocopheryl acetate, glycyrrhiza glabra, bht., A conserver dans un endroit sec et frais, à l'abri de la lumière.]|"
881,43€ / L"|"
6,17 €"
1997|Lift+ hydratant anti-age, soin de jour anti-rides ultra fermeté, retenseur + hydratation|Le pot de 50ml|[Origine : ALLEMAGNE, Après une utilisation régulière, la fermeté de votre peau est significativement améliorée, rides et ridules sont visiblement réduites. Votre peau est intensément hydratée.Lift + Hydratant, pour une peau plus ferme, douce et éclatante de beauté toutela journée., Appliquez chaque matin sur votre visage parfaitement nettoyé et faites pénétrer en massant délicatement. Sa texture constitue une excellente base de maquillage., Aqua, hexanediol, caprylic/capric triglyceride, cetearyl alcohol, glycerin, 4-methylbenzylidene camphor, cocoglycerides, glyceryl stearate, butyl methoxy dibenzoylmethane, cetearyl glucoside, dimethylsilanol hyaluronate, hydrolyzed wheat protein, lecithin, fagus silvatica, hydrolyzed soy protein, butyrospermum parkii, tocopheryl acetate, aluminum starch octenylsuccinate, talc, dimethicone, propylene glycol, sodium carbomer, tocopherol, hydrogenated palm glycerides citrate, hydroxyethyl acrylate/sodium acryloyldimethyl taurate copolymer, squalane, polysorbate 60, butylene glycol, trisodium NTA, parfum, phenoxyethanol, methylparaben, propylparaben., 12 mois après ouverture.]|"
192,60€ / L"|"
9,63 €"
1998|Lift + sublimant, soin de jour éclat anti-age, anti-rides retenseur + embellisseur de teint|Le pot de 50ml|[Origine : ALLEMAGNE, Après une utilisation régulière, la fermeté de votre peau est significativement améliorée, rides et ridules sont visiblement réduites. Vous avez bonne mine et votre peau est lumineuse.Lift + Sublimant, pour une peau plus ferme, douce et éclatante debeauté toute la journée ! Effet Lifting Intense agit sur 5 types de collagène., Appliquez chaque matin sur votre visage parfaitement nettoyés et faites pénétrer en massant délicatement., Aqua, hexanediol, caprylic/capric triglyceride, cetearyl alcohol, glycerin, 4-methylbenzylidene camphor, behenyl alcohol, cocoglycerides, glyceryl stearate, butyl methoxydibenzoylmethane, cetearyl glucoside, dimethylsilanol hyaluronate, hydrolyzed wheat protein, hydrolyzed soy protein, aluminum starch octenylsuccinate, lecithin, fagus silvatica, talc, butyrospermum parkii, tocopheryl acetate, dimethicone, atelocollagen, elaeis guineensis, mica, silica, propylene glycol, tocopherol, squalane, hydrogenated palm glycerides citrate, sodium carbomer, hydroxyethyl acrylate/sodium acryloyl dimethyl taurate copolymer, polysorbate 60, glycine soja, xanthan gum, sodium chondroitin sulfate, trisodium NTA, butylene glycol, parfum, phenoxyethanol, methylparaben, propylparaben, Cl77891, Cl19140, Cl75130., 12 mois après ouverture.]|"
210,20€ / L"|"
10,51 €"
1999|Nourrissant, soin de nuit, anti-rides retenseur + action nourrissante, anti-age|Le pot de 50ml|[Origine : ALLEMAGNE, Lift+ Nourrissant allie une action retenseur longue durée à une action nourrissante. Lift+ Nourrissant, pour une peau plus ferme, douce et nourrie en profondeur.Après une utilisation régulière, la fermeté de votre peau est significativement améliorée, rides et ridules sont visiblement réduites. Durant la nuit, votre peau est intensément régénérée et ressourcée., Appliquez chaque soir sur votre visage parfaitement nettoyé et faites pénétrer en massant délicatement., Aqua, hexanediol, glycerin, caprylic/capric triglycéride, cetearyl alcohol, dicaprylyl carbonate, behenyl alcohol, cocoglycerides, glyceryl stéarate, prunus amygdalus dulcis oil, butyrospermum parkii, cetearyl glucoside, hibiscus abelmoschus seed extract, hydrolyzed wheat protein, hydrolyzed soy protein, hydrolyzed lupine protein, lecithin, tocopherol, dimethylsilanol hyaluronate, aluminum starch octenylsuccinate, hydroxyethyl acrylate/sodium acryloyldimethyl taurate copolymer, squalane, butylene glycol, pentylene glycol, dimethicone, sodium carbomer, hydrogenated palm glycerides citrate, polysorbate 60, parfum, phenoxyethanol, ethylparaben, methylparaben, Cl16035, Cl77891., 12 mois après ouverture.]|"
213,20€ / L"|"
10,66 €"
2000|Patchs lissants contour des yeux, effet repulpant, anti-âge|La boîte de 12 patchs|[Origine : FRANCE, Bénéficiant d'une expertise acquise en 100 ans de recherche, les scientifiques et les dermatologues des Laboratoires DIADERMINE développent des soins du visage innovants à l'efficacité prouvée, pour une peau toujours plus belle. Testé dermatologiquement. Avec l'âge, le vieillissement cutané s'accélère : les cellules se renouvellent moins vite, la peau s'amincit, les rides s'installent en surface et en profondeur. Fine et délicate, la zone du contour des yeux est particulièrement sensible au vieillissement. Pour lui redonner un aspect lisse et jeune, les Laboratoires DIADERMINE ont créé EXPERT RIDES 3D PATCH LISSANT CONTOUR DES YEUX, leur premier patch haute performance au Complexe Repulpant 3D., Utilisez 2 ou 3 fois par semaine pour une action anti-rides long terme. Nettoyez votre visage avant d'utiliser les patchs et essuyez-vous parfaitement. Décollez les patchs de leur support. Appliquez les patchs délicatement sur le contour des yeux etpressez-les doucement afin de les fixer correctement. Après 15 à 20 minutes, retirez les patchs en douceur., NUS COMMUNIS, POLYSORBATE 80, PROPYLENE GLYCOL, METHYL PARABEN, PROPYLPARABEN, Cl 77891.]|"
0,81€ / Pce"|"
9,73 €"
2001|Soin anti-âge jour, à l'huile d'argan, raffermissant et redensifiant, Peaux très matures et sèches|Le pot de 50ml|[Origine : FRANCE, Les Laboratoires Diadermine ont créé Reactivance Soin Anti-Age à l'huile d'Argan, pour une peau redensifiée, intensément nourrie et confortable.Actions : nutrition intense et confort, raffermissant et redensifiant., Appliquez chaque matin sur le visage et le cou parfaitement nettoyée grâce aux démaquillants Reactivance de Diadermine. Massez délicatement., Aqua, caprylic/capric triglyceride, hexanediol, glycerin, argania spinosa oil, dicaprylyl carbonate, arachidyl alcohol, behenyl alcohol, carthamus tinctorius seed oil, ethylhexyl triazone, butyl methoxydibenzoyl methane, cocoglycerides, glyceryl stearate, butyrospermum parkii butter, tocopheryl acetate, dimethylsilanol hyaluronate, echium plantagineum seed oil, hydrolyzed yeast protein, tocopherol, arachidyl glucoside, panthenol, cera carnauba wax, aluminium starch octenylsuccinate, cetearyl alcohol, polyisobutene, sodium carbomer, sodium acrylate/sodium acryloyldimethyl taurate copolymer, dimethicone, hydrogenated palm glycerides citrate, sorbitan oleate, caprylyl/capryl glucoside, butylene glycol, tetrasodium EDTA, parfum, phenoxyethanol,methylparaben, ethylparaben, Cl16035, Cl19140., 12 mois après ouverture.]|"
245,00€ / L"|"
12,25 €"
2002|Soin anti-âge nuit, à l'huile d'argan, fortifiant et régénérant, Peaux très matures et sèches|Le pot de 50ml|[Origine : FRANCE, Les laboratoires Diadermine ont créé Réactivance Soin Anti-Age à l'huile d'argan, pour une peau intensément nourrie, confortable et régénérée au réveil.Actions : nutrition intense et confort, fortifiant et régénérant., Appliquez chaque soir sur le visage et le cou parfaitement nettoyés. Massez délicatement., Aqua, caprylic/capric triglycéride, hexanediol, glycerin, argania spinosa oil, arachidyl alcohol, behenyl alcohol, carthamus tinctorius seed oil, cetearyl isononanoate, cocoglycerides, glyceryl stearate, butyrospermum parkii butter, aluminum starch octenylsuccinate, arachidyl glucoside, panthenol, echium plantagineum seed oil, hydrolyzed yeast protein, cetearyl alcohol, dimethylsilanol hyaluronate, tocopheryl acetate, sodium carbomer, sodium acrylate/sodium acryloyldimethyl taurate copolymer, tocopherol, hydrogenated palm glycerides citrate, sorbitan oleate, caprylyl/capryl glucoside, dimethicone, polyisobutene, butylene glycol, parfum, phenoxyethanol, methylparaben, ethylparaben, Cl16035, Cl19140, Cl77891., 12 mois après ouverture.]|"
246,20€ / L"|"
12,31 €"
2003|Soin anti-âge perfecteur crème jour|Le pot de 50ml|[Origine : ALLEMAGNE, Le complexe Multi-Peptides unifie le teint et la structure de la peau. Le Structurateur de Collagène redensifie la peau. Elle est plus ferme et plus lisse., Age recommandé : 30-50 ans. Appliquer chaque matin sur votre visage parfaitement nettoyé et faites pénétrer en massant délicatement. Sa texture constitue une excellente base de maquillage., Aqua, glycerin, hexanediol, diethyl carbonate, octocrylene, glyceryl stearate, caprylic/capric triglycéride, cocoglycerides, triisostearin, polyglyceryl-3 methylglucose distearate, cetearyl alcohol, butyl methoxydibenzoylmethane, palmitoyl oligopeptide, palmitoyl tetrapeptide-7, tocopherol, pisum sativum extract, glucosamine hci, bambusa vulgaris leaf/sterm extract, hydrolyzed soy protein, dimethylsilanol hyaluronate, ammonium acryloyldimethyltaurate/vp copolymer, caprylyl/capryl glycoside, sodium carbomer, butylene glycol, bis-ethylhexyl hydroxydimethoxy benzylmalonate, sodium acrylate/sodium acryloyldimethyl taurate copolymer, polyisobutene, tetrasodium edta, pentylene glycol, hydrogenated palm glycerides citrate, t-butyl alcohol, bis-peg/ppg-20/5 peg/ppg-20/5 dimethicone, methoxy peg/ppg-25/4 dimethicone, parfum, phenoxyethanol, methylparaben, ethylparaben., 12 mois après ouverture.]|"
247,00€ / L"|"
12,35 €"
2004|Soin anti-âge teinté, toucher velours, teint unifié fini mat.|Le pot de 50ml|[Origine : ALLEMAGNE, La formule au structurateur de collagène stimule la production naturelle de collagène pour une peau plus ferme et une structure cutanée améliorée. Sa texture légère et unique enrichie en pigments micro-minéraux estompe les imperfections et révèle unteint parfaitement unifié et lumineux, au fini mat poudré et effet bonne mine., Age recommandé : 30-50 ans. Appliquer chaque matin en massant délicatement. Peut être utilisé à la place de votre fond de teint., Dimethicone, ethylhexyl palmitate, talc, dimethicone crosspolymer, tapioca starch, silica, cocoglycerides, caprylic/capric triglyceride, polyglyceryl-3 diisostearate, spilanthes acmella flower extract, hydrolyzed soy protein, aqua, cyclomethicone, citric acid, sodium carbonate, pentylene glycol, parfum, CI77891, CI77492, CI77491, CI77499., 12 mois après ouverture.]|"
247,00€ / L"|"
12,35 €"
2005|Soin anti-âge teinté, toucher velours.|Le pot de 50ml|[Origine : ALLEMAGNE, La formule au structurateur de collagène stimule la production naturelle de collagène pour une peau plus ferme et une structure cutanée améliorée. Sa texture légère et unique enrichie en pigments micro-minéraux estompe les imperfections et révèle unteint parfaitement unifié et lumineux, au fini mat poudré et effet bonne mine., Age recommandé : 30-50 ans. Appliquer chaque matin en massant délicatement. Peut être utilisé à la place de votre fond de teint., Dimethicone, ethylhexyl palmitate, talc, dimethicone crosspolymer, tapioca starch, silica, cocoglycerides, caprylic/capric triglyceride, polyglyceryl-3 diisostearate, spilanthes acmella flower extract, hydrolyzed soy protein, aqua, cyclomethicone, citric acid, sodium carbonate, pentylene glycol, parfum, CI77891, CI77492, CI77491, CI77499., 12 mois après ouverture.]|"
247,00€ / L"|"
12,35 €"
2006|Soin de jour anti-rides jeunesse infusée                         Comble les rides, raffermit|Le pot de 50ml|[Origine : ALLEMAGNE, Jeunesse Infusée, Crème Jour a été développée pour lutter contre ces effets du vieillissement et repulper les rides même profondes. Enrichie en Actif Hyaluronique micro-infusé, elle pénètre la peau intensément pour lisser les rides et les ridules. Lecomplexe hyaluronique-peptide (brevet déposé) stimule la régénération de lépiderme, et améliore la fermeté et lélasticité de la peau. Résultats visibles : Immédiatement, la peau est lissée et semble plus uniforme. Jour après jour, les rides et ridules sestompent et la peau devient plus ferme. En 7 jours seulement, la peau est comme rajeunie., Age : 35  55 ans. Appliquez chaque matin sur votre visage et votre cou parfaitement nettoyés et faites pénétrer en massant délicatement., Aqua, glycerin, hexanediol, caprylic/capric triglyceride, behenyl alcohol, dicaprylyl carbonate, arachidyl alcohol, cyclomethicone, propylene glycol, butyrospermum parkii butter, cetearyl alcohol, caffeine, hydrolyzed soy protein, tocopherol, hibiscus abelmoschus seed extract, dimethylmethoxy chromanol, sodium hyaluronate, dimethylsilanol hyaluronate, palmitoyl oligopeptide, palmitoyl tetrapeptide-7, ethylhexyl palmitate, arachidyl glucoside, sodium potassium aluminum silicate, butylene glycol,sodium carbomer, sodium acrylate/sodium acryloyldimethyl taurate copolymer, dimethiconol, polyisobutene, silica, pentylene glycol, sorbitan oleate, silica dimethyl silylate, caprylyl/capryl glucoside, hydrogenated palm glycerides citrate, coco-glucoside, sodium lactate, caprylyl glycol, parfum, phenoxyethanol, methylparaben, ethylparaben, cl 7789., 12 mois après ouverture.]|"
327,40€ / L"|"
16,37 €"
2007|Soin de jour anti-rides ultra tenseur, élastine, anti-âge|Le pot de 50ml|[Origine : FRANCE, La solution anti-âge de Diadermine : Lift + Ultime Elastine permet à la fois de redensifier les tissus de collagène et de restructurer le tissu d'élastine, pour une peau plus ferme et rebondit., Appliquez chaque matin sur votre visage et cou parfaitement nettoyés et faites pénétrer en massant délicatement. Convient à tous les types de peaux., Aqua, hexanediol, caprylic/capric triglycéride, glycerin, behenyl alcohol, arachidyl alcohol, cocoglycerides, glyceryl stéarate, butyl methoxydibenzoylmethane, cetearyl alcohol, peuce danum graveolens (dill) extract, tocopherol, tocopheryl acetate, hydrolyzed soy protein, dimethylsilanol hyaluronate, lecithin, butyrospermum parkii, sorbitan oleate, caprylyl/capryl glucoside, aluminum starch octenylsuccinate, dimethicone, arachidyl glucoside, sodium carbomer, octocrylene, talc, butylène glycol, sodium acrylate/sodium acryloyldimethyl taurate copolymer, propylene glycol, polyisobutene, hydrogenated palm glycerides citrate, tetrasodium edta, pentylene glycol, parfum, phenoxyethanol, ethylparaben, methylparaben, Cl16035., A utiliser dans les 12 mois après ouverture.]|"
230,60€ / L"|"
11,53 €"
2008|Soin de jour anti-rides ultra-tenseur, lissage immédiat|Le pot de 50ml|[Origine : FRANCE, Diadermine Lift + Lissage immédiat est un soin anti-âge qui associe deux effets lifting intenses et complémentaires : un effet retenseur longue durée, un effet lissage immédiat. Effet Retenseur Longue Durée : la formule au structurateur de Collagèneet l'Elastine stimule la synthèse de collagènes et d'élastine. La peau retrouve fermeté et élasticité. Effet Lissage Immédiat : la formule enrichie en Phyto-Tenseurs, à la texture ultra-confort, dépose comme un voile tenseur invisible sur la peau pour une effet lissant immédiat. Résultats visibles : instantanément, les rides et ridules paraissent plus lisses. La peau est raffermie durablement et sa structure améliorée. Intensément hydratée, la peau paraît plus douce et plus souple., Age recommandé : 30 à 50 ans. Appliquez chaque matin sur votre visage et cou parfaitement nettoyés et faites pénétrer en massant délicatement., Aqua (water, eau), hexanediol, glycerin, arachidyl alcohol, caprylic/capric triglyceride, cetearyl alcohol, behenyl alcohol, avena sativa (oat) kernel extract, peucedanum graveolens (dill) extract, spilanthes acmella flower extract, hydrolyzed soy protein, dimethylsilanol hyaluronate, caprylyl/capryl glucoside, aluminum starch octenylsuccinate, arachidyl glucoside, dimethicone, glyceryl stearate, tocopheryl acetate, sodium acrylate/sodium acryloyldimethyl taurate copolymer, sodium carbomer, polyisobutene, butylene glycol, pentylene glycol, sorbitan oleate, parfum (fragrance), phenoxyethanol, ethylhexylglycerin., 12 mois après ouverture.]|"
241,20€ / L"|"
12,06 €"
2009|Soin de jour hydratant anti-age, complexe vitamine A et Provitamine B5.|Le tube de 50ml|[Origine : FRANCE, Hydratation : sa formule légère et non grasse à la Provitamine B5 pénètre facilement pour agir intensément, le niveau d'hydratation de l'épiderme augmente. Anti-âge : enrichie en Complexe Vitamine A, la formule lisse visiblement les rides et active la production de collagène pour raffermir la peau. La peau est intensément nourrie. Elle est plus ferme, plus souple et plus douce., Age recommandé : 30-55 ans. Appliquez chaque matin sur le visage et le cou parfaitement nettoyés. Faites pénétrer en massant délicatement. Sa texture légère et non grasse constitue également une excellente base de maquillage. Convient à tous les types de peaux., Aqua, caprylic/capric triglyceride, hexanediol, glycerin, arachidyl alcohol, glyceryl stearate, behenyl alcohol, butyrospermum parkii, cetearyl alcohol, cocoglycerides, retinyl palmitate, hydrolyzed soy protein, dimethylsilanol hyaluronate, tocopheryl acetate, panthenol, arachidyl glucoside, sodium carbomer, dimethicone, pentylene glycol, butylene glycol, parfum, phenoxyethanol, ethylparaben, methylparaben, Cl 16035., 12 mois après ouverture.]|"
107,00€ / L"|"
5,35 €"
2010|Soin de nuit anti-rides jeunesse infusée                         Comble les rides, régénère|Le pot de 50ml|[Origine : FRANCE, Jeunesse Infusée, Crème Nuit a été développée pour lutter contre ces effets du vieillissement et repulper les rides même profondes. Enrichie en Actif Hyaluronique micro-infusé, elle pénètre la peau intensément pour lisser les rides et les ridules. Lecomplexe hyaluronique-peptide (brevet déposé) stimule la régénération de lépiderme, et améliore la fermeté et lélasticité de la peau. Résultats visibles : Régénère intensément la peau pendant la nuit. Nuit après nuit, la peau devient plus ferme, plus tonique. En 7 jours seulement, la peau est comme rajeunie., Age : 35  55 ans. Appliquez chaque soir sur votre visage et votre cou parfaitement nettoyés et faites pénétrer en massant délicatement., Aqua, glycerin, hexanediol, caprylic/capric triglyceride, behenyl alcohol, dicaprylyl carbonate, arachidyl alcohol, cyclomethicone, cocoglycerides, propylene glycol, butyrospermum parkii butter, cetearyl alcohol, caffeine, hydrolyzed soy protein, tocopherol, hibiscus abelmoschus seed extract, dimethylmethoxy chromanol, sodium hyaluronate, dimethylsilanol hyaluronate, palmitoyl oligopeptide, palmitoyl tetrapeptide-7, ethylhexyl palmitate, arachidyl glucoside, butylene glycol, sodium carbomer, sodium acrylate/sodium acryloyldimethyl taurate copolymer, dimethiconol, polyisobutene, pentylene glycol, sorbitan oleate, silica dimethyl silylate, caprylyl/capryl glucoside, hydrogenated palm glycerides citrate, coco-glucoside, sodium lactate, caprylyl glycol, parfum, phenoxyethanol, methylparaben, ethylparaben., 12 mois après ouverture.]|"
336,80€ / L"|"
16,84 €"
2011|Soin jour haute performance, anti-age|Le pot de 50ml|[Origine : ALLEMAGNE, Ce soin de jour cible les rides avec précision pour un effet repulpant dans leurs 3 dimensions : longueur, profondeur et surface.Age recommandé : 50-60 ans. Résultats visibles : après 4 semaines d'utilisation régulière vos rides sont visiblement réduites en profondeur et en volume. Les traits sont lissés et la peau incroyablement repulpée et souple. Expert rides 3D est l'expert anti-rides haute performance de Diadermine aux actifs hyaluroniques. Maintenant, il contient 2 fois plus d'actifs hyaluroniques pour repulper les rides dans les 3 dimensions., Appliquez chaque matin sur votre visage parfaitement nettoyé. Faites pénétrer la crème en massant délicatement vers le haut le visage et le cou., Aqua, hexanediol, glycerin, isopropyl stearate, behenyl alcohol, cocoglycerides, dibutyl adipate, hexyldecanol, carnitine, glyceryl stearate, hydrogenated lecithin, methyl methacrylate crosspolymer, pyrus malus seed extract, dimethylsilanol, hyaluronate, palmitoyl tetrapeptide-7, sodium hyaluronate, palmitoyl oligopeptide, dimethylmethoxy chromanol, tocopheryl acetate, cetearyl alcohol, coco-glucoside, ethylhexyl palmitate, sodium lactate, dimethicone crosspolymer, butylene glycol, sorbitan oleate, caprylyl/capryl glucoside, silica dimethyl silylate, sodium carbomer, isododecane, sodium acrylate/sodium acryloyldimethyl taurate copolymer, polyisobutene, parfum, phenoxyethanol, ethylparaben, methylparaben, Cl 16035, Cl 77891., 12 mois après ouverture.]|"
259,60€ / L"|"
12,98 €"
2012|Soin nuit ultra-régénérant, anti-age|Le pot de 50ml|[Origine : ALLEMAGNE, Avec l'âge, le vieillissement cutané s'accélère : les cellules se renouvellent moins vite, la peau s'amincit, les rides s'installent en surface et en profondeur.Pour combattre ces signes de l'âge, les Laboratoires Diadermine créent EXPERT RIDES 3D, le premier soin nuit ultra-régénérant au Complexe Repulpant 3D qui repulpe la peau de l'intérieur pour combler efficacement les rides dans toutes leurs dimensions., Chaque soir, appliquez sur votre visage et votre cou parfaitement nettoyés, en massant du menton vers le front. Sa texture riche et veloutée pénètre facilement et laisse un touché de peau incomparable., Aqua, caprylic/capric triglyceride, hexanediol, glycerin, cetearyl alcohol, carthamus tinctorius seed oil, cetearyl isononanoate, hexyldecanol, behenyl alcohol, cetearyl glucoside, coco glycerides, glyceryl stearate, butyrospermum parkii, aluminum starch octenylsuccinate, squalane, pyrus malus fruit extract, tocopherol, hydrogenated palm glycerides citrate, dimethylsilanol hyaluronate, lecithin, micrococcus lysate, palmitoyl oligopeptide, palmitoyl tetrapeptide-3, dimethicone, hydroxyethyl acrylate/sodium acryloyldimethyl taurate copolymer, sodium carbomer, butylene glycol, polysorbate 20, polysorbate 60, parfum, phenoxyethanol, methylparaben, propylparaben, Cl16035, Cl77891., 12 mois après ouverture.]|"
262,60€ / L"|"
13,13 €"
2013|Soin sublime regard crème gel|Le soin de 15ml|[Origine : FRANCE, Effet Retenseur Longue Durée : la formule au Structurateur de Collagène et d'Elastine stimule la synthèse de collagène et d'élastine. La peau retrouve fermeté et élasticité. Effet Lissage Immédiat : la formule enrichie en Phyto-Tenseurs, à la textureultra-confort, dépose comme un voile tenseur invisible sur la peau pour une effet lissant immédiat. Résultats visibles : les rides et ridules du contour de l'oeil sont atténuées instantanément. Le contour de l'oeil est sublimé. La peau paraît plus jeune et plus ferme. Lift+ Lissage Immédiat Soin Sublime Regard a été testé sous contrôle ophtalmologique et est particulièrement adapté à la zone sensible du contour de l'oeil., Age recommandé : de 30 à 50 ans. Appliquez chaque matin sur le contour de l'oeil parfaitement nettoyé. Massez délicatement en tapotant la zone du bout des doigts., Aqua (water, eau), hexanediol, glycerin, cocoglycerides, dimethicone, ethylhexyl palmitate, caprylic/capric triglyceride, maltodextrin, tocopheryl acetate, avena sativa (oat) kernel extract, amorphophallus konjac root extract, peucedanum graveolens (dill) extract, spilanthes acmella flower extract, euphrasia officinalis extract, hydrolyzed soy protein, methylsilanol hydroxyproline aspartate, sodium acrylate/sodium acryloyldimethyl taurate copolymer, polyisobutene, hydrogenated lecithin, butyleneglycol, sorbitan oleate, caprylyl/capryl glucoside, pentylene glycol, alcohol denat, parfum (fragrance), phenoxyethanol, ethylhexylglycerin, salicylic acid, potassium sorbate., 12 mois après ouverture.]|"
823,33€ / L"|"
12,35 €"
2014|Lisseur optique 5sec contour des yeux, effet rajeunissant immédiat.|Le tube de 15ml|[Origine : FRANCE, Base comblante correctrice. Atténue visuellement : cernes, poches, rides de la patte d'oie. Effet rajeunissant immédiat. Testé ophtalmologiquement., Le Lisseur Optique pour le contour des yeux s'applique après votre soin quotidien, pour une action ciblée sur le contour de l'oeil. Sa texture ultra-lissante laisse le contour de l'oeil incroyablement doux et lumineux. Avant chaque utilisation, pourune distribution optimale de la texture, secouez le tube vers le bas (le bouchon du tube doit être orienté vers le sol)., Dimethicone, aqua/water, glycerin, isononyl isononanoate, dimethicone/methicone silsesquioxane crosspolymer, alcohol denat., butylene glycol, lauryl peg-9 polydimethylsiloxyethyl dimethicone, methyl methacrylate crosspolymer, boron nitride, aluminumhydroxide, ascorbyl glucoside, bisabolol, caffeine, capryloyl salicylic acid, caprylyl glycol, chrysin, Cl 77163/bismuth oxychloride, Cl 77491/iron oxides, Cl 77891/titanium dioxide, disodium stearoyl glutamate, farnesol, hydrolyzed soy protein, magnesium sulfate, mica, n-hydroxysuccinimide, palmitoyl tetrapeptide-7, peg-ppg-18/18 dimethicone, phenoxyethanol, retinyl palmitate, silica silylate, sodium hydroxide, synthetic fluorphlogopite, tetrasodium edta. (FIL B164027/2)., 6 mois après ouverture.]|"
960,67€ / L"|"
14,41 €"
2015|Lisseur optique 5 secondes, base comblante correctrice|Le tube de 40ml|[Origine : FRANCE, Avec le lisseur Optique 5 secondes, Garnier crée une nouvelle génération de produit à effet optique. Cette base comble, corrige et atténue visuellement les signes de l'âge (rides, pores, irrégularités, brillances) pour une peau visiblement plus jeuneen 5 secondes., Ce produit s'applique après le soin de jour sur l'ensemble du visage. Sa texture ultra-lissante laisse une peau incroyablement douce, mate et veloutée., Dimethicone, dimethicone crosspolymer, silica (nano)/silica, isododecane, aluminum hydroxide, Cl 77491/iron oxides, Cl 77891/titanium dioxide, disodium stearoyl glutamate (FIL B158823/3)., 24 mois après ouverture.]|"
337,00€ / L"|"
13,48 €"
2016|Soin anti-rides global 2 en 1, sérum actif + crème|Le flacon de 50ml|[Origine : FRANCE, UltraLift Sérum+crème combine 2 produits essentiels dans la lutte contre le vieillissement, un sérum actif et une crème concentrée en pro-rétinol issu de la nature.Le 1er soin anti-rides global 2 en 1 à l'efficacité prouvée sur les rides profondes. Sa forme révolutionnaire en spirale assure la délivrance de la crème et du sérum en un seul geste., Age d'utilisation conseillé : 35-60 ans., Aqua, glycerin, pentylene glycol, neopentyl glycol diheptanoate, glyceryl stearate, dicaprylyl carbonate, acrylamide/ammonium acrylate copolymer, aluminum starch, octenylsuccinate, argania spinosa kernel extract, benzyl alcohol, butyrospermum parkiibutter/shea butter, caprylyl glycol, carbomer, cetyl alcohol, chlorphenesin, cyclopentasiloxane, dimethicone, disodium edta, ethylhexylglycerin, glyceryl acrylate/acrylic acid copolymer, hexylene glycol, hydrolyzed rice protein, palmitic acid, panthenol, phenoxyethanol, polyisobutene, polysorbate 20, retinyl linoleate, silica, sodium cocoyl glutamate, stearic acid, tocopheryl acetate, triethanolamine, xanthan gum, parfum (FIL B51278/1)., 12 mois après ouverture.]|"
315,20€ / L"|"
15,76 €"
2017|Soin anti-rides jour raffermissant|Le pot de 50ml|[Origine : FRANCE, Sa formule a une nouvelle action anti-rides et fermeté.Elle contient du Pro-Rétinol issu de la nature, une nouvelle génération de Pro-Rétinol qui libère du Rétinol en continu au coeur des rides pour une double efficacité : anti-rides et fermeté., Aqua/water, dimethicone, glycerin, stearic acid, palmitic acid, peg-100 stearate, glyceryl stearate, elaeis guineensis oil/palm oil, isohexadecane, hydrogenated polyisobutene, aluminum hydroxide, argania spinosa/argania spinosa kernel extract, benzylalcohol, butyrospermum parkii butter/shea butter, C13-14 isoparaffin, capryloyl salicylic acid, caprylyl glycol, cera alba/beeswax, cetyl alcohol, citral, copernicia cerifera cera/carnauba wax, disodium edta, glycine soja oil/soybean oil, hydrolyzedrice protein, laureth-7, limonene, linalool, methylparaben, octyldodecanol, peg-20 stearate, phenoxyethanol, poloxamer 338, polyacrylamide, potassium cetyl phosphate, retinyl linoleate, shorea robusta butter/shorea robusta seed butter, sodium hydroxide, titanium dioxide, tocopherol, zingiber officinale root extract/ginger root extract, parfum/fragrance. (F.I.L. B48828/1)., 12 mois après ouverture.]|"
242,00€ / L"|"
12,10 €"
2018|Lisseur rides instantané + soin anti-âge yeux.|Le tube de 15ml|[Origine : FRANCE]|"
1084,00€ / L"|"
16,26 €"
2019|Age Perfect Huile Extraordinaire Visage & Décolleté|Le flacon de 30 ml|[Origine : FRANCE, L'Oréal a sélectionné 8 huiles essentielles. Associées à des huiles précieuses, l'huile extraordinaire réhydrate et nourrit la peau pour lui redonner souplesse, éclat et tonicité. Grâce à son délicat parfum aromatique, son application devient un véritable moment de plaisir et offre une sensation de bien-être intense., Age recommandé : 40-80 ans. S'applique sur une peau parfaitement nettoyée. L'huile peut s'utiliser une ou deux fois par jour, seule ou avant le soin pour encore plus de confort. Elle peut s'appliquer aussi en touche finale après le soin pour illuminer la peau, ou même en retouche au cours de la journée. Prélevez 2 à 3 gouttes dans le creux de la main. Répartissez sur le visage et le décolleté par pressions légères et massez délicatement. Evitez le contour des yeux., Caprylic/capric triglycéride, olea europaea oil/olive fruit oil, simmondsia chinensis oil/jojoba seed oil, camelina sativa oil/camelina sativa seed oil, helianthus annuus seed oil/sunflower seed oil, rosa canina fruit oil, parfum/fragrance, zea maysoil/corn oil, prunus armeniaca kernel oil/apricot kernel oil, passiflora edulis oil/passiflora edulis seed oil, oryza sativa bran oil/rice bran oil, tocopherol, limonène, pelargonium graveolens flower oil, citrus aurantium dulcis peel oil/orange peeloil, citronellol, linalool, rosmarinus officinalis leaf oil/rosemary leaf oil, géraniol, origanum majorana leaf oil, lavandula angustifolia oil/lavender oil, anthemis nobilis flower oil, lavandula hybrida oil, cucumis sativus fruit extract/cucumberfruit extract, benzyl alcohol, citral, curcuma longa extract/turmeric root extract, eugenol, coumarin, sclareolide, rosa spp/rose flower oil, jasminum officinale extract/jasmine extract, alpha-isomethyl ionone (FIL D159186/5)., 12 mois après ouverture.]|"
685,00€ / L"|"
20,55 €"
2020|Age Perfect Jour|Le pot de 50ml|[Origine : FRANCE, Une texture onctueuse non grasse qui gorge immédiatement la peau d'une hydratation intense et durable. Jour après jour la peau se re-nutrit et devient plus élastique et éclatante.Il est enrichi en polyphénols de jasmin qui renforcent l'assemblage deces fibres pour aider à redonner du maintien à la peau. Action anti-taches : sa formule exclusive contient du Mélanine-Block pour réduire les taches brunes et une protection UV pour prévenir leur apparition. Le 1er soin Re-Substanceur Age Perfect deL'Oréal Paris qui se comporte comme une source de jeunesse, pour la peau ménopausée et péri ménopausée., Evitez le contour des yeux. Testé sous contrôle dermatologique., Aqua / water, squalane, cyclohexasiloxane, glycerin, cetyl alcohol, glyceryl stearate, PEG-40 stearate, paraffinum liquidum / mineral oil, myristyl myristate, drometrizole trisiloxane, octyldodecanol, jasminum officinale extract, jasmine flower extract, linalool, geraniol, sorbitan tristearate, calcium pantetheine sulfonate, isohexadecane, sodium hydroxide, cyclodextrin, coumarin, mannitol, limonene, disodium EDTA, disodium succinate, hydrolyzed soy protein, capryloyl salicylic acid, citronellol, faex / yeast extract, ethylhexyl methoxycinnamate, polysorbate 80, acrylamide / sodium acryloyldimethyltaurate copolymer, acrylates copolymer, benzyl benzoate, methylparaben, phenoxyethanol, chlorphenesin, CI 15985 / Yellow 6, parfum / fragrance, alpha-isomethyl ionone (FIL B32002/2)., 12 mois après ouverture.]|"
288,20€ / L"|"
14,41 €"
2021|Age Perfect Nuit|Le pot de 50ml|[Origine : FRANCE, Soin riche re-substanceur qui se comporte comme une source de jeunesse pour la peau ménopausée et péri-ménopausée. Action anti- relâchement, action anti-taches et action relipidante nuit., Evitez le contour des yeux. Testé sous contrôle dermatologique., Aqua / water, squalane, cyclohexasiloxane, glycerin, paraffinum liquidum / mineral oil, petrolatum, cetyl alcohol, glyceryl stearate, PEG-40 stearate, cera alba / beeswax, jasminum officinale extract / jasmine flower extract, linalool, geraniol, sorbitan tristearate, calcium pantetheine sulfonate, isohexadecane, sodium hydroxide, coumarin, limonene, disodium EDTA, hydrolyzed soy protein, capryloyl, salicylic acid, citronellol, dioscorea villosa extract / wild yam root extract, polysorbate 80, acrylamide / sodium acryloyldimethyltaurate copolymer, acrylates, copolymer, octyldodecanol, hexyldecanol, benzyl benzoate, oryzanol, phenoxyethanol, chlorphenesin, caprylyl glycol, CI 15985 / yellow 6, parfum / fragrance, alpha-isomethyl ionone, methylparaben (FIL B32029/1)., 12 mois après ouverture.]|"
291,40€ / L"|"
14,57 €"
2022|Age Perfect Nutrition Intense Jour|Le pot de 50ml|[Origine : ALLEMAGNE, Action anti-affaissement & réparation/enrichi en pro-calcium, complexe unique et breveté, le soin Nutrition Intense aide à renforcer la barrière cutanée. La peau retrouve sa consistance.Action anti-fripements : enrichi en Gelée royale, sa formule exclusive s'infiltre dans l'épiderme pour combler la peau de nutrition. Les zones fripées se déplissent. Dès l'application la peau est souple et confortable. Jour après jour elle se renutrit intensément et se défripe. A 4 semaines -90% de sécheresse. Lapeau retrouve sa consistance., S'utilise quotidiennement sur le visage et le cou., Aqua/water, paraffinum liquidum/mineral oil, glycerin, isocetyl stearate, hydrogenated polyisobutene, cyclohexasiloxane, butyrospermum parkii butter/shea butter, cera alba/beeswax, cetyl alcohol, glyceryl stearate, peg-100 stearate, hydroxyethylpiperazine ethane sulfonic acid, zea mays oil/corn oil, linalool, cera carnauba/carnauba wax, cera microcristallina/microcrystalline wax, paraffin, geraniol, royal jelly extract, sorbitan tristearate, calcium pantetheine sulfonate, eugenol, dimethicone, isohexadecane, coumarin, prunus armeniaca kernel oil/apricot kernel oil, ascorbyl glucoside, limonene, disodium edta, propylene glycol, hydroxyapatite, citronellol, passiflora edulis oil/passiflora edulis seed oil, xanthan gum, polysorbate 80, acrylamide/sodium acryloyldimethyltaurate copolymer, acrylates copolymer, oryza sativa bran oil/rice bran oil, methylparaben, caprylyl glycol, ethylparaben, benzyl alcohol, Cl15985/yellow 6, Cl47005/acid yellow 3, parfum/fragrance (F.I.L. B37670/1)., 12 mois après ouverture.]|"
391,20€ / L"|"
19,56 €"
2023|Age Perfect Nutrition Intense Nuit|Le pot de 50ml|[Origine : ALLEMAGNE]|"
391,20€ / L"|"
19,56 €"
2024|Age Perfect Nutrition Intense Sérum|Le flacon de 30ml|[Origine : ALLEMAGNE, Offrez à votre peau un élixir de nutriments précieux. Goutte après goutte, gorgée de nutrition, votre peau est comme réparée. Action réparatrice. Action anti-dessèchement. Action anti-relâchement. Immédiatement la peau est intensément nourrie, plus confortable et douce au toucher. Sa texture généreuse se transforme instantanément au contact de votre peau pour une sensation intense de confort. Votre peau est souple et infiniment soyeuse., Prélevez quelques précieuses gouttes du sérum et appliquez du bout des doigts sur tout le visage et le cou en un massage délicat. A utiliser en complément de votre soin habituel, avant l'application de votre crème quotidienne., Aqua/water, glycerin, alcohol denat, cyclohexasiloxane, isohexadecane, hydrogenated polyisobutene, jasminum officinale extract/jasmine flower extract, mel/honey, cetearyl ethylhexanoate, caffeine, cholesterol, ammonium polyacryldimethyltauramide/ammonium polyacryloyldimethyl taurate, isopropyl myristate, hydrolyzed soy protein, hydroxyapatite, hydroxypalmitoyl sphinganine, caprylyl glycol, biosaccharide gum-1, butylene glycol, phenoxyethanol, linalool, geraniol, eugenol, coumarin, limonene, citral, citronellol, benzyl alcohol, parfum/fragrance, methylparaben, propylparaben, ethylparaben, butylparaben, (FIL B50952/1)., 12 mois après ouverture.]|"
609,33€ / L"|"
18,28 €"
2025|Age Perfect Pro Calcium Jour|La boîte de 50ml|[Origine : FRANCE, Les Laboratoires de L'Oréal créent Age Re-Perfect Pro-Calcium, pour les besoins spécifiques des peaux très matures.Le Pro-calcium bio-assimilable recharge la peau en calcium pour réactiver la cohésion cellulaire et reconstituer profondément l'épiderme. Actions : anti-affaissement : les tissus sont comme restructurés, plus résistants, ils retrouvent leur fonction de soutien. La peau est plus dense, plus souple pour un maintien durable. Anti-fragilisation : la fonction protectrice de la peau est renforcée. Profondément hydratée, la peau est mieux protégée et retrouve sa consistance., S'utilise quotidiennement sur le visage et le cou. Sa texture voluptueuse et non collante enveloppe la peau, la préserve de la sensation de tiraillement pour un confort durable. Age Re-Perfect Pro-Calcium contient une protection solaire anti-UV d'indice 15 pour une peau idéalement protégée. Eviter le contour des yeux., Aqua/water, cyclopentasiloxane, ethylhexyl methoxycinnamate, glycerin, paraffinum liquidum/mineral oil, myristyl myristate, phenylbenzimidazole sulfonic acid, stearic acid, triethanolamine, ammonium polyacryldimethyl taurate, palmitic acid, titaniumdioxide, PEG-100 stearate, squalane, glyceryl stearate, mannitol, PEG-20 stearate, stearyl alcohol, hydroxyapatite, cetyl alcohol, capryloyl salicylic acid, xanthan gum, acrylates copolymer, disodium EDTA, alumina, cyclodextrin, faex/yeast extract, myristyl alcohol, hydrolyzed soy protein, soluble collagen, disodium succinate, phenoxyethanol, methylparaben, DMDM hydantoin, butylparaben, iodopropynyl butylcarbamate, dmdm hydantoin, potassium sorbate, parfum/fragrance, limonene, linalool, alpha-isomethyl ionone, benzyl benzoate, geraniol, citronellol, coumarin, citral (FIL B12376/1)., 12 mois après ouverture.]|"
391,20€ / L"|"
19,56 €"
2026|Age Perfect Pro Calcium Nuit|Le pot de 50ml|[Origine : FRANCE, Les Laboratoires de L'Oreal créent Age Re-Perfect Pro-Calcium Nuit, complémentaire au soin jour et plus concentré en calcium, pour les besoins spécifiques des peaux très matures pendant la nuit.Son complexe breveté recharge la peau en calcium afin defavoriser le processus d'auto-réparation nocturne., S'utilise chaque soir sur le visage et le cou. Agréablement parfumée, sa texture veloutée et ultra-riche enveloppe la peau, la préserve de la sensation de tiraillement pour un meilleur confort au réveil. Eviter le contour des yeux., Aqua / water, squalane, cyclohexasiloxane, glycerin, paraffinum liquidum / mineral oil, petrolatum, cetyl alcohol, peg-40 stearate, glyceryl stearate, sorbitan tristearate, cera alba / beeswax, hydroxyapatite, octyldodecanol, acrylamide/sodium acryloyldimethyltaurate copolymer, calcium pantetheine sulfonate, soluble collagen, mel / honey, tocopheryl acetate. dioscorea villosa / wild yam root extract, hexyldecanol, paraffin, acrylates copolymer, oryzanol, isohexadecane, capryloyl salicylic acid,stearyl alcohol, myristyl alcohol, polysorbate 80, disodium edta, sodium hydroxide. hydrolyzed soy protein, imidazolidinyl urea, methylparaben, chlorphenesin, propylparaben, potassium sorbate, parfum / fragrance, limonene, linalool, alpha-isomethyl ionone, benzyl benzoate, geraniol, citronellol. coumarin, citral (FIL b12893/1)., 12 mois après ouverture.]|"
390,40€ / L"|"
19,52 €"
2027|Age Perfect Renaissance Cellulaire Jour|Le pot de 50ml|[Origine : FRANCE, La peau retrouve une nouvelle vitalité cellulaire. Immédiatement la peau est douce, souple et confortable. Jour après jour elle est régénérée, repulpée, éclatante comme une véritable renaissance., Age conseillé : 45-75 ans. Texture : crème soyeuse, nourrissante et fine. S'applique tous les matins sur le visage et le cou bien nettoyés. Evitez le contour des yeux., Aqua, octocrylene, glycerin, ethylhexyl salicylate alcohol denat, hydrogenated polyisobutene, bis-peg-18 methyl ether dimethyl silane, homosalate, butyl methoxydibenzoylmethane, dimethicone, cetearyl alcohol, peg-20, petrolatum, butyrospermum parkiibutter/shea butter, c13/14 isoparaffin, peg-100 stearate, glyceryl stearate, dimethiconol, dimethyl isosorbide, cetearyl glucoside, neohesperidin dihydrochalcone, sodium cocoyl glutamate, sodium hyaluronate, sodium hydroxide, cyclodextrin, adenosine,vigna aconitifolia seed extract, mannitol, disodium edta, disodium succinate, hydrolyzed cicer seed extract, hydroxyapatite, capryloyl salicylic acid, laureth-7, xanthan gum, faex extract/yeast extract, polyacrylamide, acrylates/c10-30 alkyl acrylate crosspolymer, cetyl alcohol, octyldodecanol, tocopheryl acetate, sodium dehydroacetate, phenoxyethanol, Ci14700/red 4, CI19140/yellow 5, linalool, geraniol, alpha isomethyl ionone, limonene, hydroxycitronellal, citronellol, hexyl cinnamal, benzyl salicylate, parfum (FIL B54859/3)., 12 mois après ouverture.]|"
403,20€ / L"|"
20,16 €"
2028|Age Perfect Renaissance Cellulaire Nuit|Le pot de 50ml|[Origine : FRANCE, Telle une véritable renaissance, ce soin aide à créer de nouvelles cellules nuit après nuit. La peau retrouve une nouvelle vitalité cellulaire. Immédiatement elle est plus douce, nourrie et confortable. Nuit après nuit, elle est plus forte, dense : pleine de vie, comme une véritable renaissance., S'applique tous les soirs sur le visage et le cou bien nettoyés. Evitez le contour des yeux., Aqua/water, paraffinum liquidum/mineral oil, glycerin, dimethicone, squalane, glyceryl stearate, cetyl alcohol, peg-40 stearate, cera alba/beeswax, sorbitan tristearate, mel/honey, stearyl alcohol, cera microcristallina/microcrystalline wax, paraffin, calcium pantothenate, dimethyl isosorbide, neohesperidin dihydrochalcone, isohexadecane, sodium cocoyl glutamate, myristyl alcohol, vigna aconitifolia/vigna aconitifolia seed extract, disodium edta, hydrolyzed cicer seed extract, hydroxyapatite, capryloyl salicylic acid, polysorbate 80, acrylamide/sodium acryloyldimethyltaurate copolymer, acrylates copolymer, octyldodecanol, oryzanol, tocopheryl acetate pentaerythrityl tetra-di-t-butyl hydroxyhydrocinnamate, phenoxyethanol, chlorphenesin, Cl14700/red 4, Cl19140/yellow 5, linalool, geraniol, alpha-isomethyl ionone, limonene, hydroxycitronellal, citronellol, hexyl cinnamal, benzyl alcohol, benzyl salicylate, parfum/fragrance. (FIL B52848/2)., 12 mois après ouverture.]|"
410,00€ / L"|"
20,50 €"
2029|Age Perfect Renaissance Cellulaire Sérum|Le sérum de 30ml|[Origine : FRANCE, Dès les premières gouttes, la peau est soyeuse, le teint plus frais. Jour après jour, la peau retrouve une nouvelle vitalité cellulaire. Elle est régénérée, repulpée visiblement sublimée. La formule est enrichie en Micro-Réflecteurs dorés, qui subliment instantanément la peau pour lutter contre le teint terne., Age conseillé : 45-75 ans. Texture : sérum frais et illuminant. S'utilise matin et soir, seul ou avant votre soin quotidien. Appliquez quelques gouttes du bout des doigts sur tout le visage en un massage délicat., Aqua, glycerin, alcohol denat, dimethicone, butylene glycol, dipropylene glycol, silica, paeonia suffructicosa extract/paeonia suffruticosa root extract, carbomer, zinc pca, methylsilanol/silicate crosspolymer, sodium hyaluronate, sodium hydroxide, ammonium polyacryldimethyltauramide/ammonium polyacryloyldimethyl taurate, disodium edta, propylene glycol, hydroxypropyl tetrahydropyrantriol, capryloyl salicylic acid, allyl methacrylates crosspolymer, CI77891/titanium dioxide, mica, linalool, geraniol, eugenol, coumarin, limonene, citronellol, benzyl alcohol, parfum (FIL B50725/1)., 12 mois après ouverture.]|"
684,67€ / L"|"
20,54 €"
2030|Crème-huile extraordinaire, nourrit, défatigue, illumine. Huiles essentielles + jasmin blanc, texture non grasse, fini soyeux.|Le pot de 50ml|[Origine : FRANCE]|"
411,00€ / L"|"
20,55 €"
2031|Crème-masque anti-âge booster de réparation nuit, corrige, retexturise, reconstitue.|Le pot de 50ml|[Origine : FRANCE, Revitalift Laser X3 nuit, une formule crème-masque anti-âge spécialement formulée pour la nuit, moment clé de la réparation cutanée. Triple pouvoir de réparation des signes de l'âge : corrige les rides, retexturise la peau en surface, reconstitue lafonction barrière de la peau. Texture innovante crème-masque : ultra-fine, ultra confortable, sa texture enveloppe délicatement le visage comme une 'seconde peau' et libère ses actifs en continu toute la nuit. Résultats visibles : au réveil, la peauparaît comme neuve : défroissée et retendue., Age recommandé : de 40 à 60 ans. Texture : crème ultra-fine, fraîche et non grasse. S'applique en mouvements circulaires tous les soirs en couche fine sur le visage et le cou bien nettoyés. Convient à tous types de peaux, même sensibles. Soin testé sous contrôle dermatologique., Aqua/water, dimethicone, simmondsia chinensis oil/jojoba seed oil, hydrogenated castor oil dimer dilinoleate, alcohol denat, hydroxypropyl tetrahydropyrantriol, glycerin, caprylic/capric triglyceride, propanediol, propylene glycol, cetyl alcohol, cetyl hydroxyethylcellulose, sodium acetate, sodium hyaluronate, sodium hydroxide, sodium nitrate, silica, silica (nano)/silica, disodium edta, disodium phosphate, hydrolyzed rice protein, capryloyl salicylic acid, caprylyl glycol, centella asiatica extract, xanthan gum, polysorbate 60, methylparaben, linalool, isoeugenol, limonene, citronellol, benzyl alcohol, parfum/fragrance (FIL B161150/2)., 12 mois après ouverture.]|"
411,80€ / L"|"
20,59 €"
2032|Lisseur rides instantané, soin de finition, technologie opti-blurappliquez après votre soin de jour habituel.|Le tube de 30ml|[Origine : FRANCE]|"
542,00€ / L"|"
16,26 €"
2033|Lisseur rides instantané + soin anti-âge, technologie otpi-bur + pro-rétinol A.|Le pot de 50ml|[Origine : FRANCE]|"
325,20€ / L"|"
16,26 €"
2034|Revitalift Jour|Le pot de 50ml|[Origine : FRANCE, S'utilise tous les matins sur le visage et le cou parfaitement nettoyés.  Eviter le contact avec les yeux, Aqua, cyclopentasiloxane, glycerin, paraffinum liquidum, myristyl myristate, shorea robusta, stearic acid, palmitic acid, PEG-100 stearate, cera alba, glyceryl stearate, drometrizole trisiloxane, ethylhexyl methoxycinnamate, PEG-20 stearate, polyacrylamid]|"
251,20€ / L"|"
12,56 €"
2035|Revitalift Laser X3 Jour|Le pot de 50ml|[Origine : FRANCE, Triple action anti-âge : corrige les rides : une formule enrichie en Acide Hyaluronique fragmenté qui pénètre rapidement pour corriger minutieusement les rides. Redensifie la peau : ce soin contient aussi du Pro-Xylane qui renforce les fibres de soutien de la peau pour aider à la redensifier pleinement. Remodèle le visage : une concentration de Pro-Xylane à 3% a été intégrée à un soin Revitalift pour stimuler la production des composants naturels de la peau, la repulper et remodeler le visage., Age : de 40 à 60 ans. Texture : crème fine, soyeuse et non grasse. S'applique quotidiennement matin et/ou soir sur le visage et le cou bien nettoyés, par mouvements circulaires pour une meilleure pénétration. Convient à tous types de peaux, même sensibles., Aqua/water, glycerin, isohexadecane, hydroxypropyl tetrahydropyrantriol, dimethicone, isopropyl isostearate, aluminum starch octenylsuccinate, propylene glycol, nylon-12, octyldodecanol, cetyl alcohol, ammonium polyacryldimethyltauramide/ammonium, polyacryloyldimethyl taurate, behenyl alcohol, C13-14 isoparaffin, peg-100 stearate, stearic acid, stearyl alcohol, arachidyl alcohol, triethanolamine, cetearyl alcohol, cetearyl glucoside, palmitic acid, adénosine, disodium edta, disodium stearoyl glutamate, hydrolyzed hyaluronic acid, capryloyl salicylic acid, laureth-7, polyacrylamide, polyethylene, methylisothiazolinone, methylparaben, phenoxyethanol, Cl 15985/yellow 6, Cl 19140/yellow 5, linalool, isoeugenol, limonene, citronellol, benzyl alcohol, parfum/fragrance (FIL B52510/1)., 12 mois après ouverture.]|"
369,80€ / L"|"
18,49 €"
2036|Revitalift Laser X3 Sérum Anti-Âge Peau Neuve|Le sérum de 30ml|[Origine : FRANCE, Une triple action anti-âge pour un effet peau neuve : corrige les rides, redensifie la peau, resurface le visage. En quelques jours, la qualité de la peau est transformée. Au toucher, la peau significativement plus lisse et son grain est visiblementplus régulier. Jour après jour, les rides se réduisent, les pores se resserrent progressivement. La peau est plus homogène et plus ferme., S'utilise matin et soir, seul ou avant votre soin quotidien Revitalift Laser X3. Appliquez quelques gouttes du bout des doigts sur tout le visage et faire pénétrer par un massage circulaire., Aqua/water, dipropylene glycol, dimethicone, glycerin, hydroxypropyl tetrahydropyrantriol, propylene glycol, C12-15 alkyl benzoate, alcohol denat, dimethicone/vinyl dimethicone crosspolymer, peg-100 stearate, stearic acid, potassium cetyl phosphate,potassium hydroxide, carbomer, glyceryl stearate, silica, 2-oleamido-1,3-octadecanediol, palmitic acid, disodium edta, hydrolyzed hyaluronic acid, hydroxyethylcellulose, capryloyl salicylic acid, xanthan gum, cetyl alcohol, octyldodecanol, tocopherylacetate, phenoxyethanol, Cl15985/yellow 6, Cl19140/yellow 5, Cl77891/titanium dioxide, mica, linalool, limonene, citronellol, benzyl alcohol, parfum/fragrance. (F.I.L. B52553/1)., 12 mois après ouverture.]|"
628,33€ / L"|"
18,85 €"
2037|Revitalift Nuit|La boîte de 50ml|[Origine : FRANCE, Une texture onctueuse et riche qui pénètre immédiatement dans la peau. S'utilise tous les soirs. Dès le réveil : une peau plus douce, plus belle.Action profonde : la technologie Stimulift de l'Oréal est conçue pour agir dans les couches de la peau pour stimuler 8 lifteurs naturels, relancer leur production naturelle et ainsi remettre la peau en tension en la repulpant de l'intérieur. Le Pro-Rétinol A, puissance actif anti-rides, connu pour stimuler la régénération cellulaire. La nuit, RevitaliftNuit stimule la régénération cutanée., S'utilise tous les soirs., Aqua/water, glycerin, dimethicone, hydrogenated polyisobutene, cetyl alcohol, glyceryl stearate, aluminium starch octenylsuccinate, peg-40 stearate, prunus armeniaca kernel oil/apricot kernel oil, shorea robustat butter/shorea robusta seed butter, paraffinum liquidum/mineral oil, paraffin, zea mays extract/corn kernel extract, stearic acid, stearyl alcohol, cera microcristallina/microcrystalline wax, sorbitan tristearate, glycine soja protein/soybean protein, triethanolamine, isohexadecane, myristyl alcohol, palmitic acid, phenethyl alcohol, hydrolyzed elastin, hydrolyzed soy protein, caprylyl glycol, acetyl trifluoromethylphenyl valylglycine, faex extract/yeast extract, polysorbate 80, acrylamide/sodium, acryloyldimethyltaurate copolymer,retinyl palmitate, potassium sorbate, sodium benzoate, phenoxyethanol, linalool, geraniol, alpha-isomethyl ionone, amyl cinnamal, limonene, citral, citronellol, butylphenyl methylpropional, hexyl cinnamal, benzyl alcohol, benzyl benzoate, benzyl cinnamate, benzyl salicylate, parfum/fragrance, (F.I.L. B42523/1)., 12 mois après ouverture.]|"
273,00€ / L"|"
13,65 €"
2038|Revitalift Total Repair 10 BB Crème Teinte Medium|Le flacon de 50ml|[Origine : FRANCE, Effet perfecteur immédiat : corrige les imperfections du teint, couvre les cernes, unifie le teint, améliore la qualité de la peau, ravive l'éclat.Action anti-âge longue durée : lisse les rides, raffermit la peau, atténue les taches, hydrate intensément, protège contre les UV., Aqua/water, glycerin, ethylhexyl salicylate, niacinamide, dimethicone, alcohol denat, octocrylene, butyl methoxydibenzoylmethane, isopropyl isostearate, phenylbenzimidazole sulfonic acid, ammonium polyacryldimethyl taurate/ammonium, polyacryloyldimethyl taurate, triethanolamine, behenyl alcohol, phenoxyethanol, octyldodecanol, hydrolyzed soy protein, disodium stearoyl, glutamate, cetyl alcohol, polyacrylamide, dimethiconol, methylparaben, cetearyl alcohol, sodium acrylates copolymer, caprylic/capric triglyceride, C13-14 isoparaffin, tocopheryl acetate, panthenol, peg-100 stearate, arachidyl alcohol, parfum/fragrance, retinyl palmitate, capryloyl salicylic acid, disodium edta, laureth-7, cetearyl glucoside, stearic acid, carbomer, acetyl trifluoromethylphenyl valylglycine, faex extract/yeast extract, linalool, benzyl salicylate, methylisothiazolinone, citronellol, geraniol, benzyl alcohol, limonene, alpha-isomethyl ionone, coumarin, hydroxyisohexyl 3-cyclohexene carboxaldehyde, (+/- maycontain Cl77891/titanium dioxide, mica, Cl77491, Cl77492, Cl77499/iron oxides). (F.I.L. B49208/1)., 12 mois après ouverture.]|"
263,40€ / L"|"
13,17 €"
2039|Revitalift Total Repair 10 Jour|Le pot de 50ml|[Origine : ALLEMAGNE, Combat 10 signes de l'âge : rides, ridules, perte de fermeté, perte d'élasticité, manque de rebond, taches, teint brouillé, vieillissement du décolleté, grain de peau irrégulier, dessèchement., Excellente base de maquillage. Appliquer chaque matin., Aqua/water, glycerin, ethylhexyl salicylate, niacinamide, dimethicone, alcohol denat, octocrylene, butyl methoxydibenzoylmethane, isopropyl isostearate, phenylbenzimidazole sulfonic acid, C13-14 isoparaffin, peg-100 stearate, stearic acid, titanium dioxide, carbomer, arachidyl alcohol, ptfe, behenyl alcohol, triethanolamine, dimethiconol, cetearyl alcohol, cetearyl glucoside, sodium acrylates copolymer, alumina, ammonium polyacryldimethyltauramide/ammonium polyacryloyldimethyl taurate, disodiumedta, disodium stearoyl glutamate, hydrolyzed elastin, hydrolyzed soy protein, caprylic/capric triglyceride, capryloyl salicylic acid, laureth-7, acetyl trifluoromethylphenyl valylglycine, panthenol, faex extract/yeast extract, polyacrylamide, cetylalcohol, octyldodecanol, retinyl palmitate, tocopheryl acetate, methylisothiazolinone, methylparaben, phenoxyethanol, Cl15510/orange 4, linalool, geraniol, alpha-isomethyl ionone, coumarin, limonene, hydroxyisohexyl 3-cyclohexene carboxaldehyde, citronellol, benzyl alcohol, benzyl salicylate, parfum/fragrance. (F.I.L. B45928/1)., 12 mois après ouverture.]|"
277,80€ / L"|"
13,89 €"
2040|Revitalift Total Repair 10 Nuit|Le flacon de 50ml|[Origine : ALLEMAGNE, Sa texture soyeuse et non grasse, enrichie en glycérine, hydrate intensément votre peau et l'enveloppe de confort pendant votre sommeil.Résultat : dès 4h la peau est plus ferme, plus tonique. Après 4 semaines : 70% des femmes constatent une diminution des rides. Après 8 semaines : la peau est plus rebondie, comme repulpée., Appliquer le soir., Aqua, glycerin, dimethicone, isohexadecane, cyclohexasiloxane, alcohol denat, dipropylene glycol, synthetic wax, dimethicone/peg-10/15 crosspolymer, peg-10 dimethicone, triethanolamine, dimethicone/polyglycerin-3 crosspolymer, sodium acrylates copolymer, sodium hydroxide, sodium polyacrylate, adénosine, ascorbyl glucoside, nylon-12, disodium edta, propylene carbonate, hydrolyzed soy protein, hydroxyethylpiperazine ethane sulfonic acid, caprylic/capric triglycéride, acetyl trifluoromethylphenyl valylglycine, disteardimonium hectorite, faex extract/yeast extract, ethylhexylglycerin, polysilicone-8, tocopheryl acetate, phenoxyethanol, CI 15510/orange 4, linalool, geraniol, alpha-isomethyl ionone, coumarin, limonene, hydroxyisohexyl 3-cyclohexene carboxaldehyde, citral, citronellol, benzyl alcohol, benzyl salicylate, parfum. (FIL B49735/1)., 12 mois après ouverture.]|"
281,60€ / L"|"
14,08 €"
2041|Revitalift Total Repair 10 Sérum|Le flacon de 30ml|[Origine : ALLEMAGNE, Sa texture légère fusionne avec la peau dès l'application pour la laisser souple et veloutée.Le grain de peau est lissé, les résultats sont visibles : dès 1 heure : effet flash tenseur, les ridules sont lissés. Dès 4 heures : la peau est plus ferme,plus tonique, plus élastique., Appliquer quelques gouttes du sérum du bout des doigts sur l'ensemble du visage matin et/ou soir. S'utilise seul ou avant votre soin quotidien., Aqua, alcohol denat, dipropylene glycol, bifida ferment lysate, glycerin, bis-peg-18 methyl ether dimethyl silane, peg/ppg/polybutylene glycol-8/5/3 glycerin, hydroxyethylpiperazine ethane sulfonic acid, ppg-3 myristyl ether, carbomer, triethanolamine, sodium hyaluronate, sodium polyacrylate, salicyloyl phytosphingosine, aluminium starch octenylsuccinate, adénosine, ammonium polyacryldimethyltauramide/ammonium, polyacryloyldimethyl taurate, hydrolyzed soy protein, acetyl trifluoromethylphenyl valylglycine, xanthan gum, faex extract/yeast extract, methylparaben, sodium benzoate, phenoxyethanol, chlorphenesin, linalool, geraniol, alpha-isomethyl ionone, coumarin, limonene, citronellol, benzyl alcohol, benzyl salicylate, parfum (FIL B49673/1)., 12 mois après ouverture.]|"
467,33€ / L"|"
14,02 €"
2042|Revitalift Visage, Contour et Cou|Le pot de 50ml|[Origine : FRANCE, Action profonde. Les laboratoires de L'Oréal Paris créent leur 1er soin remaillant Visage Contours & Cou pour ne pas laisser le temps alourdir les traits.La formule associe : 2 fois plus d'élastine que le Soin de jour. L'élastine, protéine naturellement présente dans la peau, est essentielle à son élasticité et à sa fermeté. De la vitafibrine, qui consolide le maillage existant des fibres d'élastine pour lutter contre sa distension. Du Pro-rétinol A, puissant actif anti-rides., S'utilise matin et/ou soir sur le visage, les contours et le cou. Appliquez le produit par effleurages successifs en partant du cou et en remontant sur les contours et sur le visage. Puis effectuer des petits pincements de peau toniques sur les zonesd'application. Vous pouvez répéter cette gestuelle jusqu'à 3 fois. Evitez le contact avec les yeux., Aqua/water, hydrogenated polyisobutene, glycerin, cyclohexasiloxane, butyrospermum parkii butter/shea butter, poly C10-30 alkyl acrylate, aluminum starch octenylsuccinate, sucrose stearate, cera alba/beeswax, stearic acid, linalool, geraniol, triethanolamine, dimethicone, dimethiconol, caffeine, sodium citrate, sodium hydroxide, sodium polyacrylate, helianthus annuus seed oil/sunflower seed oil, silica, amyl cinnamal, vigna aconitifolia/vigna aconitifolia seed extract, limonene, hydrolyzed elastin/hydrolyzed elastin, hydrolyzed soy protein, citronellol, acetyl trifluoromethylphenyl valylglycine, crithmum maritimum extract, oxothiazolidinecarboxylic acid, acrylates/C10-30 alkyl acrylate crosspolymer, butylphenyl methylpropional, benzyl benzoate, benzyl salicylate, retinyl palmitate, methylparaben, chlorphenesin, propylparaben, benzyl alcohol, parfum/fragrance, alpha-isomethyl ionone, hexyl cinnamal. (F.I.L. B34689/1)., 12 mois après ouverture.]|"
287,60€ / L"|"
14,38 €"
2043|Revitalift Yeux|Le pot de 15ml|[Origine : FRANCE, Le Pro-Rétinol A est un puissant actif anti-rides connu pour stimuler la régénération cellulaire. L'Elasti-flex est un complexe exclusif qui multiplie et renforce le réseau de fibres d'élastine pour leur donner plus de ressort. Le réseau de soutien de la peau se densifie pour une peau plus élastique et extra-ferme. Résultats : Immédiatement, un contour de l'oeil hydraté, tonifié. En 4 semaines, les rides de la patte d'oie sont réduites., Action : anti-rides + Extra-Fermeté. Age : entre 45 et 50 ans. Texture : crème fondante et fraîche. S'utilise quotidiennement matin et soir. Appliquer délicatement en partant du coin interne de l'oeil vers le coin externe, en tapotant légèrement du bout des doigts., Aqua/water, dimethicone, glycerin, C12-15 alkyl benzoate, shorea robusta butter/shorea robusta seed butter, stearic acid, palmitic acid, peg-100 stearate, glyceryl stearate, acetyl trifluoromethylphenyl valylglycine, acrylamide/sodium acryloyldimethyltaurate copolymer, acrylates copolymer, caffeine, cetyl alcohol, chlorhexidine digluconate, ethylparaben, faex extract/yeast extract, glycine soja protein/soybean protein, hydrolyzed soy protein, isohexadecane, methylparaben, paraffin, peg-20 stearate, phenyl ethyl alcohol, polysorbate 80, potassium sorbate, retinyl palmitate, sodium benzoate, stearyl alcohol, triethanolamine, phenoxyethanol (FIL B54804/1)., 6 mois après ouverture.]|"
998,67€ / L"|"
14,98 €"
2044|Soin yeux nouveau regard|Le tube de 15ml|[Origine : FRANCE, Triple action anti-âge : corrige les rides : il contient de l'Acide Hyaluronique fragmenté pour corriger minutieusement les rides du contour de l'oeil. Retend la peau : il contient également du Pro-Xylane qui stimule et renforce les fibres de soutiende la peau, pour la tonifier et la raffermir. Dégonfle les poches : enrichi en Caféine, il stimule la microcirculation, pour dégonfler les poches et possède un applicateur en métal pour un effet frais immédiat., Age : de 40 à 60 ans. Texture : fluide lissant, non gras. S'utilise matin et soir. Pressez le tube et déposez une noisette de crème sur le contour de l'oeil puis massez à l'aide de l'embout par des mouvements de l'intérieur vers l'extérieur., Aqua/water, dimethicone, glycerin, silica, acrylamide/sodium acryloyldimethyltaurate copolymer, prunus armeniaca kernel oil/apricot kernel oil, triethanolamine, dimethicone/vinyl dimethicone crosspolymer, dimethiconol, caffeine, isohexadecane, adénosine, disodium edta, propylene glycol, hydrolyzed hyaluronic acid, hydroxyethylpiperazine ethane sulfonic acid, hydroxypropyl tetrahydropyrantriol, polysorbate 80, acrylates/C10-30 alkyl acrylate crosspolymer, tocopheryl acetate, phenoxyethanol, chlorphenesin, Cl 77891/titanium dioxide, MICA (FIL B50260/1)., 6 mois après ouverture.]|"
1218,67€ / L"|"
18,28 €"
2045|Soin de jour Bio vital, rides & relâchement|Le tube de 50ml|[Origine : FRANCE, 98% d'ingrédients d'origine naturelle. Parfum 100% d'origine naturelle. Sans paraben, sans silicone, sans colorant de syntèse, sans huile issue de la pétrochimie, sans PEG.]|"
195,40€ / L"|"
9,77 €"
2046|Soin de jour Bio vital, rides & relâchement|Le tube de 50ml|[Origine : FRANCE, 98% d'ingrédients d'origine naturelle. Parfum 100% d'origine naturelle. Sans paraben, sans silicone, sans colorant de syntèse, sans huile issue de la pétrochimie, sans PEG.]|"
195,40€ / L"|"
9,77 €"
2047|Anti-âge complet, soin de jour soja|Le pot de 50ml|[Origine : POLOGNE]|"
294,40€ / L"|"
14,72 €"
2048|Anti-âge complet, vital, soin de nuit, soja , peaux matures|Le pot de 50ml|[Origine : POLOGNE, Votre peau est plus ferme, plus souple, moins ridée. Régénérée pendant la nuit, elle rayonne d'un nouvel éclat au réveil.Le Soin de nuit Nivea Vital Anti-âge Comolet : stimule le processus naturel de renouvellement cellulaire pendant la nuit. Raffermit visiblement la peau pour lui donner plus de soutien. Réduit visiblement rides et ridules. Régénère et nourrit intensément la peau. Repose la peau et redonne de l'éclat., Tous les soirs, appliquez sur le visage, le cou et le décolleté en évitant le contour de l'oeil., Aqua, glycerin, butyrospermum parkii butter, isopropyl palmitate, hydrogenated coco-glycerides, cetyl alcohol, glyceryl stearate citrate, dimethicone, methylpropanediol, simmondsia chinensis seed oil, stearyl alcohol, glycine soja germ extract, glycyrrhiza inflata root extract, vitis vinifera seed oil, panthenol, sodium carbomer, ethylhexylglycerin, acrylates/C10-30 alkyl acrylate crosspolymer, trisodium edta, bht, phenoxyethanol, methylparaben, propylparaben, linalool, benzyl alcohol, citronellol, geraniol, butylphenyl methylpropional, limonene, benzyl benzoate, eugenol, coumarin, parfum., 12 mois après ouverture.]|"
297,60€ / L"|"
14,88 €"
2049|Anti ride light Q10, soin de jour FPS 15|Le pot de 50ml|[Origine : FRANCE, Protège activement la peau contre les effets néfastes du rayonnement lumineux et contribue ainsi à prévenir la formation de nouvelles rides. Testé sous contrôle dermatologique., Utilisez quotidiennement, idéalement après avoir soigneusement nettoyé votre visage et votre cou avec les produits de toilette Nivea Visage. Appliquez en massant délicatement du bout des doigts, par petits cercles du bas vers le haut du visage, en évitant le contour des yeux. En complément, nous vous recommandons d'utiliser le Soin Anti-rides Q 10 plus contour de l'oeil pour la zone délicate du contour des yeux et le Soin Anti-rides Q 10 plus nuit pour favoriser la régénération de votre peau pendant la nuit., Aqua, cyclomethicone, dicaprylyl carbonate, alcohol denat., ethylhexyl salicylate, glycerin, phenylbenzimidazole sulfonic acid, butyl methoxydibenzoylmethane, sucrose polystearate, dimethicone, methylpropanediol, ubiquinone, pimpinella anisum extract, sodium stearoyl glutamate, dimethiconol, ammonium acryloyldimethyltaurate/VP copolymer, hydrogenated polyisobutene, chondrus crispus, sodium carbomer, acrylates/C10-30 alkyl acrylate crosspolymer, trisodium EDTA, sodium chloride, phenoxyethanol, benzyl alcohol, limonene, parfum., 12 mois après ouverture.]|"
288,20€ / L"|"
14,41 €"
2050|Roll-on yeux, anti-rides et anti-poches|Le roll-on de 10ml|[Origine : FRANCE, Le roll-on yeux anti-poches anti-rides Nivea Visage Q10 Plus combat les rides et les ridules dans les couches profondes de l'épiderme.La formule légère et hydratante s'applique en légers massages circulaires. Enrichi en panthenol et en Q10, le roll-on yeux anti-poches anti-rides : apporte un effet frais immédiat, réduit instantanément les poches, combat les rides et les ridules., Secouez le flacon avant utilisation. Appliquez ensuite la bille du roll-on sur la zone en dessous de l'oeil en légers massages circulaires en commençant par le coin interne. Si besoin, tapotez doucement du nez vers les pommettes avec vos doigts pourfavoriser la pénétration du produit. Convient aux porteurs de lentilles., Aqua, glycerin, caprylic/capric triglyceride, dicaprylyl carbonate, octyldodecanol, panthenol, ubiquinone, pimpinella anisum fruit extract, tocopheryl acetate, sodium acrylates/C10-30 alkyl acrylate crosspolymer, trisodium edta, phenoxyethanol, methylparaben, methylisothiazolinone. Sans parfum. Bille sans nickel., 12 mois après ouverture.]|"
1245,00€ / L"|"
12,45 €"
2051|Sérum concentré perfecteur de peau,lisse et affine le grain de   peau, réduit les rides, améliore la fermeté|Le tude de 40ml|[Origine : FRANCE, Cette formule à la texture légère est un traitement concentré et intensif. Elle accélère la vitesse de régénération de la peau. Affine immédiatement le grain de peau. Réduit les rides et ridules. Amélioration prouvée de la fermeté. Réduit les signesde fatigue. Au toucher, ressentez comme une sensation de seconde peau : une peau douce et lisse., Appliquez tous les jours sur le visage, le cou et le décolleté, après les avoir soigneusement nettoyés. Idéal en tant que base de maquillage., 12 mois après ouverture.]|"
410,75€ / L"|"
16,43 €"
2052|Sérum élixir d'énergie, peaux ternes et fatiguées Q10 plus anti-rides|Le tube de 40ml|[Origine : FRANCE]|"
385,00€ / L"|"
15,40 €"
2053|Soin contour de l'oeil|Le flacon de 15ml|[Origine : FRANCE, Le Soin Anti-rides Q10 plus Contour Yeux fait partie de notre programme Anti-rides Q10 plus.Sa formule légère, sans parfum, est enrichie en filtres UVA/UVB et aide ainsi à renforcer les défenses naturelles de la peau. Facile à appliquer, elle pénètrerapidement et : augmente la teneur naturelle en Q10 de la peau, combat les rides dans les couches profondes de l'épiderme et lisse visiblement la peau. Aide à renforcer les défenses naturelles de la peau grâce aux filtres UVA/UVB. Réduit les cernessous les yeux. Résultats : la peau délicate du contour des yeux est lissée. Les cernes s'estompent visiblement. Les signes de fatigue sont atténués., Utilisez quotidiennement, idéalement après avoir soigneusement nettoyé votre visage et votre cou avec les produits de toilette Nivea Visage. Appliquez une noisette de crème sous chaque oeil parfaitement démaquillé et nettoyé, en tapotant légèrement du nez vers les pommettes. Convient aux porteurs de lentilles., Aqua, glycerin, cyclomethicone, glyceryl stearate, dimethicone, C12-15alkyl benzoate, caprylic/capric triglyceride, cetearyl alcohol, octyldodecanol, titanium dioxide, hydrogenated vegetable oil, nylon-12, tapioca starch, ubiquinone, pimpinella anisum extract, tocopheryl acetate, cera microcristallina, potassium cetyl phosphate, paraffinum liquidum, hydrogenated palm glycerides, sodium acrylates/C10-30 alkyl acrylate crosspolymer, sodium carbomer, trimethoxycaprylylsilane, phenoxyethanol, dmdm hydantoin. Sans parfum., 12 mois après ouverture.]|"
809,33€ / L"|"
12,14 €"
2054|Soin contour de l'oeil, lisse les ridules, améliore la fermeté   Acide hyaluronique & extrait de Magnolia|Le tube de 15ml|[Origine : FRANCE, Cette formule à la texture légère est spécialement conçue pour prendre soin de la zone délicate du contour de l'oeil. Cette formule accélère la vitesse de régénération de la peau. Les ridules du contour de l'oeil sont instantanément lissées et les rides visiblement réduites. Amélioration prouvée de la fermeté et de la régénération de la peau. La peau sensible du contour de l'oeil est ressourcée, instantanément hydratée. La peau parait immédiatement reposée., Appliquez tous les jours sur le contour de l'oeil, en tapotant du doigt pour faire pénétrer la crème, de l'intérieur vers l'extérieur. Convient aux porteurs de lentilles., 12 mois après ouverture.]|"
1095,33€ / L"|"
16,43 €"
2055|Soin de jour anti-rides, huile d'argan bio et extrait de bardane  bio|Le pot de 50ml|[Origine : POLOGNE]|"
212,20€ / L"|"
10,61 €"
2056|soin de jour anti-rides, Q10 plus|Le pot de 50ml|[Origine : FRANCE, Nivea Q10 plus Crème d'Energie est un soin de jour anti-rides qui réduit visiblement les rides tout en réveillant immédiatement l'éclat de la peau. La nouvelle formule revitalisante enrichie en baie de Goji naturelle : réveille la peau et réduit lessignes de fatigue, combat efficacement les rides en augmentant la teneur naturelle en Q10 et en créatine de la peau, prévient la formation de nouvelles rides causées par les agressions extérieures grâce à sa protection contre les UVA et à son FPS 15.Résultat : les rides sont visiblement réduites, la peau est fraîche et éclatante comme après une bonne nuit de sommeil. Vous rayonnez., Convient à toutes les peaux même les plus sensibles. Utilisez chaque matin après avoir soigneusement nettoyé votre visage et votre cou. Appliquez en massant délicatement du bout des doigts, en évitant le contour de l'oeil., Aqua, glycerin, ethylhexyl salicylate, cetearyl alcohol, cyclomethicone, butyl methoxydibenzoylmethane, glyceryl stearate citrate, methylpropanediol, octocrylene, C12-15 alkyl benzoate, hydrogenated coco-glycerides, sodium phenylbenzimidazole sulfonate, ubiquinone, creatine, 1-methylhydantoin-2-imide, lycium barbarum fruit extract, chondrus crispus extract, carbomer, acrylates/C10-30 alkyl acrylate crosspolymer, trisodium edta, ethylhexylglycerin, phenoxyethanol, methylparaben, ethylparaben, linalool, limonene, parfum, Cl 16035., 12 mois après ouverture.]|"
288,20€ / L"|"
14,41 €"
2058|Soin de jour fermeté argan, vital, peaux matures, sèches|Le pot de 50ml|[Origine : POLOGNE, Le soin de jour NIVEA VITAL Fermeté Argan est enrichi en huile d'Argan précieuse et en calcium. Il nourrit intensément et raffermit les peaux matures.Sa formule extra riche hydrate et nourrit intensément votre peau. Protège et renforce les peaux fragilisées par les signes du vieillissement. Résultat : votre peau est plus souple, plus ferme et éclatante, pour une sensation de confort tout au long de la journée., Age conseillé : 40 .55+. Utilisez ce soin chaque jour après avoir soigneusement nettoyé votre peau avec des produits de toilette NIVEA VITAL. Appliquez sur le visage, le cou et le décolleté en évitant le contour de l'oeil. Pour faire pénétrer la crème, massez délicatement en effectuant de petits cercles du bas vers le haut du visage., Aqua, glycerin, octocrylene, cetearyl alcohol, methylpropanediol, caprylic/capric triglyceride, ethylhexyl salicylate, glyceryl stearate citrate, butyl methoxydibenzoylmethane, dimethicone, isopropyl palmitate, octyldodecanol, synthetic beeswax, calcium pantothenate, vitis vinifera seed oil, argania spinosa kernel oil, tocopherol, xanthan gum, sodium carbomer, trisodium edta, ethylhexyglycerin, phenoxyethanol, methylisothiazolinoe, linalool, citronellol, benzyl alcohol, alpha-isomethyllonone, hexyl cinnamal, butylphenyl methylpropional, geraniol, limonene, benzyl benzoate, eugenol, coumarin, parfum., 12 mois après ouverture.]|"
279,40€ / L"|"
13,97 €"
2059|Soin de jour Q10 plus|La boîte de 50ml|[Origine : FRANCE]|"
247,00€ / L"|"
12,35 €"
2060|Soin de nuit anti-rides à l'huile d'argan bio et extrait de bardane bio|Le pot de 50ml|[Origine : POLOGNE]|"
240,00€ / L"|"
12,00 €"
2061|Soin éclat correction teint, Q10plus, anti-rides, corrige, unifieet sublime le teint. FPS15.|Le tube de 50ml|[Origine : FRANCE, La CC Crème Q10+ de Nivea agit en harmonie avec votre peau : elle aide à prévenir efficacement les signes de l'âge en lui redonnant du Q10 et de la Créatine. Dans une texture légère et fondante, la CC crème Q10+ de Nivea : corrige les imperfections grâce à ses pigments minéraux teintés et agents réflecteurs de lumière. Sublime et unifie le teint chaque jour pour un effet bonne mine naturel. Prévient et réduit les rides en augmentant la teneur naturel en Q10 et en Créatine de la peau. Préserve lapeau des agressions extérieures grâce à sa protection contre les UVA et son FPS 15. Résultat : les imperfections sont corrigées, le teint naturellement sublimé. Jour après jour, la peau est plus lisse, rayonnante de jeunesse. Votre peau est éclatante pour aujourd'hui et pour demain ! Testé sous contrôle dermatologique., Utilisez chaque matin après avoir nettoyé votre visage. Appliquez en massant délicatement, en évitant le contour de l'oeil. Teinte universelle qui convient à toutes les couleurs de peau., 12 mois après ouverture.]|"
293,60€ / L"|"
14,68 €"
2062|Stimulateur de jeunesse, soin de nuit, réduit les rides, améliore la fermeté, acide hyaluronique & extrait de Magnolia|Le pot de 50ml|[Origine : FRANCE, Cette formule nourrissante aide à régénérer la peau pendant la nuit. Rapidement absorbée, elle procure des sensations immédiates : efficacité, douceur et confort, comme une seconde peau. Les rides sont réduites, la peau est ressourcée, intensément hydratée. Au toucher, ressentez comme une sensation de seconde peau : une peau lisse et douce., Appliquez tous les soirs sur le visage après l'avoir soigneusement nettoyé., 12 mois après ouverture.]|"
324,60€ / L"|"
16,23 €"
2063|Stimulateur de jeunesse, soin du jour, réduit les rides, améliorela fermeté, acide hyaluronique & extrait de Magnolia|Le pot de 50ml|[Origine : FRANCE, Appliquée régulièrement cette formule accélère la vitesse de régénération de la peau. Aide à protéger votre peau des dommages cellulaires, des taches et du vieillissement causé par les rayons UV. Les rides sont réduites, la peau est ressourcée, intensément hydratée. Au toucher, ressentez comme une sensation de seconde peau : une peau lisse et douce., Appliquez tous les jours sur le visage après l'avoir soigneusement nettoyé. Evitez tout contact avec les yeux., 12 mois après ouverture.]|"
324,60€ / L"|"
16,23 €"
2064|Démaquillant biphasé Yeux waterproof express & douceur|Un flacon de 150ml|[Origine : FRANCE]|"
20,53€ / L"|"
3,08 €"
2065|Démaquillant yeux à l'extrait d'hibiscus & à l'aloe vera|Le flacon de 125ml|[Origine : FRANCE]|"
24,64€ / L"|"
3,08 €"
2066|Démaquillant yeux à l'extrait d'hibiscus & à l'aloe vera|Le flacon de 125ml|[Origine : FRANCE]|"
24,64€ / L"|"
3,08 €"
2067|Démaquillant yeux doux nettoie et rafraîchit , extrait de bleuet.|Le flacon de 150ml|[Origine : FRANCE, Le démaquillant doux pour les yeux Monoprix a été spécialement conçu pour vous assurer un démaquillage tout en douceur. Sa formule enrichie en extrait de bleuet, respecte la zone sensible du contour de l'oeil. Le démaquillant nettoie parfaitement vosyeux et vous laisse une sensation de fraîcheur sans film gras. Votre peau est nette et douce. pH adapté au pH lacrymal. Sans parfum, enrichi en provitamine B5., Appliquez matin et soir sur un coton et démaquillez délicatement les yeux, sans frotter. Inutile de rincer., Aqua, propylene glycol, olive oil peg-7 esters, glycerin, phenoxyethanol, sodium peg-7 olive oil carboxylate, caprylyl glycol, tetrasodium edta, panthenol, centaurea cyanus flower extract, Cl 42090., 6 mois après ouverture.]|"
15,93€ / L"|"
2,39 €"
2068|Démaquillant yeux express, efface au premier passage, spécial maquillage waterproof|Le flacon de 200ml|[Origine : FRANCE, Efficace au 1er passage. Non gras., Bien agiter avant chaque utilisation pour mélanger les 2 phases., Aqua (water), isohexadecane, isopropyl palmitate, cyclopentasiloxane, cyclohexasiloxane, glycerin, sodium benzoate, methylparaben, tetrasodium EDTA, citric acid, ethylparaben, Cl61565 (green 6)., 12 mois après ouverture.]|"
25,70€ / L"|"
5,14 €"
2069|Démaquillant yeux anti-poches & cernes, extraits de coton.|Le pot de 30 cotons|[Origine : FRANCE, Démaquille efficacement et contribue à atténuer les poches et les cernes. Non gras. Waterproof., Aqua, paraffinum liquidum, butylene glycol, isohexadecane, isopropyl palmitate, cyclopentasiloxane, cyclohexasiloxane, glyceryl stearate, polyaminopropyl biguanide, maltodextrin, panthenol, ceteareth-20, ceteareth-12, cetearyl alcohol, cetyl palmitate, methylparaben, vitis vinifera leaf extract, propylene glycol, centaurea cyanus flower extract, gossypium herbaceum seed extract, sodium benzoate, potassium sorbate, phenoxyethanol, ethylparaben, butylparaben, propylparaben, isobutylparaben, disodium edta, sodium hydroxide, parfum.]|"
0,12€ / Pce"|"
3,70 €"
2070|Démaquillant douceur yeux, tous types de peau|Le flacon de 125ml|[Origine : FRANCE, Développé sous contrôle ophtalmologique, le démaquillant Douceur Yeux enlève efficacement le maquillage tout en respectant la zone délicate du contour de l'oeil et les cils., Convient également aux porteurs de lentilles. Appliquez à l'aide d'un coton., Aqua, poloxamer 184, glycerin, sorbitol, panthenol, centaurea cyanus flower extract, propylene glycol, lactic acid, peg-40 hydrogenated castor oil, trideceth-9, chitosan glycolate, pantolactone, tetrasodium edta, phenoxyethanol, sodium benzoate, Cl42090., 12 mois après ouverture.]|"
28,72€ / L"|"
3,59 €"
2071|Démaq'yeux express 2en1, tous maquillages même waterproof, ultra-démaquillant, soin fortifiant cils.|Le flacon de 125ml|[Origine : FRANCE, Une formule biphasée double action : ultra démaquillant express et soin fortifiant cils en 4 semaines., Agitez le flacon : les deux phases se mélangent parfaitement. Appliquez quelques gouttes sur un coton que vous laissez poser sur vos yeux quelques instants. Passez le coton de l'intérieur vers l'extérieur, sans frotter. Sa formule convient aux porteurs de lentilles., Aqua/water, isododecane, isopropyl palmitate, undecane, arginine, ci 60725/violet 2 , citric acid, dipotassium phosphate, disodium edta, hexylene glycol, octyldodecanol, octyldodecyl xyloside, polyaminopropyl biguanide, potassium phosphate, sodium chloride, tridecane. (FIL B162099/2). Sans parfum., 6 mois après ouverture.]|"
30,80€ / L"|"
4,62 €"
2072|Cils Demasq, démaquillant yeux 2 en 1, touts maquillages, non gras|Le flacon de 125ml|[Origine : FRANCE, Lotion 2en1 : démaquillage express tout maquillage même waterproof. Sa phase bleutée enrichie en huiles douces démaquillantes dissous en un clin d'oeil les maquillages les plus résistants.Très confortable, elle préserve la souplesse et la douceur ducontour de l'oeil. Douceur d'une lotion : sa phase translucide à base d'eau élimine tous les résidus du maquillage et laisse votre paupière fraîche et reposée., Bien agiter avant chaque utilisation pour mélanger les deux phases., Aqua/water, cyclopentasiloxane, isohexadecane, hexylene glycol, decyl glucoside, dipotassium phosphate, potassium phosphate, sodium chloride, disodium edta, polyaminopropyl biguanide, Cl61565/green 6 (F.I.L. B4989/4)., 6 mois après ouverture.]|"
35,36€ / L"|"
4,42 €"
2073|Cils demasq, lotion fraîcheur démaquillante douceur pour les yeux|Le flacon de 125ml|[Origine : FRANCE, La Lotion Fraîcheur Cils Demasq est : Efficace : sa formule assure un démaquillage des yeux rapide et facile   Fraîche : elle procure une agréable sensation de détente et d'apaisement   Douce : elle respecte parfaitement la zone fragile du contour del'oeil, sans risque d'irritation., Aqua, sodium chloride, hexylene glycol, allantoin, centaurea cyanus/centaurea cyanus flower extract, disodium cocoamphodiacetate, propylene glycol, magnesium laureth sulfate, magnesium laureth-8 sulfate, magnesium oleth sulfate, sodium benzoate, sodium laureth sulfate, sodium laureth-8 sulfate, sodium oleth sulfate, disodium EDTA, Cl42090/blue 1, fragrance (FIL B5072/3).]|"
28,40€ / L"|"
3,55 €"
2074|Lotion apaisante démaquillant yeux sensible|Le flacon de 125ml|[Origine : FRANCE, Cils Demasq Yeux Sensibles. Spécialement conçue pour les yeux sensibles, cette Lotion Apaisante démaquille efficacement tout en respectant la zone délicate du contour de l'oeil. Sa formule dissout le maquillage sans effort et dès le premier passage de coton. Cette lotion au pH doux calme et apaise vos paupières., Imprégnez un coton de lotion apaisante et passez le sur les yeux de l'intérieur vers l'extérieur sans frotter. Vos paupières sont parfaitement démaquillées et apaisées sans risque d'irritation !, Valeur énergétique en Joules :  0, Valeur énergétique en Kcal : 0, Glucides : 0, Lipides : 0, Protides :0, AQUA / WATER, HEXYLENE GLYCOL, GLYCERIN. POLOXAMER 184. CENTAUREA CYANUS / CENTAUREA CYANUS FLOWER EXTRACT, DIHYDROCHOLETH-30, DISODIUM COCOAMPHODIACETATE, DISODIUM EDTA, PANTHENOL, POLYAMINOPROPYL BIGUANIDE. PROPYLENE GLYCOL SODIUM CHLORIDE, PARFUM/FRAGANCE (F.I.L B29520/1).SANS ALCOOL, SANS SAVON, SANS COLORANT, Après ouverture, à conserver pendant 6 mois.]|"
40,32€ / L"|"
5,04 €"
2075|Démaquillant Doux Yeux|Le flacon 125ml|[Origine : FRANCE, Le Démaquillant Doux pour les Yeux L'Oréal Dermo-Expertise, par sa formule enrichie en Pro-Vitamine, assure un démaquillage parfait et d'une douceur extrême.D'une grande fraîcheur, sa formule non irritante convient aux yeux sensibles et porteurs de lentilles., Aqua/water, hexylene glycol, disodium cocoamphodiacetate, panthenol, sodium laureth-8 sulfate, sodium laureth sulfate, triethanolamine, allantoin, magnesium laureth-8 sulfate, magnesium laureth sulfate, magnesium oleth sulfate, sodium oleth sulfate,methylparaben, sodium benzoate, chlorhexidine dihydrochloride, disodium edta, quaternium-15, parfum/fragrance, geraniol, citronellol. (FIL B7683/2)., 6 mois après ouverture.]|"
40,00€ / L"|"
5,00 €"
2076|Démaquillant Doux Yeux & Lèvres Waterproof|Le flacon de 125ml|[Origine : FRANCE, Innovation des laboratoires de l'Oréal, le démaquillant spécial maquillage waterproof et longue durée, allie fficacité démaquillante et douceur sans effet gras: la phase foncée, riche en huiles douces, démaquille efficacement les maquillages waterproof et longue durée. La phase claire est une lotion très douce qui procure une agréable sensation de fraîcheur. Résultat:un démaquillage rapide et facile, qui ne laisse aucun voile sur les yeux. Convient aux yeux sensibles et porteurs de lentilles., Agiter avant emploi jusqu'à l'obtention d'une couleur homogène., Aqua/water,cyclopentasiloxane, isohexadecane, isopropyl palmitate, sodium chloride, dipotassium phosphate, poloxamer 184, potassium phosphate, panthenol polyaminopropyl biguanide, CI 61565/GREEN6 (FIL B4885/3)., A conserver 6 mois après ouverture.]|"
42,40€ / L"|"
5,30 €"
2077|Démaquillant yeux, tous maquillages même waterproof, extrait de feuilles d'olivier & huile d'olive.|Le flacon de 125ml|[Origine : FRANCE, La phase à base d'huile d'olive naturelle élimine parfaitement le maquillage même waterproof tandis que la phase à base d'extrait de feuilles d'olivier respecte la zone sensible de l'oeil., Bien agiter avant utilisation pour mélanger les 2 phases puis appliquez sur les yeux à l'aide d'un coton. Ne pas avaler., Aqua, c13-15 alkane, olea europaea fruit oil, olea europaea leaf extract, gluconolactone, calcium gluconate, propylene glycol, sodium chloride, sodium benzoate, sodium hydroxide, caramel, CI 19140 (yellow5), CI 61570 (green5). Sans silicone, sans paraben, sans parfum., 6 mois après ouverture. Conserver à l'abri de la chaleur et de la lumière.]|"
40,32€ / L"|"
5,04 €"
2078|Démaquillant yeux, tolérance optimale, yeux sensibles porteurs delentilles.|Le flacon de 125ml|[Origine : FRANCE, Démaquille les yeux sensibles même le maquillage waterproof. Sa formule bi-phase non grasse respecte le contour de l'oeil et est idéal pour les yeux sensibles et les porteurs de lentilles., Aqua, isododecane, isopropyl palmitate, CI61565/green 6, dipotassium phosphate, hexylene glycol, poloxamer 184, polyaminopropyl biguanide, potassium phosphate, sodium chloride (FIL B54234/1). Sans paraben., 6 mois après ouverture.]|"
35,84€ / L"|"
4,48 €"
2079|Gelée démaquillante apaisante pour les yeux à l'extrait de rose, yeux sensibles|Le flacon de 125ml|[Origine : FRANCE, Un véritable apaisement pour les yeux sensibles.Hypoallergénique et enrichie en extrait de rose, elle soulage les yeux sensibles: à chaque démaquillage, les paupières et le contour de l'oeil sont immédiatement apaisés et soulagés. Jour après jour, irritations et tiraillements sont calmés. Une gelée très douce pour les yeux fragiles. Sa texture légère et fondante, non grasse, rafraîchit l'épiderme délicat du contour des yeux, sans les dessécher. La gelée élimine en douceur toute trace de maquillage., Aqua/water, Butylene Glycol, benzoic acid, caprylyl glycol, Carbomer, Poloxamer 184, Polysorbate 20, Rosa Gallica/Rosa Gallica flower extract, Sodium Hyaluronate, sodium hydroxide, Parfum/Fragrance (FIL B45673/1)., Se conserve 6 mois après ouverture.]|"
34,56€ / L"|"
4,32 €"
2080|Démaquillant doux pour les yeux, tous types de peaux|Le flacon de 125ml|[Origine : FRANCE, Elimine parfaitement le mascara non waterproof sans laisser de film gras. Enrichie en ProVitamine B5 hydrate et apaise la zone délicate du contour de l'oeil. Testé sous contrôle ophtalmologique et dermatologique., Appliquez sur un coton et nettoyez délicatement le contour de l'oeil, de l'intérieur vers l'extérieur.  Convient aux porteurs de lentilles de contact., Aqua, poloxamer 124, PEG-8, PEG-40 hydrogenated castor oil, glycerin, panthenol, isosteareth-20, steareth-20, dipotassium phosphate, potassium phosphate, trisodium EDTA, polyaminopropyl biguanide, butylphenyl methylpropional, hydroxyisohexyl 3-cyclohexene carboxaldehyde, geraniol, limonene, cinnamyl alcohol, alpha-isomethyl ionone, hydroxycitronellal, benzyl salicylate, linalool, parfum., 12 mois après ouverture.]|"
26,80€ / L"|"
3,35 €"
2081|Démaquillant yeux double action, tous types de peau|Le flacon de 125ml|[Origine : FRANCE, Enrichi en extrait naturel de bleuet le démaquillant Double Action combine efficacité et douceur : express il dissout sans frotter les maquillages waterproof et longue durée même très résistants. Très doux, il soigne et protège les cils sans laisserde film gras. Résultat : parfaitement démaquillée, la zone délicate du contour de l'oeil est apaisée, vos cils protégés. Votre regard pétille., Bien agiter avant emploi. Appliquez sur un coton et démaquillez délicatement le contour de l'oeil, de l'intérieur vers l'extérieur. Pas besoin de frotter. Convient aux porteurs de lentilles., Aqua, isododecane, cyclomethicone, isopropyl palmitate, helianthus annuus seed oil, centaurea cyanus flower extract, sodium chloride, trisodium EDTA, phenoxyethanol, methylisothiazolinone, Cl 60725, Cl 61565., 6 mois après ouverture.]|"
33,52€ / L"|"
4,19 €"
2082|25 lingettes démaquillantes, douceur, visage et yeux, démaquille et hydrate, peaux sèches et sensibles.|Le paquet de 25 lingettes|[Origine : FRANCE, Pour avoir une belle peau, un démaquillage quotidien et efficace est indispensable. Enrichies en huile d'amande douce, en extrait de fleur de coton et en vitamine E*, les lingettes démaquillantes Douceur Monoprix éliminent en douceur les impuretés etles traces de maquillage même waterproof. Leur formule apaise et hydrate votre peau sans effet gras, pour une véritable sensation de douceur. *dérivé de vitamine E., Adapté pour le visage, le cou et les yeux sensibles. Testé sous contrôle dermatologique et ophtalmologique. Soulevez l'étiquette adhésive, prenez une lingette et dépliez-la complètement. Démaquillez délicatement le visage, le cou et les yeux. Inutilede rincer. Après utilisation, bien refermer l'étui à l'aide de l'étiquette repositionnable afin de préserver la fraîcheur et l'hygiène de vos lingettes. Usage externe uniquement. Ne pas jeter dans les toilettes. Conserver hors de la portée des enfants. Ne pas utiliser sur une peau irritée ou une plaie., Aqua, butylene glycol, polysorbate 20, polysorbate 20, poloxamer 184, glycerin, parfum, sodium benzoate, polyaminopropyl biguanide, prunus amygdalus dulcis oil, tocopheryl acetate, hydroxyethylcellulose, lactic acid, gossypium herbaceum flower extract, potassium sorbate, citric acid., 3 mois après ouverture.]|"
0,11€ / Pce"|"
2,73 €"
2083|Lingettes démaquillantes visage et yeux|Le paquet de 25 lingettes|[Origine : FRANCE, Enrichies en extraits d'aloe véra, de fleur de lotus et en vitamine E, les lingettes démaquillantes Fraîcheur éliminent en douceur les impuretés et les traces de maquillage même waterproof. Leur formule tonifie et hydrate votre peau sans effet gras pour une véritable sensation de fraîcheur., Soulevez l'étiquette adhésive, prenez une lingette et dépliez la complètement. Démaquillez délicatement le visage, le cou et les yeux. Inutile de rincer. Usage externe exclusivement. Ne pas jeter dans les toilettes. Conserver hors de la portée des enfants. Ne pas utiliser sur une peau irritée ou une plaie., Aqua, butylène glycol, polysorbate 20, poloxamer 184, glycerin, parfum, sodium benzoate, polyaminopropyl biguanide, tocopheryl acétate, aloe barbadensis leaf juice, hydroxyethylcellulose, propylene glycol, lactic acid, citric acid, nelumbo nucifera flower extract, potassium sorbate., 3 mois après ouverture. Après utilisation, bien refermer l'étui à l'aide de l'étiquette repositionnable afin de préserver la fraîcheur et l'hygiène de vos lingettes.]|"
0,11€ / Pce"|"
2,67 €"
2084|Lingettes démaquillantes visage et yeux,                         peaux sèches et sencibles|Le paquet de 10 lingettes|[Origine : FRANCE, Enrichies en huile d'amande douce, en extrait de fleur de coton et en vitamine E, les lingettes éliminent en douceur les impuretés et les traces de maquillage même waterproof. Leur formule apaise et hydrate votre peau sans effet gras, pour une véritable sensation de douceur. Adapté pour le visage, le cou et les yeux sensibles., Soulevez l'étiquette adhésive, prenez une lingette et dépliez la complètement. Démaquillez délicatement le visage, le cou et les yeux. Inutile de rincer. Usage externe uniquement. Ne pas jeter dans les toilettes. Conserver hors de la portée des enfants. Ne pas utiliser sur une peau irritée ou sur une plaie., Aqua, butylene glycol, polysorbate 20, poloxamer 20, poloxamer 184, glycerin, parfum, sodium benzoate, polyaminopropyl biguanide, prunus amygdalus dulcis oil, tocopheryl acetate, hydroxyethylcellulose, lactic acid, gossypium herbaceum flower extract,potassium sorbate, citric acid., 3 mois après ouverture. Après utilisation, bien refermer l'étui à l'aide de l'étiquette repositionnable afin de préserver la fraîcheur et l'hygiène de vos lingettes.]|"
0,16€ / Pce"|"
1,60 €"
2085|Lingettes démaquillantes visage et yeux                          A l'aloe vera & à l'huile d'amande douce|Le sachet de 25 lingettes|[Origine : ESPAGNE, Enrichies en huile d'amande douce et en aloe vera, elles éliminent en douceur les impuretés et les traces de maquillage même waterproof. La peau est nette et douce sans sensation de tiraillement., Soulevez l'étiquette adhésive, prenez une lingette et dépliez la complètement. Démaquillez délicatement le visage, le cou et les yeux. Inutile de rincer. Conserver hors de la portée des enfants. Usage externe exclusif. Ne pas jeter dans les toilettes. Eviter le contact avec une peau irritée ou une plaie. Ne pas avaler., 3 mois après ouverture. Après utilisation, refermez l'étui à l'aide de l'étiquette repositionnable afin de préserver la fraîcheur et l'hygiène de vos lingettes.]|"
0,15€ / Pce"|"
3,70 €"
2086|Lingettes démaquillantes visage et yeux                          A l'aloe vera & à l'huile d'amande douce|Le sachet de 25 lingettes|[Origine : ESPAGNE, Enrichies en huile d'amande douce et en aloe vera, elles éliminent en douceur les impuretés et les traces de maquillage même waterproof. La peau est nette et douce sans sensation de tiraillement., Soulevez l'étiquette adhésive, prenez une lingette et dépliez la complètement. Démaquillez délicatement le visage, le cou et les yeux. Inutile de rincer. Conserver hors de la portée des enfants. Usage externe exclusif. Ne pas jeter dans les toilettes. Eviter le contact avec une peau irritée ou une plaie. Ne pas avaler., 3 mois après ouverture. Après utilisation, refermez l'étui à l'aide de l'étiquette repositionnable afin de préserver la fraîcheur et l'hygiène de vos lingettes.]|"
0,15€ / Pce"|"
3,70 €"
2087|Lingettes démaquillantes, format voyage|Les 10 lingettes|[Origine : ITALIE, Les Lingettes Démaquillantes Barbara Gould ont une texture alvéolée qui élimine efficacement et avec confort tous les types de maquillages, même waterproof et longue tenue.Elles démaquillent en douceur le visage, les yeux et les lèvres grâce à leur lotion hydratante enrichie en Protéines d'Amande. Parfaitement démaquillée, votre peau est propre et purifiée. Vous éprouvez une agréable sensation de fraîcheur, de douceur et de confort., Soulevez l'étiquette adhésive, tirez une lingette et passez-la délicatement sur votre visage, vos yeux et vos lèvres. Inutile de rincer. Leur formule non grasse et sans alcool convient aussi aux peaux sensibles., Aqua, polysorbate 20, peg-7 glyceryl cocoate, disodium cocopolyglucose citrate, glycerin, hydrolyzed sweet almond protein, hydrolyzed wheat protein, imidazolidinyl urea, disodium edta, lactic acid, sodium methylparaben, parfum, amyl cinnamal, benzylbenzoate, citronellol, limonene, eugenol, geraniol, linalool, benzyl alcohol, alpha-isomethyl ionone, hexyl cinnamal., 3 mois après ouverture. Refermez bien la languette adhésive après usage pour éviter tout risque de dessèchement des lingettes.]|"
0,28€ / Pce"|"
2,77 €"
2088|Lingettes démaquillantes visage, yeux, lèvres, texture alvéolée, protéines d'amande, tous types de peaux même sensibles|Le paquet de 25 lingettes|[Origine : FRANCE, Les Lingettes Démaquillantes Barbara Gould ont une texture alvéolée qui élimine efficacement et avec confort tous les types de maquillages, même waterproof et longue tenue. Résultat beauté : parfaitement démaquillée, votre peau est propre et purifiée. Vous éprouvez une agréable sensation de fraîcheur, de douceur et de confort., Soulevez l'étiquette adhésive, tirez une lingette et passez-la délicatement sur votre visage, vos yeux et vos lèvres, inutile de rincer. Refermez bien la languette adhésive après usage pour éviter tout risque de dessèchement des lingettes., Aqua, polysorbate 20, PEG-7, glyceryl cocoate, disodium cocopolyglucose citrate, glycerin, hydrolyzed sweet almond protein, hydrolyzed wheat protein, imidazolidinyl urea, disodium edta, lactic acid, sodium methylparaben, parfum, amyl cinnamal, benzylbenzoate, citronellol, limonene, eugenol, geraniol, linalool, benzyl alcohol, alpha-isomethyl ionone, hexyl cinnamal. Sans alcool., A utiliser dans les 3 mois après ouverture.]|"
0,18€ / Pce"|"
4,62 €"
2089|Lingettes démaquillantes, tous types de peaux|Les 35 lingettes|[Origine : FRANCE, Retrouvez toute la fraîcheur d'une eau démaquillante enrichie en actif micellaire de cotonniers, pour une peau parfaitement démaquillée en un seul geste., Ne pas utiliser pour des enfants âgés de moins de 3 ans., Aqua, peg-7 glyceryl cocoate, propylene glycol, peg-40 hydrogenated castor oil, urea, prunus amygdalus dulcis (sweet almond) protein, glycerin, dmdm hydantoin, diazolidinyl urea, methylparaben, tetrasodium edta, panthenol, sodium cottonseed amphoacetate, allantoin, tocopheryl acetate, sodium chloride, iodopropynyl butylcarbamate, citric acid, parfum., 3 mois après ouverture.]|"
0,14€ / Pce"|"
4,89 €"
2090|lingettes demaquillantes douceur peaux normales et mixtesau      lait, édition limitée.|La pochette de 25 lingettes|[Origine : FRANCE, Retrouvez toute la douceur d'un lait démaquillant aux extraits de coton, associé à une texture efficace plus douce. Formulé pour minimiser les risques d'allergies. Testé sous contrôle dermatologique et ophtalmologique., Usage externe. Si sur des peaux particulièrement sensibles, un problème d'irritation survenait, arrêter l'utilisation et rincer à l'eau., Aqua, paraffinum liquidum, glycerin, isohexadecane, glyceryl stearate, ceteareth-20, caprylic/capric triglycéride, phenoxyethanol, magnesium aluminum silicate, ceteareth-12, cetearyl alcohol, cetyl palmitate, tocopheryl acetate, chlorphenesin, panthenol, propylene glycol, cellulose gum, disodium edta, ethylhexylglycerin, dehydroacetic acid, gossypium herbaceum (cotton) seed extract, potassium sorbate, sorbic acid, sodium hydroxide, parfum., 3 mois après ouverture.]|"
0,16€ / Pce"|"
4,07 €"
2091|Lingettes démaquillantes douceur peaux sèches et sensibles       au lait édition limitée.|La pochette de 25 lingettes|[Origine : FRANCE, Retrouvez toute la douceur d'un lait démaquillant aux extraits de coton, associé à une texture efficace plus douce. Hypoallergénique : formulé pour minimiser les risques d'allergies. Testé sous contrôle dermatologique et ophtalmologique., Usage externe. Si sur des peaux particulièrement sensibles, un problème d'irritation survenait, arrêter l'utilisation et rincer à l'eau., Aqua, paraffinum liquidum, glycerin, isohexadecane, glyceryl stearate, ceteareth-20, caprylic/capric triglycéride, phenoxyethanol, magnesium aluminum silicate, ceteareth-12, cetearyl alcohol, cetyl palmitate, tocopheryl acetate, chlorphenesin, panthenol, propylene glycol, cellulose gum, disodium edta, ethylhexylglycerin, dehydroacetic acid, gossypium herbaceum (cotton) seed extract, potassium sorbate, sorbic acid, sodium hydroxide, parfum., 3 mois après ouverture.]|"
0,16€ / Pce"|"
4,07 €"
2092|Lingettes démaquillantes visage & yeux, tous types de peaux.|Le paquet de 23 lingettes|[Origine : ITALIE]|"
0,19€ / Pce"|"
4,32 €"
2093|Lingettes fraicheur coton à l'eau démaquillante, peaux normales ou mixtes|Le paquet de 25 lingettes|[Origine : FRANCE, Retrouvez toute la fraîcheur d'une eau démaquillante enrichie en actifs micellaires de coton, associée à une texture plus douce.Testé sous contrôle dermatologique et ophtalmologique., Usage externe. Si sur des peaux particulièrement sensibles, un problème d'irritation survenait, arrêter l'utilisation et rincer à l'eau. Ne pas utiliser pour les enfants âgés de moins de 3 ans., Aqua, peg-7 glyceryl cocoate, propylene glycol, peg-40 hydrogenated castor oil, urea, DMDM hydantoin, diazolidinyl urea, methylparaben, tetrasodium EDTA, Panthenol, sodium cottonseedamphoacetate, Allantoin, Tocopheryl Acétate, sodium chloride, glycerin, iodopropynyl butylcarbamate, citric acid, parfum.]|"
0,16€ / Pce"|"
3,90 €"
2094|Lingettes fraîcheur coton à l'eau démaquillante, visage & yeux, peaux sèches ou sensibles|Le paquet de 25 lingettes|[Origine : FRANCE, Retrouvez toute la fraîcheur d'une eau démaquillante enrichie en actifs micellaires de coton, associée à une texture plus douce.Testé sous contrôle dermatologique et ophtalmologique., Usage externe. Si sur des peaux particulièrement sensibles, un problème d'irritation survenait, arrêter l'utilisation et rincer à l'eau. Ne pas utiliser pour les enfants âgés de moins de 3 ans., Aqua, peg-7 glyceryl cocoate, propylene glycol, peg-40 hydrogenated castor oil, urea, prunus amygdalus dulcis (sweet almond) protein, glycerin, DMDM hydantoin, diazolidinyl urea, methylparaben, tetrasodium EDTA, Panthenol, sodium cottonseedamphoacetate, Allantoin, Tocopheryl Acétate, sodium chloride, iodopropynyl butylcarbamate, citric acid, parfum.]|"
0,16€ / Pce"|"
3,97 €"
2095|Lingettes démaquilantes Express, visage et yeux, tous types de peaux, maxi pack|Le paquet de 40 lingettes|[Origine : AUTRICHE, Les lingettes Démaquillantes Express 3 en 1 de Diadermine démaquillent tout en douceur visage, yeux et lèvres en un seul geste !Elles enlèvent parfaitement les impuretés et toutes traces de maquillage même waterproof. Résultat : votre peau est parfaitement démaquillée, fraîche et hydratée. Ce paquet Maxi Format de 40 lingettes vous assure une utilisation quotidienne pendant 3 semaines. Testé dermatologiquement et ophtalmologiquement., Aqua, glycerin, paraffinum liquidum, ppg-15 stearyl ether, parfum, steareth-10, glyceryl stearate, peg-30 stearate, peg-8, citric acid, geraniol, benzyl alcohol, bht, limonene, citronellol, phenoxyethanol, potassium sorbate, ethylparaben, methylparaben. Sans alcool., 6 mois après ouverture.]|"
0,12€ / Pce"|"
4,69 €"
2096|Lingettes démaquillantes hydratantes, visage et yeux, au lait hydratant, peaux sèches et sensibles|Le paquet de 25 lingettes|[Origine : FRANCE, (F) Spécialement dédiées aux peaux sèches et sensibles, les LINGETTES DEMAQUILLANTES HYDRATANTES DIADERMINE éliminent parfaitement les impuretés et toutes les traces de maquillage, même waterproof. Enrichie au lait hydratant*, leur formule apporte àla peau I'hydratation* dont elle a besoin pendant toute la journée. -Jour après jour, votre peau est plus douce, plus souple et éclatante de beauté. - Grâce à leur lotion sans alcool, les lingettes conviennent parfaitement aux peaux les plus sensibles et à la zone fragile du contour de l'oeil. - Testé dermatologiquement et ophtalmologiquemenr * Hydratation des couches supérieures de l'épiderme., AQUA, GLYCERIN, PARAFFIUM LIQUIDUM, PPG-15 STEARYLETHER, STEARATH-10, PEG-30 STEARATE, GLYCERYL STEARATE, TOCOPHEROL, ASCORBYL PALMITATE, ASCORBIC ACID, PEG-8, PARFUM, PHENOXYETHANOL, METHYLPARABEN, PROPYLPARABEN, BENZOIC ACID, DEHYDROACETIC ACID., 6 mois après ouverture.]|"
0,18€ / Pce"|"
4,58 €"
2097|Lingettes démaquillantes surper confort, efficace sur maquillage waterproof, peaux normales à sèches.|Le paquet de 25 lingettes alvéolées|[Origine : FRANCE, Enrichies en extrait de rose protecteur et en vitamine E, elles démaquillent sans dessécher et laissent une sensation de confort immédiat., Soulevez la languette adhésive. Sortez une lingette et démaquillez votre visage. Inutile de rincer., Aqua/water, glycerin, ammonium polyacryldimethyltauramide/ammonium polyacryloyldimethyl taurate, benzyl alcohol, benzyl salicylate, cetyl alcohol, citric acid, citronellol, disodium edta, glyceryl stearate, hexyl cinnamal, hydroxycitronellal, isopropyl palmitate, linalool, myrtrimonium bromide, peg-100 stearate, phenoxyethanol, prunus amygdalus dulcis oil/sweet almond oil, rosa gallica extract/rosa gallica flower extract, sodium benzoate, tocopherol, xanthan gum, parfum/fragrance. (FIL B162735/2)., 3 mois après ouverture. Refermez immédiatement la languette adhésive pour éviter le dessèchement des lingettes.]|"
0,18€ / Pce"|"
4,62 €"
2098|Lingettes de toilette bienfaisantes|Le paquet de 25|[Origine : FRANCE]|"
0,18€ / Pce"|"
4,62 €"
2099|Lingettes démaquillantes biodégradables, tous types de peau.|Le paquet de 25 lingettes|[Origine : PAYS-BAS, Délicatement démaquillée, votre peau est incroyablement nette, soyeuse et fraîche. Elle est naturellement radieuse., Utilisez quotidiennement le matin et le soir. Nettoyez délicatement le visage, le cou et les yeux. Refermez soigneusement la languette adhésive après chaque utilisation pour éviter le dessèchement des lingettes., Aqua, isopropyl stearate, argania spinosa kernel oil, aloe barbadensis leaf juice, tocopherol, glycerin, vp/hexadecene copolymer, ethylhexylglycerin, sodium acrylates/c10-30 alkyl acrylate crosspolymer, phenoxyethanol, methylisothiazolinone, linalool, limonene, citronellol, benzyl alcohol, butylphenyl methylpropional, alpha isomethyl ionone, geraniol, parfum. Sans paraben, silicone, colorant, huile minérale, alcool., Refermez soigneusement la languette adhésive après chaque utilisation pour éviter le dessèchement des lingettes.]|"
0,17€ / Pce"|"
4,32 €"
2100|Lingettes démaquillantes douceur, peaux sèches et sensibles|Les 25 lingettes|[Origine : FRANCE, Elles démaquillent efficacement en un seul geste le visage, le cou et les yeux tout en respectant l'équilibre naturel d'hydratation de la peau. Elles Eliminent le maquillage même waterproof. Délicatement démaquillée, votre peau est incroyablement nette, hydratée et apaisée. Vous ressentez une agréable sensation de confort, vous rayonnez., Nettoyez délicatement le visage, le cou et les yeux en gardant les yeux fermés., Valeur énergétique en Joules :  0, Valeur énergétique en Kcal : 0, Glucides : 0, Lipides : 0, Protides :0, Aqua, isopropyl stearate, glycerin, dimethicone, methylpropanediol, prunus amygdalus dulcis oil, calendula officinalis flower extract, polyglyceryl-3 methylglucose distearate, sodium acrylates / C10-30 alkyl acrylate crosspolymer, glycine soja oil, 1,2-hexanediol, phenoxyethanol, methylparaben, limonene, linalool, hydroxyisohexyl 3-cyclohexene carboxaldehyde, benzyl alcohol, citronellol, alpha-isomethyl ionone, geraniol, butylphenyl methylpropional, benzyl salicylate, hexyl cinnamal, parfum., 6 mois après ouverture. Refermez soigneusement la languette adhésive après chaque utilisation pour éviter le dessèchement des lingettes.]|"
0,17€ / Pce"|"
4,32 €"
2101|Lingettes démaquillantes fraîcheur|Les 25 lingettes|[Origine : FRANCE, Démaquillent et dynamisent la peau. Eliminent le maquillage même waterproof. Pour une belle peau incroyablement fraîche. Extrait de lotus & vitamines dynamisantes.Démaquillent efficacement en un seul geste le visage, le cou et les yeux en respectantl'équilibre naturel d'hydratation de la peau. Délicatement démaquillée, votre peau est parfaitement nette, hydratée et vivifiée. Vous ressentez une incroyable sensation de fraîcheur, vous rayonnez., Nettoyez délicatement le visage, le cou et les yeux en gardant les yeux fermés. Refermez soigneusement la languette adhésive après chaque utilisation pour éviter le dessèchement des lingettes., Aqua, isopropyl stearate, nelumbium speciosum extract, panthenol, tocopheryl acetate, glycerin, vp/hexadecene copolymer, sodium acrylates/C10-30 alkyl acrylate crosspolymer, propylene glycol, phenoxyethanol, methylparaben, methylisothiazolinone, limonene, linalool, hydroxyisohexyl 3-cyclohexene carboxaldehyde, benzyl alcohol, citronellol, alpha-isomethyl ionone, geraniol, butylphenyl methylpropional, benzyl salicylate, hexyl cinnamal, parfum. Sans alcool., A consommer dans les 6 mois après ouverture.]|"
0,17€ / Pce"|"
4,32 €"
2102|Eau démaquillante, micellaire, peaux et yeux sensibles, extrait dconcombre, vitamine E*.|Le flacon de 200ml|[Origine : FRANCE, L'eau démaquillante a été spécialement conçue pour vous assurer un démaquillage doux du visage et des yeux.Sans alcool, enrichie en vitamine E et en extrait de concombre, elle purifie votre peau et la rafraîchit sans laisser de film gras., Appliquez matin et soir sur un coton puis démaquillez délicatement votre visage et vos yeux, sans frotter. Inutile de rincer., Aqua, polysorbate 20, peg-7 glyceryl cocoate, peg-8, peg-40 hydrogenated castor oil, parfum, tocopheryl acetate, 1,2-hexanediol, caprylic glycol, citric acid, disodium edta, sodium hydroxide, cucumis sativus fruit extract, glycerin, methylisothiazolinone, tropolone, potassium sorbate, sodium benzoate., Se conserve 6 mois après utilisation.]|"
14,85€ / L"|"
2,97 €"
2103|Eau démaquillante micellaire, peaux et yeux sensibles, vitamine E*.|Le flacon de 500ml|[Origine : FRANCE, Sans alcool, enrichie en vitamine E et en extrait de concombre, elle purifie votre peau et la rafraîchit sans laisser de film gras. Votre peau est fraîche et tonifiée., Appliquez matin et soir sur un coton puis démaquillez délicatement votre visage et vos yeux sans frotter. Inutile de rincer., Aqua, polysorbate 20, peg-7 glyceryl cocoate, peg-8, peg-40 hydrogenated castor oil, parfum, tocopheryl acetate, 1,2 hexanediol, caprylyl glycol, citric acid, disodium edta, sodium hydroxide, cucumis sativus fruit extract, glycerin, methylisothiazolinone, tropolone, potassium sorbate, sodium benzoate., 6 mois après ouverture.]|"
11,72€ / L"|"
5,86 €"
2104|Eau démaquillante micellaire à la vitamine E, peaux et yeux sensibles|Le flacon de 100ml|[Origine : FRANCE, Extrait de concombre., Aqua, polysorbate 20, PEG-7 glyceryl cocoate, PEG-8, PEG-40 hydrogenated castor oil, parfum, tocopheryl acetate, 1,2-hexanediol, caprylyl glycol, citric acid, disodium EDTA, sodium hydroxide, cucumis sativus fruit extract, glycerin, methylisothiazolinone, tropolone, potassium sorbate, sodium benzoate., 6 mois après ouverture.]|"
19,10€ / L"|"
1,91 €"
2105|Lait démaquillant à l'extrait de fleur d'oranger & à l'aloe vera.|Le flacon de 200ml|[Origine : FRANCE, Le lait démaquillant Monoprix Bio démaquille et élimine facilement les traces de maquillage. Sa formule est adaptée au démaquillage des yeux. Votre peau est douce et hydratée. Sa texture ne laisse pas de film gras sur la peau., Convient à tout type de peau. Appliquez matin et soir à l'aide d'un coton sur le visage et le décolleté. Renouvelez l'opération jusqu'à élimination de toute trace de maquillage., Aqua, aloe barbadensis leaf juice*, caprylic/capric triglyceride, polyglyceryl-3 dicitrates/stearate, glycerin, glyceryl stearate, butyrospermum parkii butter*, benzyl alcohol, sodium benzoate, xanthan gum, aroma, argania spinosa kernel oil*, citrusaurantium amara flower water*, citric acid, tetrasodium glutamate diacetate, sodium hydroxide, gluconolactone, geraniol, limonene, linalool. *Ingrédients issus de l'agriculture biologique. 98% du total des ingrédients sont d'origine naturelle. 21% dutotal des ingrédients sont issus de l'agriculture biologique., 12 mois après ouverture.]|"
20,95€ / L"|"
4,19 €"
2106|Lait démaquillant à l'extrait de fleur d'oranger & à l'aloe vera.|Le flacon de 200ml|[Origine : FRANCE, Le lait démaquillant Monoprix Bio démaquille et élimine facilement les traces de maquillage. Sa formule est adaptée au démaquillage des yeux. Votre peau est douce et hydratée. Sa texture ne laisse pas de film gras sur la peau., Convient à tout type de peau. Appliquez matin et soir à l'aide d'un coton sur le visage et le décolleté. Renouvelez l'opération jusqu'à élimination de toute trace de maquillage., Aqua, aloe barbadensis leaf juice*, caprylic/capric triglyceride, polyglyceryl-3 dicitrates/stearate, glycerin, glyceryl stearate, butyrospermum parkii butter*, benzyl alcohol, sodium benzoate, xanthan gum, aroma, argania spinosa kernel oil*, citrusaurantium amara flower water*, citric acid, tetrasodium glutamate diacetate, sodium hydroxide, gluconolactone, geraniol, limonene, linalool. *Ingrédients issus de l'agriculture biologique. 98% du total des ingrédients sont d'origine naturelle. 21% dutotal des ingrédients sont issus de l'agriculture biologique., 12 mois après ouverture.]|"
20,95€ / L"|"
4,19 €"
2107|Lait demaquillant douceur, hydrate&adoucit, peaux séches et sensibles, huiles d'amande.|Le flacon de 100ml|[Origine : FRANCE, A l'huile d'amande douce et de coton., Aqua, isopropyl palmitate, glycerin, caprylic/capric triglyceride, cetearyl alcohol, glyceryl stearate, PEG-100 stearate, dimethicone, parfum, acrylates/C10-30 alkyl acrylate crosspolymer, prunus amygdalus dulcis oil, tocopheryl acetate, xanthan gum,gossypium herbaceum seed oil, 1,2-hexanediol, caprylyl glycol, sodium hydroxide methylisothiazolinone, tropolone, CI17200, lecithin, ascorbyl palmitate, CI42090, citric acid., 6 mois après ouverture.]|"
18,60€ / L"|"
1,86 €"
2108|Lait démaquillant douceur, hydrate et adoucit, peaux sèches et sensibles, huile d'amande.|Le flacon de 500ml|[Origine : FRANCE, Sa formule enrichie en huiles d'amande douce et de coton et en vitamine E apporte douceur et souplesse à votre peau et la protège des tiraillements. Texture non grasse., Appliquez matin et soir sur votre peau du bout des doigts ou avec un coton., Aqua, isopropyl palmitate, glycerin, caprylic/capric triglyceride, cetearyl alcohol, glyceryl stearate, peg-100 stearate, dimethicone, parfum, acrylates/c10-30 alkyl acrylate crosspolymer, prunus amygdalus dulcis oil, tocopheryl acetate, xanthan gum,gossypium herbaceum seed oil, 1,2-hexanediol, caprylyl glycol, sodium hydroxide, methylisothiazolinone, tropolone, CI17200, lecithin, ascorbyl palmitate, CI42090, citric acid., 6 mois après ouverture.]|"
11,72€ / L"|"
5,86 €"
2109|Lait démaquillant douceur à l'huile d'amande, pour peaux sèches et sensibles|Le flacon 200ml|[Origine : FRANCE, Le lait démaquillant conçu pour les peaux sèches et sensibles, démaquille et élimine en douceur toute trace de maquillage et d'impuretés.Sa formule enrichie en huiles d'amande douce et de coton et en vitamine E apporte douceur et souplesse à votre peau et la protège des tiraillements., Appliquez matin et soir sur votre peau du bout des doigts ou avec un coton., Aqua, isopropyl palmitate, glycerin, caprylic/capric triglyceride, cetearyl alcohol, glyceryl stearate, peg-100 stearate, dimethicone, parfum, acrylates/c10-30 alkyl acrylate crosspolymer, prunus amygdalus dulcis oil, tocopheryl acetate, xanthan gum,gossypium herbaceum seed oil, 1,2-hexanediol, caprylyl glycol, sodium hydroxide, methylisothiazolinone, tropolone, CI 17200, lecithin, ascorbyl palmitate, CI 42090n citric acid., Se conserve 6 mois après ouverture.]|"
14,50€ / L"|"
2,90 €"
2110|Lotion tonique douceur, rafraîchit & hydrate, peaux sèches et sensibles, huiles d'amande.|Le flacon de 200ml|[Origine : FRANCE, La lotion tonique tonifie et rafraîchit en douceur les peaux sèches et sensibles. Sans alcool, elle purifie votre peau et la rafraîchit sans laisser de film gras, pour une sensation de confort., Appliquez matin et soir sur le visage à l'aide d'un coton., aqua, propylene glycol, peg-40 hydrogenated castor oil, polysorbate 20, glycerin, parfum, sweet almond oil peg-8 esters, tocopheryl acetate, gossypium herbaceum seed oil, 1,2-hexanediol, caprylyl glycol, disodium edta, citric acid, sodium hydroxide,methylisothiazolinone, tropolone, CI 17200, lecithin, ascorbyl palmitate, CI 42090., Se conserve 12 mois après ouverture.]|"
14,50€ / L"|"
2,90 €"
2111|Démaquillant bi-phase, huile & eau micellaire|Le flacon de 200ml|[Origine : FRANCE, Ce démaquillant Bi-Phase associe la double efficacité de l'huile et de l'eau micellaire pour éliminer tous les maquillages même les plus résistants, en un temps record. Enrichi en huile de coton nourrissante et en eau de bleuet bio adoucissante, il laisse la peau incroyablement nette, douce et confortable., Bien agiter avant utilisation pour mélanger les deux phases. Appliquez à l'aide d'un coton sur l'ensemble du visage, des yeux et des lèvres. Ne nécessite pas de rinçage. Ne pique pas les yeux., Aqua, isododecane, dimethicone, methylpropanediol, hexyl laurate, sodium chloride, benzyl alcohol, salicylic acid, phenethyl alcohol, centaurea cyanus flower water, melissa officinalis flower/leaf/stem water, caprylyl/capryl glucoside, potassium hydroxide gossypium herbaceum seed oil, ethylhexyl cocoate, citric acid, sodium benzoate, potassium sorbate, lecithin, ascorbyl palmitate, Cl60725. Sans alcool., 6 mois après ouverture.]|"
26,75€ / L"|"
5,35 €"
2112|Démaquillant Intégral visage, yeux et lèvres, tous types de peaux même sensibles|Le flacon pompe de 200ml|[Origine : FRANCE, Le démaquillant Intégral Barbara Gould démaquille le visage, les yeux et les lèvres en un seul geste, dans la plus grande douceur. Parfaitement nettoyée, la peau est fraîche et confortable.Il élimine efficacement tous les types de maquillages, même waterproof et longue tenue. Sa texture gel-crème, légère et non grasse, ne laisse pas de film gras sur votre peau et ne nécessite aucun rinçage. Sa formule, enrichie en eau de fleur d'oranger aux vertus relaxantes et adoucissantes, hydrate votre peauet la laisse douce., Appliquez une noisette de Démaquillant Intégral, du bout des doigts ou sur un coton, sur l'ensemble du visage et des yeux. Inutile de rincer. Pratique, la pompe s'ouvre et se ferme par simple rotation., Aqua, butylene glycol, isododecane, citrus aurantium amara flower distillate, glycerin, isohexadecane, isononyl isononanoate, cetearyl alcohol, poloxamer 124, propylene glycol acrylates/C10-30 alkyl acrylate crosspolymer, triethanolamine, diazolidinyl urea, parfum, panthenol, methylparaben, tetrasodium edta, potassium sorbate, sodium methylparaben, sodium propylparaben, propylparaben, butylphenyl methylpropional, benzyl salicylate, citronellol, eugenol, geraniol, limonene, linalool, Cl15985., 12 mois après ouverture.]|"
29,10€ / L"|"
5,82 €"
2113|Eau démaquillante visage,yeux et lèvres, nettoie en douceur, tonifie et hydrate, formule haute tolérance.|Le flacon-pompe de 300ml|[Origine : ROYAUME UNI, L'Eau Démaquillante Barbara Gould élimine en douceur le maquillage et les impuretés du visage. Sa formule sans alcool, enrichie en agents hydratants, laisse la peau douce et purifiée.Parfaitement démaquillée, votre peau est nette, fraîche et tonifiée, avec une agréable sensation de confort. Testée sous contrôle dermatologique et ophtalmologique. Hydratation prouvée cliniquement., Appliquez à l'aide d'un coton sur l'ensemble du visage, des yeux et des lèvres. Inutile de rincer. Peut aussi être utilisée le matin pour rafraîchir et tonifier votre peau dès le réveil., Aqua, butylene glycol, sodium coceth sulfate, peg-40 glyceryl cocoate, biosaccharide gum-1, propylene glycol, diazolidinyl urea, methylparaben, propylparaben, ethylparaben, butylparaben, isobutylparaben, phenoxyethanol, sorbitol, oleth-20, citric acid, tetrasodium EDTA, parfum, sodium hydroxide, benzyl salicylate, butylphenyl methylpropional, limonene, linalool., 12 mois après ouverture.]|"
16,83€ / L"|"
5,05 €"
2114|L'eau Micellaire, Démaquillage bio visages - yeux - lèvres, Tous types de peaux même sensibles|Le flacon pompe de 250ml|[Origine : FRANCE, Riche en micelles, assemblage optimum d'agents nettoyants doux, l'Eau Micellaire purifie la peau en la débarrassant efficacement des impuretés et traces de maquillage.Enrichie en Eau de Mélisse Bio aux vertus adoucissantes, elle laisse la peau douce,fraîche et confortable, sans sensation de tiraillement ni effet collant., Appliquez à l'aide d'un coton sur l'ensemble du visage, des yeux et des lèvres. L'eau Micellaire peut aussi être utilisée le matin pour rafraîchir et tonifier votre peau dès le réveil. Pratique, la pompe s'ouvre et se ferme par rotation. Ne pique pasles yeux. Sans rinçage., Aqua, caprylyl/capryl glucoside, benzyl alcohol, melissa officinalis flower/leaf/steam water*, sodium benzoate, potassium sorbate, decyl glucoside, parfum, aloe barbadensis leaf juice*, citric acid, tetrasodium glutamate diacetate, sodium hydroxide,citral, limonene, linalool. *Ingrédients issus de l'agriculture biologique. 99,12% du total des ingrédients sont d'origine naturelle. 10,49% du total des ingrédients. Sans alcool. Sans paraben. Sans colorant., 6 mois après ouverture.]|"
23,44€ / L"|"
5,86 €"
2115|L'eau Micellaire, Démaquillage bio visages - yeux - lèvres, Tous types de peaux même sensibles|Le flacon pompe de 250ml|[Origine : FRANCE, Riche en micelles, assemblage optimum d'agents nettoyants doux, l'Eau Micellaire purifie la peau en la débarrassant efficacement des impuretés et traces de maquillage.Enrichie en Eau de Mélisse Bio aux vertus adoucissantes, elle laisse la peau douce,fraîche et confortable, sans sensation de tiraillement ni effet collant., Appliquez à l'aide d'un coton sur l'ensemble du visage, des yeux et des lèvres. L'eau Micellaire peut aussi être utilisée le matin pour rafraîchir et tonifier votre peau dès le réveil. Pratique, la pompe s'ouvre et se ferme par rotation. Ne pique pasles yeux. Sans rinçage., Aqua, caprylyl/capryl glucoside, benzyl alcohol, melissa officinalis flower/leaf/steam water*, sodium benzoate, potassium sorbate, decyl glucoside, parfum, aloe barbadensis leaf juice*, citric acid, tetrasodium glutamate diacetate, sodium hydroxide,citral, limonene, linalool. *Ingrédients issus de l'agriculture biologique. 99,12% du total des ingrédients sont d'origine naturelle. 10,49% du total des ingrédients. Sans alcool. Sans paraben. Sans colorant., 6 mois après ouverture.]|"
23,44€ / L"|"
5,86 €"
2116|Lait à l'eau micellaire, démaquillant hydra confort visage & yeux, peaux sèches et sensibles.|Le flacon de 200ml|[Origine : FRANCE, Sa formule onctueuse à base d'eau micellaire, d'eau de mélisse bio adoucissante et d'huile d'amande douce, élimine parfaitement les impuretés et traces de maquillage, même les plus résistantes. Ce lait démaquillant répond aux exigences des peaux sèches et sensibles recherchant douceur, hydratation et confort. Lait non gras. Ne pique pas les yeux., Appliquez à l'aide d'un coton sur l'ensemble du visage et des yeux. Ne pique pas les yeux., Aqua, ethylhexyl, cocoate, glycerin, paraffinum liquidum, sorbitan stearate, ceteth-20, cetyl alcohol, prunus amygdalus dulcis oil, phenoxyethanol, zea mays starch, melissa officinalis flower/leaf/stem water, parfum, xanthan gum, sorbic acid, carbomer, sodium hydroxide, citric acid,  caprylyl/capryl glucoside, sodium benzoate, potassium sorbate tocopherol benzyl salicylate linalool, butylphenyl methylpropional limonene eugenol, citronellol, geraniol, benzyl alcohol, benzyl benzoate. Sans colorant. Sans alcool., 6 mois après ouverture.]|"
26,75€ / L"|"
5,35 €"
2117|Eau démaquillante, thé vert, peaux ternes & stressées|Le spray de 200ml|[Origine : FRANCE, La caution des laboratoires Diadermine : une haute compatibilité avec la peau vérifiée par des tests de tolérance. Une efficacité testée et prouvée scientifiquement en laboratoires. Un respect de la peau contrôlé par des dermatologues. Tous les jours, la peau est agressée parla pollution, le stress et le maquillage. L'Eau Démaquillante Dermo Detox démaquille visage, yeux et lèvres tout en détoxifiant* la peau. Appliquez matin et soir avec un coton, ou directement sur votre visage. Ne pas rincer.*En purifiant en douceur., Aqua, dipropylene glycol, hexanediol, poloxamer 184, glycerin, propylene glycol, panthenol, sorbitol, peg-40 hydrogenated castor oil, trideceth-9, parfum, camellia sinensis leaf extract, centaurea cyanus flower extract, calcium pantothenate, biosaccharide gum-1, pantolactone, polysorbate 20, benzoic acid, phenoxyethanol, methylparaben., A utiliser dans les 12 mois après ouverture.]|"
30,35€ / L"|"
6,07 €"
2118|Gelée démaquillante haute performance, nettoie, apaise, adoucit, visage et yeux non-gras, peaux sèches et sensibles.|le flacon de 200ml|[Origine : FRANCE]|"
28,60€ / L"|"
5,72 €"
2119|Lait démaquillant Express 3 en 1, visage, yeux et lèvres|Le flacon de 200ml|[Origine : AUTRICHE]|"
22,90€ / L"|"
4,58 €"
2120|Lait démaquillant hydratant, peau douce et veloutée, peaux sèches & sensibles|Le flacon de 200ml|[Origine : FRANCE, Actions : le Lait Démaquillant Hydratant enlève délicatement les impuretés et toutes traces de maquillage, même waterproof. Sa formule hydrate, apaise et adoucit la peau.Résultats visibles : parfaitement démaquillée, votre peau est aussi hydratée pendant 8h. Elle est confortable et incroyablement douce., Appliquez matin et soir du bout des doigts, ou à l'aide d'un coton, puis utilisez une lotion tonique., Aqua, paraffinum liquidum, triceteareth-4 phosphate, glycerin, ceteareth-12, cetearyl alcohol, sorbitol, taurine, panthenol, carbomer, tocopheryl acetate, parfum, hydroxypropyl methylcellulose, xanthan gum, calcium pantothénate, trisodium dicarboxymethyl alaninate, pantolactone, phenoxyethanol, methylparaben, propylparaben, Cl16035., 12 mois après ouverture.]|"
21,10€ / L"|"
4,22 €"
2121|Lotion tonique, peau douce et velouté, peaux sèches & sensibles|Le flacon de 200ml|[Origine : FRANCE, Les peaux sèches et sensibles ont des besoins particuliers : elles ont besoin d'être hydratées, nourries et protégées pour lutter contre leur fragilité et leur sensibilité. C'est pour répondre à ces attentes spécifiques que les laboratoires Diadermine ont développé la lotion tonique apaisante. Actions : la lotion tonique apaisante tonifie et rafraîchit les peaux sèches et sensibles. Sa formule, à l'activateur de dermo-lipides, préserve leur niveau d'hydratation naturel et les apaise. Résultats visibles : parfaitement tonifiée, votre peau est aussi apaisée. Elle est hydratée et retrouve douceur et souplesse., Appliquez matin et soir avec un coton, après vous être démaquillée., Valeur énergétique en Joules :  0, Valeur énergétique en Kcal : 0, Glucides : 0, Lipides : 0, Protides :0, Aqua, dipropylene glycol, poloxamer 184, panthenol, taurine, retinyl palmitate, linoleic acid, tocopherol, paba, calcium pantothenate, chitosan glycolate, propylene glycol, peg-40 hydrogenated castor oil, trideceth-9, polysorbate 20, lactic acid, benzophenone-4, parfum, tetrasodium edta, phenoxyethanol, sodium benzoate, Cl16035., A utiliser dans les 12 mois après ouverture.]|"
20,35€ / L"|"
4,07 €"
2122|Solution micellaire tout en 1, peaux sensibles, nettoie + démaquille + apaise sans rinçage.|Le flacon de 400ml|[Origine : FRANCE, La Solution Micellaire Tout en 1 nettoie, démaquille et apaise en un seul geste et sans rinçage visage, yeux et lèvres. Une formule apaisante, sans parfum et sans paraben, qui convient à toutes les peaux mêmes sensibles., Nettoyez visage, yeux et lèvres à l'aide de cotons imbibés de produit, sans frotter et sans rincer., Aqua/water, hexylene glycol, glycerin, disodium cocoamphodiacetate, disodium edta, poloxamer 184, polyaminopropyl biguanide (B162919/4). Sans parfum., 6 mois après ouverture.]|"
14,90€ / L"|"
5,96 €"
2123|Solution micellaire, démaquillant visage et yeux, peaux et yeux sensibles|Le flacon de 200ml|[Origine : FRANCE, Sa formule exclusive est composée de capteurs d'impuretés, les micelles, qui attirent et décollent le maquillage et les impuretés sans effort.Un seul geste fait disparaître toute trace de maquillage rapidement et sans frotter ! Sa formule fluide combine efficacité et soin : moins de passages réduisent le risque d'irritations. L'équilibre hydrolipidique cutané et le pH neutre de la formule apaisent les irritations pour laisser la peau douce et agréable., Appliquez sur un coton puis démaquillez votre visage et vos yeux. Inutile de frotter, le maquillage est éliminé tout en douceur. Ne se rince pas. Convient aux porteurs de lentilles., Aqua/water, hexylene glycol, glycerin, poloxamer 184, centaurea cyanus/centaurea cyanus flower extract, dihydrocholeth-30, disodium cocoamphodiacetate, disodium edta, panthenol, polyaminopropyl biguanide, sodium chloride, parfum/fragrance. (Code F.I.L. B29519/1). Sans alcool, sans savon, sans colorant., 6 mois après ouverture.]|"
27,25€ / L"|"
5,45 €"
2124|Huile Démaquillante Eclat Sublime|Le flacon de 250ml|[Origine : FRANCE, L'huile démaquillante sensationnelle nettoie la peau et permet d'éliminer en un clin d'oeil toutes traces de maquillage même les plus résistantes. Efficace et rapide. En plus d'un nettoyage ultra efficace, cette huile est particulièrement douce et convient à tous les types de peau. Elle laisse une peau nette et sublimée qui retrouve tout son éclat., L'huile démaquillante s'applique sans coton. Répartissez 2 ou 3 doses d'huile sur votre visage sec avec les mains sèches. Masser le produit sur votre peau et vos cils. Ajouter quelques gouttes d'eau pour émulsionner le produit jusqu'à ce que l'huiledevienne laiteuse. Rincer abondamment sans frotter., Paraffinum liquidum/mineral oil, caprylic/capric triglyceride, ethylhexyl stearate, isohexadecane, peg-20 glyceryl triisostearate, aqua/water, tocopheryl acetate, phenoxyethanol, parfum/fragrance. (FIL B158176/2)., 6 mois après ouverture.]|"
48,00€ / L"|"
7,20 €"
2125|Lait Démaquillant Absolue Douceur|Le flacon de 200ml|[Origine : FRANCE, Chaque jour, il nettoie parfaitement et démaquille délicatement le visage et les yeux. Sa formule enrichie en Oméga-Céramide hydrate et apaise la peau.Parfaitement nette et hydratée, la peau est souple et confortable, elle ne tire pas. Toucher doux et velouté immédiat., Matin et soir, appliquer sur le visage à l'aide d'un coton., 6 mois après ouverture.]|"
25,70€ / L"|"
5,14 €"
2126|Lait Démaquillant Age Perfect|Le flacon de 200ml|[Origine : FRANCE, Innovation des Laboratoires de L'Oréal, le Lait Nettoyant Défatigant ACE PERFECT, est spécialement conçu pour les peaux matures. ACTION: Le Lait Nettoyant Défatigant AGE PERFECT est enrichi en Vitamine C reconnue pour son action exfoliante et lissante et en Magnésium pour ses vertus défatigantes et redynamisantes: il nettoie la peau en profondeur, - il élimine toutes les impuretés (pollution, maquillage...) sans dessécher la peau, il défatigue et lisse la peau., Matin et soir, appliquez sur le visage à l'aide d'un coton., AQUA / WATER, PARAFFINUM LIQUIDUM / MINERAL OIL, ISOPROPYL PALMITATE, GLYCERIN, CYCLOPENTASILOXANE, STEARYL ALCOHOL, SUCROSE STEARATE, STEARIC ACID, AMMONIUM POLYACRYLOYLDIMETHYL TAURATE, XANTHAN GUM, MAGNESIUM GLUCONATE, ASCORBYL GLUCOSIDE, METHYLPARABEN, DIAZOLIDINYL UREA, BUTYLPARABEN, PARFUM / FRAGRANCE, LIMONENE, LINALOOL, ALPHA-ISOMETHYL IONONE, BENZYL BENZOATE, GERANIOL, CITRONELLOL (FIL B11365/1)., 12 mois après ouverture.]|"
35,30€ / L"|"
7,06 €"
2127|Lait Démaquillant Eclat Sublime|Le flacon de 200ml|[Origine : FRANCE]|"
25,50€ / L"|"
5,10 €"
2128|Mousse Nettoyante Aérienne Incroyable Fraîcheur|Le flacon de 150ml|[Origine : FRANCE, Cette mousse aérienne, enrichie de millions de bulles d'actifs purifiants, libère la peau de ses impuretés et des restes de maquillage., Peaux normales à mixtes. Utilisez matin et soir après avoir humidifié votre visage, répartissez la mousse sur votre peau, massez du bout des doigts et rincez abondamment., 6 mois après ouverture.]|"
39,47€ / L"|"
5,92 €"
2129|Solution Micellaire Démaquillante Absolue Douceur|Le flacon de 200ml|[Origine : FRANCE, Cette solution permet de capter et éliminer les impuretés et le maquillage des yeux, du visage et des lèvres. Douce et respectueuse de la peau, elle convient même aux peaux sensibles. Votre peau est pure, confortable et adoucie sans sensation d'inconfort ou d'irritations., Pour visage, yeux & lèvres. Peaux sèches et sensibles. Utilisez matin et soir en appliquant sa texture fraîche à l'aide d'une disque de coton sur votre visage et votre cou. Nul besoin de frotter ou de rincer., Aqua, hexylene glycol, glycerin, poloxamer 184, disodium cocoamphodiacetate, disodium edta, polyaminopropyl biguanide (FIL B54894/1)., 6 mois après ouverture.]|"
26,20€ / L"|"
5,24 €"
2130|Tonique Caresse Absolue Douceur|Le flacon de 200ml|[Origine : FRANCE, Source de fraîcheur quotidienne, ce tonique élimine délicatement les impuretés et parfait le maquillage. Sa formule enrichie en Oligo-Protéines apaise la peau et la préserve du dessèchement.Parfaitement nette et hydratée, la peau est fraîche et lumineuse. Toucher doux et velouté immédiat., Essuyer le visage avec un coton imprégné du tonique velouté, sans frotter., Aqua/water, glycerin, PEG-60 hydrogenated castor oil, carbomer, triethanolamine, hydroxyethylcellulose, hydrolyzed lupine protein, polystyrene, methylparaben, chlorphenesin, phenoxyethanol, Cl16035/red 40, parfum/fragrance, hydroxyisohexyl 3-cyclohexene carboxaldehyde, butylphenyl methylpropional, alpha-isomethyl ionone., 6 mois après ouverture.]|"
25,70€ / L"|"
5,14 €"
2131|Tonique Frais Age Perfect|Le flacon de 200ml|[Origine : FRANCE, Appliquez matin et soir généreusement à l'aide d'un coton., Aqua,glycerin,PEG-60 hydrogenated castor oil,sodium citrate,magnesium gluconate,ascorbyl glucoside,tetrasodium EDTA,imidazolidinyl urea,methylparaben,benzoic acid,Cl14700,Cl15985,parfum.]|"
36,00€ / L"|"
7,20 €"
2132|Lait démaquillant pureté visage et yeux, à l'huile d'argan, cosmétique bio|Le tube de 200ml|[Origine : FRANCE, Le Lait Démaquillant Pureté nettoie la peau, élimine les traces de maquillage et les impuretés issues de la pollution. Les propriétés anti-desséchantes et protectrices de l'huile d'argan, du beurre de karité et de l'huile d'olive sont associées aux vertus apaisantes de l'eau de camomille pour assurer un nettoyage naturel et en douceur., Appliquer à l'aide d'un coton pour démaquiller les yeux, le visage et le cou.  Ne pas avaler., Aqua (water), glycerin, butyrospermum parkii (shea) butter*, anthemis nobilis flower water*, C12-16 alcohols, decyl oleate, dicaprylyl ether, argania spinosa kernel oil*, olea europaea (olive) fruit oil*, macadamia ternifolia seed oil*, tocopheryl acetate, benzyl alcohol, hydrogenated lecithin, palmitic acid, parfum (fragrance), xanthan gum, dehydroacetic acid, limonene, linalool, geraniol, citral. *ingrédients issus de l'agriculture biologique. 98% du total des ingrédients sont d'origine naturelle. 10% du total des ingrédients sont issus de l'agriculture biologique. Sans paraben. Sans phenoxyethanol. Sans silicone. Sans parfum de synthèse. Sans matière grasse issue d'OGM. Sans matière animale., Conserver à l'abri de la chaleur et de la lumière. A utiliser dans les 12 mois après ouverture.]|"
53,80€ / L"|"
10,76 €"
2133|Lait démaquillant pureté visage et yeux, à l'huile d'argan, cosmétique bio|Le tube de 200ml|[Origine : FRANCE, Le Lait Démaquillant Pureté nettoie la peau, élimine les traces de maquillage et les impuretés issues de la pollution. Les propriétés anti-desséchantes et protectrices de l'huile d'argan, du beurre de karité et de l'huile d'olive sont associées aux vertus apaisantes de l'eau de camomille pour assurer un nettoyage naturel et en douceur., Appliquer à l'aide d'un coton pour démaquiller les yeux, le visage et le cou.  Ne pas avaler., Aqua (water), glycerin, butyrospermum parkii (shea) butter*, anthemis nobilis flower water*, C12-16 alcohols, decyl oleate, dicaprylyl ether, argania spinosa kernel oil*, olea europaea (olive) fruit oil*, macadamia ternifolia seed oil*, tocopheryl acetate, benzyl alcohol, hydrogenated lecithin, palmitic acid, parfum (fragrance), xanthan gum, dehydroacetic acid, limonene, linalool, geraniol, citral. *ingrédients issus de l'agriculture biologique. 98% du total des ingrédients sont d'origine naturelle. 10% du total des ingrédients sont issus de l'agriculture biologique. Sans paraben. Sans phenoxyethanol. Sans silicone. Sans parfum de synthèse. Sans matière grasse issue d'OGM. Sans matière animale., Conserver à l'abri de la chaleur et de la lumière. A utiliser dans les 12 mois après ouverture.]|"
53,80€ / L"|"
10,76 €"
2134|Eau micellaire physiologique, visage et yeux, glycérine anti-dessèchement, peaux sensibles et sèches.|Le flacon de 400ml|[Origine : FRANCE, L'eau micellaire physiologique Mixa capte et élimine en un seul geste, le maquillage et les impuretés du visage et des yeux sans agresser la peau sensible. Enrichie en glycérine anti-dessèchement, sa formule hydrate et adoucit immédiatement les peauxsensibles et sèches et les protège du dessèchement., Appliquer matin et soir sur le visage et les yeux à l'aide d'un coton. Inutile de rincer ou de frotter., Aqua/water, hexylene glycol, glycerin, poloxamer 184, citric acid, disodium cocoamphodiacetate, disodium edta, panthenol, peg-60 hydrogenated castor oil, polyaminopropyl biguanide, rosa, gallica extract/rosa gallica flower extract, parfum/fragrance (FIL B162037/1)., 6 mois après ouverture.]|"
17,48€ / L"|"
6,99 €"
2135|Eau nettoyante apaisante, visage et yeux, peaux très sensibles et réactives|Le flacon pompe de 200ml|[Origine : FRANCE, Les peaux très sensibles et réactives, plus fragiles que les autres peaux réagissent plus fortement aux agressions extérieures : pollution, froid, soleil, eau calcaire, frottements Formulée sous contrôle médical, l'Eau Nettoyante Apaisante Mixa apaise les peaux très sensibles et réactives, aide à calmer leur réactive tout en les nettoyant parfaitement., Appliquer matin et soir sur le visage et les yeux à l'aide d'un coton. Inutile de rincer., Aqua/water, hexylene glycol, glycerin, poloxamer 184, dihydrocoleth-30, disodium cocoamphodiacetate, disodium EDTA, panthenol, polyaminopropyl biguanide, propylene glycol, rosa gallica extract/rosa gallica flower extract, parfum/fragrance. (F.I.L B30333/1)., 6 mois après ouverture.]|"
19,20€ / L"|"
3,84 €"
2136|Eau nettoyante démaquillante visage et yeux, Peaux sensibles,    Thé vert détoxifiant & aloe vera|Le flacon pompe de 200ml|[Origine : FRANCE, Découvrez la 1ère Eau Nettoyante Démaquillante Mixa Bio pour faire de la toilette le 1er geste soin des peaux sensibles. Elle vous offre tous les bienfaits des ingrédients d'origine naturelle.Résultat : visage et yeux sont parfaitement nettoyés et démaquillés en un seul geste, sans frotter. Votre peau est apaisée et protégée. Elle est douce et confortable tout au long de la journée., Appliquer matin et soir sur le visage à l'aide d'un coton. Sans rinçage., Aqua/water, glycerin, aloe barbadensis/aloe barbadensis leaf juice powder*, benzyl alcohol, camellia sinensis extract/camellia sinensis leaf extract*, caprylyl/capryl glucoside, citric acid, coco-betaine, limonene, linalool, potassium sorbate, sodiumbenzoate, sodium phytate, xanthan gum, parfum/fragrance (F.I.L. B42443/1). 99% du total des ingrédients sont d'origine naturelle, 10% du total des ingrédients sont issus de l'agriculture biologique. Sans alcool, sans paraben., 6 mois après ouverture.]|"
26,10€ / L"|"
5,22 €"
2137|Eau nettoyante démaquillante visage et yeux, Peaux sensibles,    Thé vert détoxifiant & aloe vera|Le flacon pompe de 200ml|[Origine : FRANCE, Découvrez la 1ère Eau Nettoyante Démaquillante Mixa Bio pour faire de la toilette le 1er geste soin des peaux sensibles. Elle vous offre tous les bienfaits des ingrédients d'origine naturelle.Résultat : visage et yeux sont parfaitement nettoyés et démaquillés en un seul geste, sans frotter. Votre peau est apaisée et protégée. Elle est douce et confortable tout au long de la journée., Appliquer matin et soir sur le visage à l'aide d'un coton. Sans rinçage., Aqua/water, glycerin, aloe barbadensis/aloe barbadensis leaf juice powder*, benzyl alcohol, camellia sinensis extract/camellia sinensis leaf extract*, caprylyl/capryl glucoside, citric acid, coco-betaine, limonene, linalool, potassium sorbate, sodiumbenzoate, sodium phytate, xanthan gum, parfum/fragrance (F.I.L. B42443/1). 99% du total des ingrédients sont d'origine naturelle, 10% du total des ingrédients sont issus de l'agriculture biologique. Sans alcool, sans paraben., 6 mois après ouverture.]|"
26,10€ / L"|"
5,22 €"
2138|Lait-crème démaquillant surgras peaux sensibles et très sèches|Le flacon de 200ml|[Origine : FRANCE, Sa texture riche et fondante démaquille parfaitement la peau sans frotter pour préserver sa barrière protectrice. Enrichi en Cold Cream, il protège la peau du dessèchement et des irritations. La peau est parfaitement nettoyée et démaquillée en douceur. Protégée du dessèchement et des irritations, votre peau retrouve tout son confort., Appliquer le Lait-Crème matin et soir sur votre peau, à l'aide d'un coton. Inutile de rincer., Aqua/water, ethylhexyl palmitate, isohexadecane, paraffinum liquidum/mineral oil, glycerin, propanediol, acrylamide/sodium acryloyldimethyl taurate copolymer, acrylates/c10-30 alkyl acrylate crosspolymer, caprylyl glycol, cera alba/beeswax, ceteareth-25, cetearyl alcohol, cetyl palmitate, disodium cocoamphodiacetate, disodium edta, myrtrimonium bromide, poloxamer 184, polysorbate 80, sodium hydroxide, parfum/fragrance (FIL B161579/1)., 12 mois après ouverture.]|"
26,00€ / L"|"
5,20 €"
2139|Lait démaquillant antidessèchement, peaux sensibles et sèches,|La pompe de 20cl|[Origine : FRANCE, Démaquille la peau efficacement et en douceur. Hydrate et protège votre peau du dessèchement. Préserve la barrière naturelle cutanée. Protège du tiraillement.Parfaitement démaquillée et nettoyée, la peau est hydratée et protégée du dessèchement. Ellene tire pas. Elle retrouve toute sa douceur, son confort et son éclat., Appliquez matin et soir sur le visage à l'aide d'un coton. Inutile de rincer., Aqua/water, cyclopentasiloxane, isopropyl palmitate, glycine soja/soybean oil, glycerin, sucrose stearate, stearyl alcohol, panthenol, stearic acid, carbomer, disodium cocoamphodiacetate, BHT, sodium methylparaben, quaternium-15, chlorhexidine digluconate, parfum/fragrance, citral, eugenol, geraniol, benzyl benzoate, alpha-isomethyl ionone, citronellol, linalool, benzyl salicylate, butylphenyl methylpropional, hydroxyisohexyl 3-cyclohexene carboxaldehyde, hexyl cinnamal, limonene. (F.I.L. B4843/2)., 12 mois après ouverture.]|"
22,90€ / L"|"
4,58 €"
2140|Lait démaquillant apaisant, extrait de rose, peaux très sensibles et réactives|Le flacon pompe de 200ml|[Origine : FRANCE, Les peaux très sensibles et réactives, plus fragiles que les autres peaux réagissent plus fortement aux agressions extérieures : pollution, froid, soleil, eau calcaire, frottements  Formulé sous contrôle médical, le Lait Démaquillant Apaisant Mixa apaise les peaux très sensibles et réactives, aide calmer leur réactivité tout en les démaquillant parfaitement., Appliquer sur le visage à l'aide d'un coton du bout des doigts., AQUA /  WATER, ETHYLHEXYL PALMITATE, GLYCERIN, SODIUM CARBOMER, CETEARETH-25, CETEARYL ALCOHOL, DISODIUM COCOAMPHODIACETATE, DISODIUM EDTA,  METHYLPARABEN, MYRTRIMONIUM BROMIDE, PROPYLENE GLYCOL, ROSE GALLICA / ROSA GALLICA FLOWER EXTRACT, PARFUM / FRAGRANCE (FIL B12882/1), 12 mois après ouverture.]|"
23,85€ / L"|"
4,77 €"
2141|Tonique hydratant apaisant, extrait de rose, peaux très sensibleset réactives.|Le flacon de 200ml|[Origine : FRANCE, Apaise et hydrate les peaux très sensibles et réactives et élimine les derniers résidus de maquillage pour une peau parfaitement nettoyée., Appliquer le tonique à l'aide d'un coton le matin comme premier geste tonifiant et le soir comme dernier geste de démaquillage. Ne pas rincer., Aqua, hexylene glycol, glycerin, poloxamer 184, disodium cocoamphodiacetate, disodium edta, panthenol, polyaminopropyl biguanide, rosa gallica extract/rosa gallica flower extract, parfum (FIL B54729/1). Sans paraben., 12 mois après ouverture.]|"
22,90€ / L"|"
4,58 €"
2142|Gel nettoyant fraîcheur, peaux normales à mixtes, vitamine E & Hydra IQ.|Le flacon de 150ml|[Origine : FRANCE, Nettoie efficacement votre peau tout en la préservant du dessèchement. Sa formule plaisir purifie la peau et élimine les impuretés., Appliquez sa texture fraîche matin et soir sur votre visage, votre cou et votre décolleté préalablement humidifiés. Massez délicatement en petits cercles du bas vers le haut. Rincez à l'eau tiède., Aqua, cocamidopropyl betaine, sodium myreth sulfate, sodium acrylates copolymer, glycerin, glyceryl glucoside, tocopheryl acetate, nelumbium speciosum flower extract, panthenol, propylene glycol, lauryl glucoside, peg-40 hydrogenated castor oil, peg-200 hydrogenated glyceryl palmate, polyquaternium-10, benzophenone-4, sodium chloride, phenoxyethanol, methylparaben, ethylparaben, butylphenyl methylpropional, geraniol, hydroxyisohexyl 3-cyclohexene carboxaldehyde, benzyl alcohol, limonene, linalool, cinnamyl alcohol, parfum, CI 42090, CI 16035., 12 mois après ouverture.]|"
42,93€ / L"|"
6,44 €"
2143|Lait démaquillant fraîcheur, peaux normales à mixtes|Le flacon 200ml|[Origine : FRANCE, Enrichi en extrait de lotus et vitamines, le lait de toilette fraîcheur Nivéa Visage nettoie délicatement votre peau en l'enveloppant d'un voile de fraîcheur pour conserver sa souplesse.., Appliquezsa texture fondante matin et soir sur votre peau du bout des doigts ou avec un coton. Massez délicatement en petits cercles du bas vers le haut. Son délicat parfum éveille délicieusement vos sens., Aqua, paraffinum liquidum, isopropyl palmitate, cetearyl alcohol, glycerin, nelumbium speciosum extract, tocopheryl acétate, panthenol, glyceryl stéarate se, peg-40 castor oil, sodium carbomer, sodium cetearyl sulfate, propylene glycol, phenoxyethanol, methylparaben, butylphenyl methylpropional, hydroxyisohexyl 3-cyclohexene carboxaldehyde, geraniol, limonene, cinnamyl alcohol, alpha-isomethyl ionone, hydroxycitronellal, benzyl salicylate, linalool, benzyl benzoate, citronellol, eugenol, benzylalcohol, parfum., 12 mois après ouverture.]|"
25,10€ / L"|"
5,02 €"
2144|Lait démaquillant sensitive, peaux sensibles, démaquille et apaise.|Le flacon de 200ml|[Origine : FRANCE, Démaquille le visage et les yeux en douceur, nettoie la peau en profondeur, hydrate et apaise la peau., Peaux sensibles. Appliquez sa texture onctueuse matin et soir sur votre peau du bout des doigts ou avec un coton. Massez délicatement en petits cercles du bas vers le haut. Enlever le surplus avec un coton ou de l'eau. Peut aussi être utilisé pour nettoyer la zone délicate du contour de l'oeil., 12 mois après ouverture.]|"
25,70€ / L"|"
5,14 €"
2145|Lait démaquillant visage et yeux, tous types de peaux|Le flacon de 200ml|[Origine : FRANCE, Enrichie en aloé vera et camomille naturels, le lait démaquillant visage & yeux démaquille en douceur et en un seul geste tous les types de peau.Sa formule onctueuse élimine efficacement le maquillage et les impuretés. Incroyablement douce, elle estparticulièrement adaptée à la zone délicate du contour de l'oeil. Sa texture légère et fondante hydrate votre peau sans laisser de film gras. Votre peau est éclatante, vous vous sentez bien. Délicatement démaquillée, la peau est parfaitement nette, hydratée et adoucie. Vous ressentez une incroyable sensation de confort, vous rayonnez., Appliquez sa texture onctueuse matin et soir sur votre peau du bout des doigts ou avec un coton. Massez délicatement en petits cercles du bas vers le haut., Aqua, paraffinum liquidum, caprylic/capric triglyceride, isopropyl palmitate, stearic acid, butyrospermum parkii, glyceryl lanolate, octyldodecanol, glycerin, aloe barbadensis, chamomilla recutita flower extract, panthenol, tocopheryl acetate, bisabolol, cetyl alcohol, peg-40 hydrogenated castor oil, glucose, sorbitol, sodium carbomer, citric acid, ethoxydiglycol, propylene glycol, phenoxyethanol, methylparaben, butylparaben, ethylparaben, propylparaben, isobutylparaben, butylphenyl methylpropional, hydroxyisohexyl 3-cyclohexene carboxaldehyde, geraniol, limonene, cinnamyl alcohol, alpha-isomethyl ionone, hydroxycitronellal, benzyl salicylate, linalool, benzyl benzoate, citronellol, eugenol, benzyl alcohol, parfum., 12 mois après ouverture.]|"
22,85€ / L"|"
4,57 €"
2146|2 en 1 nettoyant masque, réduit l'excès de sébum, élimine les impuretés, désobstrue les pores, tous types de peaux.|Le tube de 150ml|[Origine : IRLANDE]|"
31,60€ / L"|"
4,74 €"
2147|Gommage visage                                                   Poudre de noyaux d'abricot, Aloe vera & extrait de thé vert|Le tube de 100ml|[Origine : FRANCE, 1 à 2 fois par semaine, appliquez une noix de produit sur le visage préalablement mouillé. Procédez au gommage en effectuant de petits mouvements circulaires sur l'ensemble du visage en évitant le contour des yeux. Rincez abondamment à l'eau claire., Aqua, helianthus annuus seed oil*, butyrospermum parkii butter*, glycerin, dicaprylyl carbonate, aloe barbadensis leaf juice*, glyceryl stearate citrate, cetyl alcohol, caprylic/capric triglyceride, prunus armeniaca seed powder*, camellia sinensis leaf water*, xanthan gum, citric acid, tocopherol, dehydroacetic acid, potassium sorbate, sodium benzoate, parfum, benzyl alcohol, limonene. *Ingrédients issus de l'agriculture biologique., 12 mois après ouverture.]|"
52,50€ / L"|"
5,25 €"
2148|Gommage visage                                                   Poudre de noyaux d'abricot, Aloe vera & extrait de thé vert|Le tube de 100ml|[Origine : FRANCE, 1 à 2 fois par semaine, appliquez une noix de produit sur le visage préalablement mouillé. Procédez au gommage en effectuant de petits mouvements circulaires sur l'ensemble du visage en évitant le contour des yeux. Rincez abondamment à l'eau claire., Aqua, helianthus annuus seed oil*, butyrospermum parkii butter*, glycerin, dicaprylyl carbonate, aloe barbadensis leaf juice*, glyceryl stearate citrate, cetyl alcohol, caprylic/capric triglyceride, prunus armeniaca seed powder*, camellia sinensis leaf water*, xanthan gum, citric acid, tocopherol, dehydroacetic acid, potassium sorbate, sodium benzoate, parfum, benzyl alcohol, limonene. *Ingrédients issus de l'agriculture biologique., 12 mois après ouverture.]|"
52,50€ / L"|"
5,25 €"
2149|Masque auto-chauffant au zinc et à l'argiles blanc|2 sachets de 6ml chacun|[Origine : FRANCE, Le masque auto-chauffant enrichi en zinc et à l'argile blanc libère votre peau des impuretés et des cellules mortes. Il resserre les pores : le grain de peau est affiné et la brillance réduite., Appliquez le masque auto-chauffant en couche fine et uniforme sur le visage humide en évitant le contour des yeux, des lèvres ainsi que la racine des cheveux. Effectuez de légers massages pour déclencher l'action auto-chauffante pendant 1 min. Rincezvotre visage à l'eau tiède. Utilisez 1 à 2 fois par semaine. Conserver hors de la portée des enfants. Ne pas utiliser sur une peau irritée, sur des boutons ou sur des coups de soleil. En cas d'irritation ou de réaction allergique, arrêter l'utilisation. Utiliser le masque immédiatement après ouverture., Conserver à température ambiante, hors des rayons du soleil.]|"
0,65€ / Pce"|"
1,29 €"
2150|Masque hydratant, illumine le teint, pour une peau fraîche et lumineuse, à la vitamine C et aux extraits de fruits|Lot de 2 sachets|[Origine : FRANCE, Le masque hydratant Monoprix, enrichi à la vitamine C* et aux extraits de fruits, hydrate et soulage votre peau pour plus de confort et de souplesse. Sa formule, contenant des agents hydratants, nourrit et révèle tout l'éclat de votre peau. Elle estapaisée et lumineuse après utilisation. *dérivé de vitamine C., Appliquez le masque hydratant Monoprix en couche fine et uniforme sur votre visage préalablement nettoyé en évitant le contour des yeux, des lèvres ainsi que la racine des cheveux. Laissez agir 5 à 10 minutes. Retirez délicatement le surplus avec unmouchoir en papier ou un coton. Faites pénétrer délicatement le reste du masque. Vous pouvez l'utiliser 1 à 2 fois par semaine. Conserver hors de la portée des enfants. Ne pas utiliser sur une peau irritée, sur des boutons ou sur des coups de soleil.En cas d'irritation ou de réaction allergique, arrêter l'utilisation. Utiliser le masque immédiatement après ouverture. Testé sous contrôle dermatologique., Conserver à température ambiante, hors des rayons du soleil.]|"
0,62€ / Pce"|"
1,24 €"
2151|Masque peel-off aux extraits de thé vert et complexe multivitaminé|2 sachets de 6ml chacun|[Origine : FRANCE, Le masque Peel-Off enrichi en extraits de thé vert et complexe multivitaminé, libère la peau des impuretés et des cellules mortes. La peau brille moins et retrouve tout son éclat. Frais, ce masque resserre les pores et vous donne un effet bonne mine.Votre grain de peau est affiné., Appliquez le masque peel-off en couche fine et uniforme sur votre visage préalablement nettoyé en évitant le contour des yeux, des lèvres ainsi que la racine des cheveux. Laissez agir jusqu'à ce que le masque soit complètement sec 15 à 20 min. Retirez délicatement le masque, depuis l'extérieur du visage vers l'intérieur du visage. Rincez votre visage à l'eau tiède. Vous pouvez l'utiliser 1 à 2 fois par semaine. Conserver hors de la portée des enfants. Ne pas utiliser sur une peau irritée, sur des boutons ou sur des coups de soleil. En cas d'irritation ou de réaction allergique, arrêter l'utilisation. Utiliser le masque immédiatement après ouverture., Conserver à température ambiante, hors des rayons du soleil.]|"
0,65€ / Pce"|"
1,29 €"
2152|Masque purifiant nettoie et tonifie pour une peau nette et purifiée, aux extraits d'aloe vera et de cocombre.|Lot de 2 sachets|[Origine : FRANCE, Le masque purifiant Monoprix, enrichi aux extraits d'aloe vera et de concombre, nettoie votre peau et réduit l'excès de sébum. Onctueux et frais, il laisse votre peau douce, matifiée et vous procure une véritable sensation de fraîcheur et de confort., Appliquez le masque purifiant Monoprix en couche fine et uniforme sur votre visage préalablement nettoyé en évitant le contour des yeux, des lèvres ainsi que la racine des cheveux. Laissez agir 2 à 3 minutes puis rincez votre visage à l'eau tiède. Vous pouvez l'utiliser 1 à 2 fois par semaine. Conserver hors de la portée des enfants. Ne pas utiliser sur une peau irritée, sur des boutons ou sur des coups de soleil. En cas d'irritation ou de réaction allergique, arrêter l'utilisation. Utiliser lemasque immédiatement après ouverture. Testé sous contrôle dermatologique., Conserver à température ambiante, hors des rayons du soleil.]|"
0,62€ / Pce"|"
1,24 €"
2153|Patchs purifiants , front, nez, menton, favorise l'élimination des impuretés, peau nette.|La boîte de 6 patchs|[Origine : FRANCE, Les patchs ont été spécialement conçus pour favoriser l'élimination des impuretés des zones les plus exposées grâce à l'action d'actifs qui extraient la majorités des impuretés., Démaquillez et nettoyez parfaitement votre visage puis mouillez abondamment la zone ou vous souhaitez appliquer le patch (nez, front, menton). Appliquez la surface brillance sur la zone souhaitée. Lissez le patch et faites bien adhérer à la peau parde légères pressions. Laissez agir 10 à 15 min jusqu'à ce qu'il sèche. Retirez le patch délicatement en commençant par les extrémités., Vp/va copolymer, aqua, titanium dioxide, propylene glycol, glycerin, diisopropyl adipate, kaolin, imidazolidinyl urea.]|"
0,65€ / Pce"|"
3,90 €"
2154|Gommage visage bio, argile blanche et aloe vera, tous types de peaux|Le tube de 100ml|[Origine : FRANCE, Appliquer sur le visage et le cou en évitant le contour des yeux et des lèvres. Pour un nettoyage en profondeur, appliquer directement sans ajouter d'eau. Masser doucement par petits mouvements circulaires puis rincer abondamment à l'eau tiède., Lavandula angustifolia extract*, aqua, magnesium aluminium silicate, glycerin, buxus chinensis oil*, decyl glucoside, titanium dioxide, bambusa arundinacea stem extract, cetearyl alcohol, cetearyl glucoside, xanthan gum, benzyl alcohol, sodium benzoate, aloe barbadensis leaf extract*, mentha piperita oil*, lactic acid. *38.4% du total des ingrédients sont issus de l'agriculture biologique. 99.1% du total des ingrédients sont d'origine naturelle.]|"
54,10€ / L"|"
5,41 €"
2155|Gommage visage bio, argile blanche et aloe vera, tous types de peaux|Le tube de 100ml|[Origine : FRANCE, Appliquer sur le visage et le cou en évitant le contour des yeux et des lèvres. Pour un nettoyage en profondeur, appliquer directement sans ajouter d'eau. Masser doucement par petits mouvements circulaires puis rincer abondamment à l'eau tiède., Lavandula angustifolia extract*, aqua, magnesium aluminium silicate, glycerin, buxus chinensis oil*, decyl glucoside, titanium dioxide, bambusa arundinacea stem extract, cetearyl alcohol, cetearyl glucoside, xanthan gum, benzyl alcohol, sodium benzoate, aloe barbadensis leaf extract*, mentha piperita oil*, lactic acid. *38.4% du total des ingrédients sont issus de l'agriculture biologique. 99.1% du total des ingrédients sont d'origine naturelle.]|"
54,10€ / L"|"
5,41 €"
2156|Masque à l'argile rose, peaux sensibles, cosmétique bio|Le tube de 100ml|[Origine : FRANCE, Appliquer ce masque sur le visage et le cou en évitant le contour des yeux et des lèvres. Laisser agir 10 minutes puis rincer à l'eau clair. Faire suivre le masque d'une crème hydratante., Aqua, Kaolin, Mentha Piperita Extract*, Butyrospermum Parkii*, Cetearyl Alcohol, Cetearyl Glucoside, Benzyl Alcohol, Perfume, Lactic Acid. *10% du total des ingrédients sont issus de l'agriculture biologique.]|"
43,40€ / L"|"
4,34 €"
2157|Masque à l'argile rose, peaux sensibles, cosmétique bio|Le tube de 100ml|[Origine : FRANCE, Appliquer ce masque sur le visage et le cou en évitant le contour des yeux et des lèvres. Laisser agir 10 minutes puis rincer à l'eau clair. Faire suivre le masque d'une crème hydratante., Aqua, Kaolin, Mentha Piperita Extract*, Butyrospermum Parkii*, Cetearyl Alcohol, Cetearyl Glucoside, Benzyl Alcohol, Perfume, Lactic Acid. *10% du total des ingrédients sont issus de l'agriculture biologique.]|"
43,40€ / L"|"
4,34 €"
2158|Masque à l'argile verte, peaux grasses, cosmétique bio|Le tube de 100ml|[Origine : FRANCE, Appliquer ce masque sur le visage et le cou en évitant le contour des yeux et des lèvres. Laisser agir 10 minutes puis rincer à l'eau claire. Faire suivre le masque d'une crème hydratante., Aqua,, Kaolin, Mentha Piperita Extract*, Buxus Chinensis*, Cetearyl Alcohol, Cetearyl Glucoside, Benzyl Alcohol, Rosmarinus Officinalis*, Mentha Piperita*, Lactic Acid. *10% du total des ingrédients sont issus de l'agriculture biologique.]|"
43,40€ / L"|"
4,34 €"
2159|Masque à l'argile verte, peaux grasses, cosmétique bio|Le tube de 100ml|[Origine : FRANCE, Appliquer ce masque sur le visage et le cou en évitant le contour des yeux et des lèvres. Laisser agir 10 minutes puis rincer à l'eau claire. Faire suivre le masque d'une crème hydratante., Aqua,, Kaolin, Mentha Piperita Extract*, Buxus Chinensis*, Cetearyl Alcohol, Cetearyl Glucoside, Benzyl Alcohol, Rosmarinus Officinalis*, Mentha Piperita*, Lactic Acid. *10% du total des ingrédients sont issus de l'agriculture biologique.]|"
43,40€ / L"|"
4,34 €"
2160|Strips purifiants, front, nez et menton, peaux normales & mixtes|La boîte de 6 unités|[Origine : FRANCE, Les strips purifiants enlèvent efficacement et rapidement les impuretés et points noirs de la zone T : front, nez, menton.Ils purifient la peau : au contact de l'eau, leurs ingrédients actifs adhèrent aux impuretés de la peau et les désincrustent. Les pores sont immédiatement purifiés et resserrés. Votre peau est nette et douce., Nettoyez parfaitement votre visage, puis mouillez abondamment la zone où vous souhaitez appliquer le strip (nez, front ou menton). Essuyez-vous les mains et décollez le strip du film transparent. Appliquez la partie brillante du strip sur la zone (nez, front ou menton). Lissez le strip et pressez-le pendant 4 secondes pour assurer un bon contact avec la peau. Laissez le strip agir 10 à 15 minutes jusqu'à ce qu'il sèche. Retirez-le délicatement en commençant par les extrémités. Utilisez les strips 2 à 3 fois par semaine., Acrylates copolymer, aqua, silica, betaine, peg-10 laurate, saxifraca sermentosa, parfum, limonene, eugenol, butylphenyl methylpropional, linalool, methylparaben, ethylparaben, propylparaben, butylparaben, Cl 77891., 12 mois après ouverture]|"
0,91€ / Pce"|"
5,45 €"
2161|Masque autochauffant, assainit les pores pour 7 jours, à l'extrait de concombre|Les 2 sachets de 6ml|[Origine : FRANCE, Assainit les pores en profondeur pour 7 jours. Le Masque Auto-Chauffant Pure est-il fait pour moi ? Oui, si votre peau est sujette à problèmes : brillance, pores obstrués, impuretés. Si elle est mixte ou à tendance grasse et nécessite un nettoyage régulier pour rester saine. En quoi est-il différent ? Sa formule enrichie en extrait de concombre d'origine naturelle déclenche au contact de la peau une action auto-chauffante qui libère les pores des impuretés et de l'excès de sébum qui les obstruent. A l'argile et au zinc, elle assainit, resserre les pores et affine le grain de la peau., Appliquez le Masque sur le visage humide en légers massages pour déclencher l'action auto-chauffante. Couvrez particulièrement la zone T (menton, front, nez). Laissez agir 3 minutes puis rincez., GLYCERIN, KAOLIN, PHOPYLENE GLYCOL DICAPRYLATE/DICAPRATE, CI // 7891 / TITANIUM DIOXIDE, ALUMINUM STARCH OCTENYLSUCCINATE, MONTMORILLONITE, PROPYLENE GLYCOL, AQUA / WATER, CUCUMIS SATIVUS / CUCUMBER FRUIT EXTRACT, SALICYLIC ACID, ZINC PCA, SPIRAEA UIMARIA / SPIRAEA, ULMARIA EXTRACT, ACRYLATES COPOLYMER, ALCOHOl DENAT, ALLANTOIN, Cl 42090 / BLUE 1, CI 77007 / ULTRAMARINES, CI 77947 / ZINC OXIDE, LACTIC ACID, LAURYL AMINOPROPYLGLYCINE. LAURYL DIETHYLENEDIAMINOGLYCINE, NIACINAMIDE, PROPYLENE CARBONATE, SERINE, SODIUM CHLORIDE, SODIUM LACTATE, SORBITOL, STEARALKONIUM HECTORITE, TEA-LACTATE, UREA, BUTYLPARABEN, PHENOX YETHANOL, TRICLOSAN, PARFUM / FRAGRANCE, BENZYL SALICYLATE. LIMONENE, LINALOOL.(F.I.I.B8393/3).]|"
140,00€ / L"|"
1,68 €"
2162|Compresses revitalisantes pour les yeux au concombre, enrichies al'aloe vera et à la vitamine E.|La pochette de 10 compresses|[Origine : FRANCE, Les compresses estompent les cernes et les marques de fatigue et atténuent le gonflement des paupières., Démaquillez vous soigneusement. Enlevez vos verres de contact. Posez une compresse sur chaque oeil. Allongez vous pour 10-15 minutes de détente. Pour un effet encore plus frais, conservez les compresses au réfrigérateur. Usage externe uniquement. Encas d'irritation, rincer abondamment à l'eau et cessez l'utilisation du produit. Ne pas ingérer. Garder hors de portée des enfants. Ne pas utiliser sur des yeux irrités ou infectés. Ne pas réutiliser les compresses. Enlever les verres de contact., Aqua, butylene glycol, glycerin, sorbitol, cucumis satives, aloe barbadensis, saccharide isomerate, collagen, peg-60 hydrogenated castor oil, methylparaben, phenoxyethanol, algae extract, pvm/ma copolymer, glyceryl polymethacrylate, sodium hyaluronate, parfum, lonicera caprifolium, chamomila recutita, carbomer, camellia sinensis, propylparaben, potassium sorbate, panax ginseng., 6 mois après ouverture.]|"
0,34€ / Pce"|"
3,39 €"
2163|Patchs contour des yeux au thé vert|Le paquet de 10|[Origine : FRANCE, Offrez-vous un quart d'heure de pure détente avec ces patchs rafraîchissants contour des yeux au thé vert. Les patchs pré-imprégnés à base d'extraits naturels de camomille, d'aloès et de thé vert vous aideront à atténuer le gonflement des yeux et descernes, tout en vous apportant une sensation d'apaisement et de sérénité., Posez 1 patch sur chaque oeil. Allongez-vous pour 10-15min. de détente. Usage externe uniquement. En cas d'irritation, rincer abondamment à l'eau et cesser l'utilisation du produit. Ne pas ingérer. Tenir hors de portée des enfants. Ne pas utiliser sur des yeux irrités ou infectés. Ne pas réutiliser les patchs. Enlever les verres de contact., Aqua, butylene glycol, glycerin, sorbitol, kiwi fruit exact aloe barbadensis, saccharide isomerate, collagen, PEG-60 hydrogenated castor oil, methylparaben, phenoxyethanol, algae extract, PVM/MA copolymer, glyceryl polymethacrylate, sodium hyaluronate, parfum, lonicera caprifolium, chamomilla recutita, carbomer, camellia sinensis, propylparaben, patassium sorbate, panax ginseng., A utiliser dans les 6 mois après ouverture.]|"
0,35€ / Pce"|"
3,45 €"
2164|Patchs purifiants pour le nez|Le paquet de 6 patchs|[Origine : FRANCE, Soin purifiant spécialement conçu pour déboucher les pores et faire disparaître les points noirs indésirables en un seul geste. Elimine les impuretés et l'excès de sébum et laisse votre peau nette et lisse. Après une seule utilisation, vous ressentirez déjà toute la différence. Une utilisation régulière permet de resserrer les pores et de conserver une peau fraîche., Humidifier abondamment votre nez avec de l'eau. Appliquer le patch sur la zone humide avec le côté brillant contre la peau. Laisser sécher le patch 10-15min. Il doit durcir en séchant. Utiliser 1 à 2 fois par semaine (attendre 3 jours entre 2 utilisations). Eviter d'utiliser sur peau sensible au sparadraps, pansements ou masques type 'peel-off'. Utiliser uniquement sur le nez (ne pas utiliser sur le contour des yeux). Eviter d'utiliser sur peau brûlée par le soleil et sujette aux boutons. Tenirhors de portée des enfants., Aqua, glycerin, PVP, isobutylene, sodium maleate copolymer, propylene glycol, dimethicone copolyol, koalin, melaleuca alternifolia (tea tree) leaf oil, hamamelis virginiana (witch hazel), methyl paraben, diazolydinyl urea, propyl paraben, titanium dioxide., A utiliser dans les 12 mois après ouverture.]|"
0,76€ / Pce"|"
4,58 €"
2165|masque régénérant intensif|2 sachet de 5ml|[Origine : ALLEMAGNE, Le soin intensif nourrissant avec l'effet immédiat apporte à la peau de l'hydratation et la lisse. Douce et vivifiée, la peau est visiblement régénérée., Appliquer 1 à 2 fois par semaine sur la peau préalablement nettoyée. Ne pas appliquer sur le contour des yeux et les lèvres. Laisser agir 10 minutes puis rincer à l'eau tiède ou avec un disque d'ouate humide., Aqua (water), prunus amygdalus dulcis (sweet almond) oil, candelilla cera, butyrospermum parkii (shea butter), glycerin, cetearyl alcohol, glyceryl stearate citrate, tocopheryl acetate, dextrin, persea gratissima (avocado) oil, myristyl myristate, saccharide isomerate, alchemilla vulgaris extract, brassica campestris (rapeseed) sterols, olea europaea (olive) fruit oil, mentha viridis (spearmint) leaf oil, juniperus virginiana oil, citrus limon peel oil, pelargonium graveolens flower oil, pogostermon cablin oil, citrus aurantium bergamia (bergamot) fruit oil, limonene, linalool, benzylsalicylate, citral, citronellol, p anisic acid, parfum (fragrance), helianthus annuus (sunflower) seed oil, glyceryl caprylate, xanthan gum, microcrystalline cellulose, citric acid, maltodextrin, calcium alginate, sodium citrate, tocopherol., 3 mois après ouverture.]|"
277,00€ / L"|"
2,77 €"
2166|Gommage Parfait Eclat Sublime|Le tube de 150ml|[Origine : FRANCE, Enrichie en micro-billes exfoliantes, cette texture gourmande gomme toutes les traces d'impuretés et élimine les cellules mortes. Pores purifiés, grain de peau affiné, teint éclatant. Au-delà du simple démaquillage, votre peau est parfaitement douce,lisse et sublimée. Elle retrouve tout son éclat., Appliquez une fois par jour le matin ou le soir. Massez délicatement du bout des doigts sur le visage et rincez abondamment. Evitez le contact avec les yeux., Aqua, sodium laureth sulfate, sodium chloride, polyethylene, acrylates copolymer, coco betaine, benzyl salicylate, citric acid, glycerin, ppg-5-ceteth-20, prunus armeniaca seed powder/ apricot seed powder, salicylic acid, sodium benzoate, sodium hydroxide, parfum (FIL B43258/1)., 12 mois après ouverture.]|"
39,47€ / L"|"
5,92 €"
2167|Masque-film Exfoliant lissant, 2 applications|Les 2 unidoses de 5ml|[Origine : FRANCE, Pour garder une peau fraîche, souple et éclatante tout au long de la journée, l'équilibre naturel d'hydratation doit être respecté dès la toilette.Quelles actions sur votre peau? Le Masque Exfoliant Lissant Nivea Visage affine visiblement le grain devotre peau : Il élimine en douceur les impuretés et les cellules mortes tout en préservant votre peau du dessèchement. Sa texture gel enrichie en Panthenol procure à votre peau une agréable sensation de fraîcheur. Quels résultats sur votre peau ? Exfoliée votre peau retrouve sa douceur et son éclat. Vous ressentez une agréable sensation de fraîcheur., Utilisez une à deux fois par semaine en complément de vos produits de toilette habituels. Il est conseillé d'avoir préalablement nettoyé votre peau avec les produits de toilette NIVEA VISAGE pour peaux normales à mixtes avant l'application du masque.Appliquez le masque en couche fine uniforme en évitant la zone du contour de l'oeil, des lèvres ainsi que la racine des cheveux. Laissez agir pendant 15 à 20 minutes environ, jusqu'à ce qu'il soit complètement sec. Puis, retirez délicatement le masque en le soulevant du menton vers le haut du visage. Rincez ensuite votre visage à l'eau tiède pour retirer les résidus. Testé sous contrôle dermatologique., Aqua, Polyvinyl Alcohol, Alcohol Denat, Glycerin, Polysorbate 20, Panthenol, Methylparaben, Butylphenyl Methylpropional, Linalool, Benzyl Salicylate, Hexyl Cinnamal, Hydroxyisohexyl 3-Cyclohexene Carboxaldehyde, Citronellol, Limonene, Geraniol, Alpha-Isomethyl ionone, Parfum, Cl 42090]|"
171,00€ / L"|"
1,71 €"
2168|Masque régénérant au miel|Les 2 sachets de 15ml|[Origine : FRANCE, Les peaux sèches et sensibles ont besoin d'être nourries et protégées avec soin pour mieux résister aux agressions extérieures. QUELLES ACTIONS SUR VOTRE PEAU ? Le MASQUE RÉGÉNÉRANT AU MIEL NIVEA VISAGE® régénère e nourrit votre peau : - Enrichi en extraits de Miel, Il dorlote et détend votre peau. - Sa formule riche en Huile de Macadamia et Beurre de Karité hydrate* votre peau en lui apportant tous les nutriments dont elle a besoin. QUELS RÉSULTATS SUR VOTRE PEAU ? Intensément dorlotée et nourrie, votre peau redevient douce et souple. Vous ressentez une agréable sensation de confort., Utilisez une à deux fois par semaine en complément de votre soin habituel.Il est conseillé d'avoir préalablement nettoyé votre peau avec les produits de toilette NIVEA VISAGE pour peaux sèches et sensibles avant l'application du masque. Appliquez unecouche généreuse sur votre visage en évitant la zone du contour de l'oeil et des lèvres. Laissez agir pendant 10 à 15 minutes puis retirez délicatement le surplus avec un mouchoir en papier ou un coton., Aqua, Glycerin, Ethylhexyl Cocoate, Hydrogenated Coco-Glycerides, Stearyl Alcohol, Butylene Glycol, Cetyl Alcohol, Caprylic/Capric Triglyceride, Butyrospermum Parkii, Glyceryl Stéarate Citrate, Cera Alba, Macadamia Ternifolia, Mel, Tocopheryl Acetate, Sodium Lactate, Tridecyl Stearate, Tridecyl Trimellitate, Propylène Glycol, Sodium Carbomer, Dlpentaerythrityl Hexacaprylate/Hexacaprate, Tetrasodium Iminodisucclnate, Phenoxyethanol, Methylparaben, DMDM Hydantoin, Linalool, Hexyl Cinnamal, Geranlol, Citronellol, Parfum, Cl 13015, Cl 14720.]|"
115,33€ / L"|"
1,73 €"
2169|Patchs purifiants fraîcheur, à l'acide de fruits, nez, menton et front, peaux normales à mixtes|La boîte de 6 patchs|[Origine : JAPON, Les patchs purifiants fraîcheur Nivéa Visage éliminent les points noirs et nettoient en profondeur les pores : complexe actif, texture souple du patch.Votre peau est éclatante, vous vous sentez bien : les pores sont nettoyés, le teint est éclatant defraîcheur. Sensation de douceur sur votre peau., Mouillez la (ou les) partie(s) concernée(s). Appliquez le patch. Sa formule s'active au contact de l'eau. Laissez sécher le patch 10 à 15 minutes. Retirez délicatement le patch. Utilisez 1 à 2 fois par semaine en complément de vos produits de toilette habituels. Pour une meilleure efficacité, il est recommandé d'utiliser le programme complet NIVEA VISAGE pour peaux normales à mixtes. Usage unique. Appliquez ensuite votre soin de jour ou de nuit NIVEA VISAGE., Polyquaternium-37, silica, aqua, glycerin, polysilicone-13, PEG-12 dimethicone, parfum, titanium dioxide, sodium citrate, methylparaben, citral, limonene, geraniol, linalool. Parfum.]|"
0,96€ / Pce"|"
5,74 €"
2170|Brume à l'eau minérale|Le spray de 150ml|[Origine : ALLEMAGNE, La brume à l'eau minérale Monoprix hydrate, rafraîchit et tonifie votre peau en tout occasion., Agiter avant emploi. Pulvériser sur le visage ou le corps. Laisser agir quelques instants. Sécher en tamponnant délicatement. Pour une utilisation optimale, ne pas utiliser l'aérosol en position penchée. Conserver hors de la portée des enfants. Récipient sous pression. Ne pas percer ou brûler, même après usage. Conserver à l'écart de toute flamme ou source d'étincelles. Ne pas fumer pendant l'utilisation. Utiliser dans des zones bien ventilées. Ne pas utiliser pour un autre usage que celui pourlequel le produit est destiné., Aqua, nitrogen., A protéger contre les rayons solaires et à ne pas exposer à une température supérieure à 50°C.]|"
13,00€ / L"|"
1,95 €"
2171|Brume à l'eau minérale, hydrate, rafraîchit, tonifie|Le spray de 400ml|[Origine : ALLEMAGNE, La brume à l'eau minérale Monoprix hydrate, rafraîchit et tonifie votre peau en tout occasion., Agiter avant emploi. Pulvériser sur le visage ou le corps. Laisser agir quelques instants. Sécher en tamponnant délicatement. Pour une utilisation optimale, ne pas utiliser l'aérosol en position penchée. Conserver hors de la portée des enfants. Récipient sous pression. Ne pas percer ou brûler, même après usage. Conserver à l'écart de toute flamme ou source d'étincelles. Ne pas fumer pendant l'utilisation. Utiliser dans des zones bien ventilées. Ne pas utiliser pour un autre usage que celui pourlequel le produit est destiné., Aqua, nitrogen., A protéger contre les rayons solaires et à ne pas exposer à une température supérieure à 50°C.]|"
6,60€ / L"|"
2,64 €"
2172|Brume à l'eau minérale, hydrate, rafraîchit, tonifie|Le Spray de 75ml|[Origine : ALLEMAGNE, La brume à l'eau minérale Monoprix, contient des minéraux et oligo-éléments. Elle hydrate, rafraîchit et tonifie votre peau en toute occasion., Agitez avant emploi. Pulvérisez sur le visage ou le corps. Laissez agir quelques instants. Séchez en tamponnant délicatement. Pour une utilisation optimale, ne pas utiliser l'aérosol en position penchée. Conserver hors de la portée des enfants. Récipient sous pression. Ne pas percer ou brûler, même après usage. Conserver à l'écart de toute flamme ou source d'étincelles. Ne pas fumer pendant l'utilisation. Utiliser dans des zones bien ventilées. Ne pas utiliser pour un autre usage que celui pourlequel le produit est destiné., Aqua, nitrogen., Conserver à l'abri de la chaleur et hors du gel. A protéger contre les rayons solaires et à ne pas exposer à une température supérieure à 50°C.]|"
19,47€ / L"|"
1,46 €"
2173|Brumisateur d'eau minérale naturelle|Le brumisateur de 150ml|[Origine : FRANCE, Mise au point par des pharmaciens, Brumisateur Evian contribue à l'hydratation des couches supérieures de l'épiderme. Avec sa composition caractéristique et le pH neutre de l'eau minérale naturelle Evian, Brumisateur Evian rafraîchit et tonifie tousles types de peaux., Pulvérisez Brumisateur Evian, laissez agir quelques minutes et tamponnez délicatement. Brumisateur Evian vous accompagne vous et votre famille en de nombreuses occasions : le matin au réveil, mais aussi au bureau, en plein air (sport, plage ) ou en voyage  Il est également recommandé aux femmes enceintes et tout particulièrement pour la toilette des bébés. Gaz propulseur : azote. Composant naturel de l'atmosphère, neutre et ininflammable, sans risque en avion.  Récipient sous pression. Ne pas percer ni brûler même après usage., Eau minérale naturelle Evian, azote. Composition en mg/L de l'eau minérale naturelle Evian : calcium : 78, magnésium : 24, sodium : 5, potassium : 1, bicarbonates : 357, sulfates : 10, chlorures : 4,5, nitrates : 3,8, silice : 13,5g. pH : 7,2., A protéger des rayons solaires et à ne pas exposer à une température supérieure à 50°C.]|"
23,00€ / L"|"
3,45 €"
2174|Brumisateur d'eau minérale naturelle|Le brumisateur de 400ml|[Origine : FRANCE, Utilisé quotidiennement, Evian Facial Spray augmente l'hydratation de votre peau, aide à fixer votre maquillage et procure de véritables sensations de fraîcheur et de pureté.Née au coeur des Alpes, l'eau minérale naturelle d'Evian bénéficie d'une composition minérale équilibrée, et d'un pH neutre qui convient à tous les types de peau., Pulvérisez la peau plusieurs fois par jour à l'aide de l'atomiseur Evian. Laissez agir quelques minutes et tamponnez délicatement. Récipient sous pression. Ne pas percer ou brûler même après usage. Attention : ce contenant peut exploser s'il est chauffé., Eau minérale naturelle Evian, azote. Composition en mg/L de l'eau minérale naturelle Evian : calcium : 80, magnésium : 26, sodium : 6,5, potassium : 1, bicarbonates : 360, sulfates : 12,6, chlorures : 6,8, nitrates : 3,7, silice : 15. pH : 7,2., A protéger des rayons solaires et à ne pas exposer à une température supérieure à 50°C.]|"
11,98€ / L"|"
4,79 €"
2175|Brumisateur d'eau minérale naturelle, hydrate et fixe le maquillage|Le brumisateur de 50ml|[Origine : FRANCE, Et si un nouveau geste beauté pouvait à la fois rendre votre peau fraîche et belle tout en aidant à fixer votre maquillage., Récipient sous pression;Ne pas percer ni brûler, même après usage., Eau minérale naturelle Evian, azote. Composition en mg/L : calcium : 78, magnesium : 24, sodium : 5, potassium : 1, bicarbonates : 357, sulfates : 10, chlorures : 4.5, nitrates : 3.8, silice : 13.5. pH 7.2., A protéger contre les rayons solaires et à ne pas exposer à une température supérieure à 50°C.]|"
56,60€ / L"|"
2,83 €"
2176|Brume d'eau apaisante|L'atomiseur de 150ml|[Origine : FRANCE]|"
26,87€ / L"|"
4,03 €"
2177|Brume d'eau apaisante|L'atomiseur de 400ml|[Origine : FRANCE]|"
14,03€ / L"|"
5,61 €"
2178|Gel désincrustant Actif|Le tube de 150ml|[Origine : FRANCE, Comment ça marche? Sa formule aux micro-sphères exfoliantes désincruste tes pores en profondeur et les purifie en éliminant l'excés de sébum et les cellules mortes à l'origine des imperfections. Sa texture onctueuse permet un usage au quotidien sansdessécher ta peau., Applique le gelsur ta peau humidifiée. Masse en douceur ton visage en insistant sur la zone T (front, nez et menton) puis rince abondamment à l'eau claire., 12 mois après ouverture.]|"
52,53€ / L"|"
7,88 €"
2179|Gel nettoyant Actif|Le flacon pompe de 200ml|[Origine : FRANCE, Ce gel a été formulé à base d'acide salicylique pour aider à lutter rapidement contre les imperfections, pour une peau visiblement plus nette !Ce gel nettoyant non-gras commence à agir immédiatement. Il combat les bactéries à l'origine des imperfections et élimine l'excès de sébum. L'acide salicylique libère la peau des impuretés et lutte contre leur réapparition., Utilise le Gel Nettoyant Actif matin et soir. Verse du gel dans la paume de ta main et fais mousser avec de l'eau tiède. Masse en douceur ton visage et ton cou puis rince abondamment à l'eau claire. Maintenir hors de portée des enfants. Usage externe. Eviter tout contact avec les yeux et la bouche. En cas de contact, rincer abondamment à l'eau claire. En cas d'irritation, cesser l'utilisation. Si elle persiste consulter un médecin. Ne pas exposer à la lumière directe du soleil., Aqua, glycerin, sodium laureth sulfate, coco-glucoside, cocamidopropyl betaine, salicylic acid, peg-200 hydrogenated glyceryl palmate, sodium chloride, laureth-4, peg-7 glyceryl cocoate, polyquaternium-43, parfum, lavandula stoechas extract, helichrysum italcium extract, cistus monspeliensis extract, sodium hydroxide, phenoxyethanol, peg-40 hydrogenated castor oil, methylparaben, butylparaben, ethylparaben, isobutylparaben, propylparaben, Cl42090.]|"
41,15€ / L"|"
8,23 €"
2180|Exfobrosse Pur Active|Le flacon de 150 ml|[Origine : FRANCE, Garnier PureActive Exfobrosse est un nettoyant de nouvelle génération, testé sur peaux à problèmes tenaces, qui révolutionne votre nettoyage quotidien.Il élimine de façon intense les cellules mortes en surface. Il combat les impuretés les plus difficiles à atteindre et réduit l'excès de sébum à l'origine des impuretés., Humidifiez le visage. Pour ouvrir, faites pivoter la tête de l'ExfoBrosse d'un demi-tour. Humidifiez la brosse et tenez la tête en bas. Appuyez sur le corps souple du flacon jusqu'à ce que le produit sorte. Faites pivotez la tête de l'ExfoBrosse d'undemi-tour pour le refermer. Appliquez sur visage humide en effectuant des mouvements circulaires. Rincez abondamment votre visage et nettoyez la brosse sous l'eau. Pour une qualité d'utilisation optimale, fermer l'ExfoBrosse après chaque usage. En cas de contact avec les yeux, rincer immédiatement. Ce produit est déconseillé aux peaux sensibles et sèches., Aqua/water, sodium laureth sulfate, decyl glucoside, glycerin, sodium chloride, coco-betaine, salicylic acid, capryloyl salicylic acid, citric acid, copper pca, hexylene glycol, menthol, peg-150 pentaerythrityl tetrastearate, peg-6 caprylic/capric glycerides, pentasodium ethylenediamine tetramethylene phosphonate, polyquaternium-47, sodium hydroxide, tetrasodium edta, vaccinium myrtillus extract/vaccinium myrtillus fruit, extract, zinc gluconate, parfum/fragrance (F.I.L. B38989/1)., 12 mois après ouverture.]|"
52,53€ / L"|"
7,88 €"
2181|Gel exfoliant énergisant, désincruste & resserre les pores|Le tube de 150ml|[Origine : FRANCE, Enrichie en extraits de pamplemousse, de grenade et de dérivé de vitamine C sélectionnés pour leurs pouvoirs purifiants, antioxydants et énergisants, elle nettoie la peau efficacement. Son parfum gourmand vous enveloppe d'une délicieuse fraîcheur auxnotes fruitées et acidulées., Appliquez sur le visage humide. Massez légèrement en insistant sur les zones sujettes aux impuretés (front, nez, menton). Rincez abondamment. Utilisation quotidienne. Evitez le contour des yeux., Aqua, coco-betaine, butylene glycol, sodium laureth sulfate, disodium cocoamphodiacetate, polyethylene, sodium chloride, acrylates/c1030 alkyl acrylate crosspolymer, ascorbyl glucoside, benzyl alcohol, benzyl salicylate, capryloyl salicylic acid, CI15510/orange 4, CI17200/red33, citronellol, citrus grandis extract/grapefruit fruit extract, eucalyptus globulus extract/eucalyptus globulus leaf extract, glycerin, limonene, linalool, polyquaternium-47, propylene glycol, punica granatium extract, salicylic acid, sodium benzoate, sodium hydroxide, tetrasodium edta, xanthan gum, zinc gluconate, parfum (FIL B52588/1)., 12 mois après ouverture.]|"
43,60€ / L"|"
6,54 €"
2182|Gel nettoyant assainissant, anti-regraissage, peaux à problèmes tenaces|Le flacon de 200ml|[Origine : FRANCE, Sa formule contenant de l'acide salicylique aux propriétés antibactériennes et du zinc purifiant connu pour son pouvoir sébo-régulateur, exerce une double action : nettoie et élimine.La gamme Pure a été spécialement développée pour aider à lutter contre les impuretés et l'excès de sébum., Appliquez sur le visage mouillé. Massez légèrement en insistant sur le front, le nez et le menton. Rincez abondamment. Ce produit est déconseillé aux peaux sensibles ou sèches. Evitez le contour des yeux., Aqua/water, coco-betaine, propylene glycol, sodium laureth sulfate, peg-120 methyl glucose dioleate, sodium chloride, disodium cocoamphodiacetate, benzyl salicylate, eucalyptus globulus extract/eucalyptus globulus leaf extract, limonene, linalool, menthol, menthoxypropanediol, salicylic acid, sodium benzoate, tetrasodium edta, zinc gluconate, parfum/fragrance (fil B34608/1)., Se conserve 12 mois après ouverture.]|"
28,80€ / L"|"
5,76 €"
2183|Gel purifiant énergisant, réduit visiblement les impuretés, réve ille & tonifie la peau. Peaux grasses à impuretés.|Le flacon de 200ml|[Origine : FRANCE, Enrichie en extraits de pamplemousse, de grenade et de dérivé de vitamine C sélectionnés pour leurs pouvoirs purifiants, antioxydants et énergisants, elle réveille la peau et la tonifie. Son parfum gourmand enveloppe le visage d'une délicieuse fraîcheur aux notes fruitées et acidulées., Appliquez sur le visage mouillé. Massez légèrement en insistant sur le front, le nez et le menton. Rincez abondamment. Utilisation quotidienne. Evitez le contour des yeux., Aqua, coco-betaine, propylene glycol, sodium laureth sulfate, peg-120 methyl glucose dioleate, disodium cocoamphodiacetate, sodium chloride, ascorbyl glucoside, benzyl alcohol, benzyl salicylate, CI 15510/orange 4, CI 17200/red 33, citrus grandis extract/grapefruit fruit extract, eucalyptus globulus extract/eucalyptus globulus leaf extract, glycerin, limonene, linalool, menthoxypropanediol, punica granatium extract, salicylic acid, sodium benzoate, tetrasodium edta, zinc gluconate, parfum (FIL B52512/1)., 12 mois après ouverture.]|"
31,90€ / L"|"
6,38 €"
2184|Mousse purifiante douceur aux extraits de pamplemousse, grenade &vitamines C, peaux grasses à impuretés|Le flacon de 150ml|[Origine : FRANCE, D'une pression, cette eau purifiante se transforme en mousse généreuse ultra-douce avec la peau pour un nettoyage quotidien respectueux des peaux sensibles sujettes aux impuretés. Son parfum gourmand enveloppe le visage d'une vague de fraîcheur aux notes fruitées et acidulées., Une pression suffit à libérer la juste dose de mousse. Appliquez sur le visage humide. Massez doucement en insistant sur les zones sujettes aux imperfections (front, nez, menton). Rincez abondamment. Utilisation quotidienne. Evitez le contour des yeux., 12 mois après ouverture.]|"
54,60€ / L"|"
8,19 €"
2185|2-en-1, nettoyant masque microclear|Le tube de 150ml|[Origine : FRANCE, Neutrogena Visibly Clear 2 en 1 nettoyant & masque : élimine les impuretés et aide à réduire les boutons pour une peau nette., En nettoyant moussant quotidien : matin & soir, appliquer sur le visage humide et masser délicatement en évitant la zone sensible du contour de l'oeil. Puis rincer à l'eau. En masque : utiliser chaque semaine. Etaler une fine couche de produit sur levisage en évitant le contour des yeux. Laisser agir 5min. Rincer à l'eau tiède puis enlever tout résidu de produit avec un coton. Eviter le contact avec les yeux. En cas de contact avec les yeux, rincer abondamment à l'eau. Pour usage externe., Aqua, Glycerin, kaolin, Bentonite, Sodium Methyl Cocoyl Taurate, Titanium Dioxide, Trideceth-9, Salicylic Acid, c12-15 alkyl lactate, sodium chloride, Menthol, PEG-5 Ethylhexanoate, Coconut Acid, Xanthan Gum, Disodium EDTA, Citric Acid, Sodium Citrate, Methylparaben, Propylparaben, Ethylparaben, Chlorphenesin, Parfum., 12 mois après ouverture.]|"
42,27€ / L"|"
6,34 €"
2186|Crème désincrustante, nettoyant quotidien|Le tube de 150ml|[Origine : FRANCE, Sa formule crème contenant des micro-perles désincruste les pores pour éliminer l'excès de sébum et les impuretés à l'origine des points noirs.Sa formule contient un ingrédient reconnu pour son action sur les points noirs. Utilisé quotidiennement, elle désincruste les pores., Chaque jour, appliquer sur le visage humide et masser délicatement en insistant sur les zones sujettes aux points noirs. Rincer abondamment. Eviter le contact avec les yeux. En cas de contact avec les yeux, rincer abondamment à l'eau., Aqua, cetyl alcohol, PPG-15 stearyl Ether, polyethylene, polysorbate 60, Salicylic acid, steareth-21, jojoba esters, menthyl lactate, myristyl alcohol, stearyl alcohol, polyvinyl alcohol, potassium cetyl phosphate, xanthan gum, agar, neopentyl glycoldicaprylate/dicaprate, ppg-2 methyl ether, alumina, talc, BHT, phenoxyethanol, phenethyl alcohol, methylisothiazolinone, parfum, mica. CI 73360, CI 77491, CI 77492, CI 77891., 12 mois après ouverture.]|"
44,27€ / L"|"
6,64 €"
2187|Crème nettoyante, Pamplemousse rose|Le tube de 150ml|[Origine : FRANCE, Une crème nettoyante purifiante quotidienne pour une peau plus nette et fraîche tous les jours.Avec sa technologie brevetée Microclear, elle nettoie la peau en profondeur pour aider à réduire les imperfections (excès de sébum, irrégularités, brillance...). Sa texture crème purifie la peau en douceur sans la dessécher tout en la vivifiant d'une vague rafraîchissante de pamplemousse rose., Matin et soir, appliquer sur visage humide et masser délicatement. Rincer abondamment. Convient à tous les types de peaux. Particulièrement adapté aux peaux normales à grasses. Sa formule douce convient même aux peaux sensibles. Eviter le contact avec les yeux. En cas de contact avec les yeux, rincer abondamment à l'eau. Pour usage externe uniquement., Aqua, cetyl alcohol, ppg-15 stearyl ether, polysorbate 60, steareth-21, salicylic acid, glycerin, C12-15 alkyl lactate, cetyl lactate, stearyl alcohol, citrus grandis fruit extract, panthenol, potassium cetyl phosphate, menthol, xanthan gum, myristylalcohol, propylene glycol, sodium chloride, isopropyl alcohol, alcohol denat, cocamidopropyl pg-dimonium chloride phosphate, disodium edta, glycolic acid, lactic acid, sodium hydroxide, bht, benzalkonium chloride, parfum, Cl16035., 12 mois après ouverture.]|"
46,33€ / L"|"
6,95 €"
2188|Gel exfoliant matifiant, aide à réduire la brillance et à resserrer les pores parfum mandarine & citron vert.|Le tube de 150ml|[Origine : FRANCE, Un teint unifié grâce à une double action : une peau matifiée et des pores resserrés. Réduit visiblement la brillance et aide à resserrer les pores. Son parfum mandarine et citron vert vous procure une sensation de fraîcheur vivifiante., Appliquer une fois par jour sur visage humide et masser délicatement en évitant tout contact avec les yeux. En cas de contact avec les yeux, rincer abondamment à l'eau. Pour usage externe uniquement., Aqua, cetyl alcohol, ppg-15 stearyl ether, polyethylene, steareth-21, salicylic acid, polysorbate 60, cera microcristallina, citrus aurantifolia fruit extract, citrus tangerina extract, menthyl lactate, myristyl alcohol, stearyl alcohol, propylene glycol, potassium cetyl phosphate, xanthan gum, tocopherol, bht, parfum, CI77289., 12 mois après ouverture.]|"
44,27€ / L"|"
6,64 €"
2189|Gel exfoliant vivifiant, tous types de peaux|Le tube de 150ml|[Origine : FRANCE, Réveillez votre peau avec le Gel Exfoliant Vivifiant Neutrogena Deep Clean. Il nettoie les pores en profondeur et laisse la peau fraîche et vivifiée.Des micro-billes énergisantes exfolient la peau en douceur, et éliminent les cellules mortes qui obstruent les pores. Sa texture gel très fraîche se transforme en fine mousse pour éliminer impuretés, excès de sébum et traces de maquillage., Appliquez sur visage humide et masser délicatement en évitant le contour des yeux, puis rincer à l'eau tiède., Aqua, methyl gluceth-20, lauryl glucoside, sodium laureth sulfate, polyethylene, disodium lauroamphodiacetate, dimethicone peg-8 meadowfoamate, panthenol, synthetic wax, peg-80 sorbitan laurate, menthol, acrylates/c10-30 alkyl acrylate crosspolymer,polyquaternium-7, sodium benzotriazolyl butylphenol sulfonate, disodium edta, sodium hydroxide, sodium chloride, dmdm hydantoin, parfum, ci 77007, ci 42090., 12 mois après ouverture.]|"
41,20€ / L"|"
6,18 €"
2190|Gel nettoyant exfoliant Pamplemousse rose, Visibly clear, aide à réduire les imperfections.|Le tube de 150ml|[Origine : FRANCE]|"
45,67€ / L"|"
6,85 €"
2191|Gel nettoyant matifiant, aide à réduire la brillance et désobstrue les pores parfum mandarine & citron vert.|Le flacon de 200ml|[Origine : GRECE, Aide à désobstruer les pores : sa formule nettoie en profondeur pour un grain de peau visiblement affiné. Son parfum vous procure une sensation de fraîcheur vivifiante., Appliquer matin et soir sur visage humide et masser délicatement, en évitant tout contact avec les yeux. En cas de contact avec les yeux, rincer abondamment à l'eau. Pour usage externe uniquement., Aqua, sodium laureth sulfate, lauryl glucoside, glycerin, cocamidopropyl betaine, peg-120 methyl glucose dioleate, citrus aurantifolia fruit extract, citrus tangerina extract, propylene glycol, sodium cocoamphoacetate, coconut acid, polysorbate 20, sodium chloride, disodium edta, sodium citrate, citric acid, sodium hydroxide, salicylic acid, parfum, CI15985, CI42090., 12 mois après ouverture.]|"
32,20€ / L"|"
6,44 €"
2192|Gel nettoyant non gras|La pompe de 200ml|[Origine : FRANCE, Le Gel Nettoyant Non Gras Neutrogena Visibly Clear est spécialement formulé pour éliminer les impuretés et l'excès de sébum qui obstruent le pores et favorisent l'apparition des imperfections. De plus, il est enrichi avec un ingrédient actif pour aider à éliminer les cellules mortes et à prévenir les imperfections. Une utilisation régulière rendra la peau plus fraîche, nette et saine., Appliquer sur visage humide et masser délicatement en évitant le contour des yeux, puis rincer à l'eau. Convient à un usage quotidien. Convient à tous types de peaux, particulièrement adapté aux peaux normales à grasses., Aqua, sodium laureth sulfate, glycerin, lauryl glucoside, cocamidopropyl betaine,  peg-120 methyl glucose dioleate, salicylic acid, anthémis nobilis extract, chamomilla recutita extract, aloe barbadensis extract, propylene glycol, sodium cocoamphoacetate, polysorbate 20, sodium citrate, sodium chloride, citric acid, disodium edta, methylparaben, parfum, linalool, citronellol, butylphenyl methylpropional, C119140, C116035. Sans savon. Sans alcool., A utiliser dans les 12 mois après ouverture.]|"
29,80€ / L"|"
5,96 €"
2193|Gel nettoyant Pamplemousse rose, Visibly clear, aide à réduire les boutons et les points noirs.|Le flacon de 200ml|[Origine : FRANCE]|"
34,45€ / L"|"
6,89 €"
2194|Lotion désincrustante, pores obstrués|Le flacon de 200ml|[Origine : FRANCE, Aide à éliminer les impuretés incrustées : Elle contient également de l'acide salicylique reconnu pour aider a éliminer et à prévenir les impuretés incrustées.La lotion est spécialement formulée pour désincruster les pores, aider a éliminer les impuretés, l'excès de sébum et les cellules mortes en surface qui peuvent s'accumuler au coeur des pores et les obstruer., Appliquer matin et soir sur le visage et le cou à l'aide d'un coton en évitant le contour de l'oeil. Ne pas rincer., Aqua, Alcohol Denat, PPG-5-Ceteth-20, Glycerin, Salicylic Acid, Menthyl Lactate, Parfum., 12 mois après ouverture.]|"
32,70€ / L"|"
6,54 €"
2195|Nettoyant triple action, d{sincrustant points noirs, sos 7 jours.|Le flacon de 100ml|[Origine : FRANCE]|"
74,70€ / L"|"
7,47 €"
2196|On the Spot gel, au micro-clear|Le flacon de 15ml|[Origine : FRANCE, Ce gel action rapide aide à réduire les boutons en 8 heures chrono, sans irriter la peau. Efficacité cliniquement prouvée.Pour une peau nette : sa nouvelle formule au MicroClear , technologie brevetée, commence à agir dès l'application pour aider à réduire la taille et la rougeur des boutons. Pour une belle peau : ce gel doux agit tout en douceur sans abîmer ni assécher la peau., Appliquer sur la zone concernée dès les premiers signes d'apparition d'un bouton ou sur un bouton déjà visible. Adapté à un usage quotidien. Eviter la zone sensible du contour de l'oeil. Usage externe uniquement. En cas de contact avec les yeux, rincer immédiatement avec de l'eau. En cas d'irritation persistante, consulter un spécialiste. Inflammable., Aqua, alcohol denat., glycerin, polyacrylate-13, salicylic acid, cyclopentasiloxane, polyisobutene, C12-15 alkyl lactate, cetyl lactate, ppg-2 isoceteth-20 acetate, lactic acid, butylene glycol, benzalkonium chloride, hamamelis virginiana, sarcosine,cinnamomum zeylanicum, cedrus atlantica, portulaca oleracea, polysorbate 20, isoceteth-20, capryloyl glycine, alcohol, cocamidopropyl pg-dimonium chloride phosphate, hydroxyethylcellulose, sodium chloride, isopropyl alcohol, dipropylene glycol, hexylene glycol, dehydroxanthan gum, propylene glycol, disodium edta, acetic acid, sodium hydroxide, phenoxyethanol, parfum. Contient de l'alcool., 12 mois après ouverture.]|"
498,00€ / L"|"
7,47 €"
2197|Skin stress control, nettoyant exfoliant quotidien|Le tube de 150ml|[Origine : FRANCE, Un nettoyant exfoliant actif qui aide à réduire les boutons avant même qu'ils ne soient visibles pour en faire une source de stress en moins., Matin et soir, déposer une noisette de produit dans la paume de la main, appliquer sur le visage humide et masser délicatement. Rincer abondamment. Éviter le contact avec les yeux. En cas de contact avec les yeux, rincer abondamment à l'eau. Pour usage externe., Aqua, cetyl alcohol, ppg-15 stearyl ether, glycolic acid, glycerin, steareth-21, salicylic acid, polysorbate 60, polyethylene, c12-15 alkyl lactate, sodium hydroxide, cera microcristallina, panthenol, cucumis sativus extract, cetyl lactate, stearyl alcohol, butylene glycol, menthol, sodium benzotriazolyl butylphenol sulfonate, potassium cetyl phosphate, cocamidopropyl pg-dimonium chloride phosphate, xanthan gum, sodium chloride, isopropyl alcohol, disodium edta, lactic acid, tocopherol, bht, benzalkonium chloride, parfum, CI 77289, CI 42090, CI 19140., 12 mois après ouverture.]|"
41,13€ / L"|"
6,17 €"
2198|Nettoyant et masque ultra-purifiant, 5 actions en 1 seul geste|Le tube de 150ml|[Origine : FRANCE, A l'extrait actif de magnolia connu pour ses propriétés antibactériennes. 5 actions en un seul geste : purifiante, désincrustante, matifiante, antibactérienne, anti-irritation. La peau est nettoyée en profondeur, visiblement saine et purifiée., Appliquez sur visage humide, le cou et le décolleté. Massez délicatement puis rincer. Pour une application en masque (2 à 3 fois par semaine), laissez poser sur le visage entre 3 et 5 minutes, puis rincez à l'eau. Evitez la zone du contour de l'oeil.Non comédogène. N'obstrue pas les pores., Aqua, kaolin, glycerin, alcohol denat, polyethylene, glyceryl stearate, cetearyl alcohol, caprylic/capric triglycéride, butyrospermum parkii butter, magnolia officinalis bark extract, glyceryl glucoside, xanthan gum, potassium cetyl phosphate, hydrogenated palm glycerides, dimethicone, trisodium edta, phenoxyethanol, methylparaben, citronellol, alpha isomethyl ionone, limonene, parfum, CI77891, CI42090., 12 mois après ouverture.]|"
45,20€ / L"|"
6,78 €"
2199|Crème nettoyante désincruste, pour une peau lisse et purifiée, peaux mixtes à grasses.|Le tube de 150ml|[Origine : IRLANDE]|"
31,60€ / L"|"
4,74 €"
2200|Gel exfoliant vivifiant, nettoie en douceur et affine le grain depeau, tous types de peaux.|Le tube de 150ml|[Origine : FRANCE, Le gel exfoliant vivifiant exfolie et purifie en douceur votre peau sans l'agresser, tout en respectant son équilibre. Il laisse votre peau douce, nette et fraîche sans tirailler., Appliquez 1 à 2 fois par semaine une noisette de produit sur votre visage préalablement humidifié et propre et massez délicatement en évitant le contour des yeux. Rincez abondamment à l'eau tiède, puis séchez délicatement votre visage., Aqua, polyethylene, sodium laureth sulfate, propylene glycol, peg-7 glyceryl cocoate, sodium cocoamphoacetate, butylene glycol, sodium cocoyl isethionate, xanthan gum, acrylates/c10-30 alkyl acrylate crosspolymer, sodium benzoate, citric acid, parfum, jojoba esters tetrasodium edta, sodium hydroxide, salicylic acid, menthol, methylpropanediol, CI 77007, CI 42090, CI 17200, BHT., 12 mois après ouverture.]|"
30,40€ / L"|"
4,56 €"
2201|Gel nettoyant fraîcheur, nettoie et élimine les impuretés en douceur, peaux nornales à mixtes.|Le tube de 150ml|[Origine : FRANCE, Enrichi en extrait de fleur de lotus et en aloe vera, il élimine les impuretés, les traces de maquillage et réduit l'excès de sébum tout en respectant l'équilibre naturel de votre peau., Appliquez matin et soir une noisette de produit sur votre visage et votre cou préalablement humidifié en évitant le contour des yeux. Massez délicatement en petits cercles du bas vers le haut puis rincez abondamment à l'eau tiède, puis séchez délicatement votre visage., Aqua, sodium laureth sulfate, glycerin, peg-7 glyceryl cocoate, cocamidopropyl betaine, acrylates/c10-30 alkyl acrylate crosspolymer, sodium benzoate, parfum, sodium hydroxide, aloe barbadensis leaf juice, tocopheryl acetate, tetrasodium edta, citricacid, salicylic acid, methylpropanediol, maltodextrin, tocopherol, peg-60 hydrogenated castor oil, sorbic acid, potassium sorbate, nelumbo nucifera flower extract, CI 42090, CI17200., 12 mois après ouverture.]|"
28,80€ / L"|"
4,32 €"
2202|Mousse nettoyante visage à l'Aloe vera & à l'extrait de fleur    d'oranger|Le flacon de 150ml|[Origine : FRANCE, Matin et soir, appliquer une noisette de mousse dans le creux de la main. Répartir sur le visage et le cou humides par de légers mouvements circulaires. Rincer abondamment à l'eau claire puis sécher. Eviter le contact avec les yeux. A utiliser de préférence dans les 6 mois après ouverture., Aqua, Aloe Barbadensis gel*, Cocamidopropyl Betaine, Glycerin, Sodium Cocoamphoacetate, Benzyl Alcohol, Aroma, Phytic Acid, Maris Aqua, Citric Acid, Hibiscus Sabdariffa Extract*, Potassium Sorbate. *Ingédients issus de l'agriculture biologique.]|"
34,93€ / L"|"
5,24 €"
2203|Mousse nettoyante visage à l'Aloe vera & à l'extrait de fleur    d'oranger|Le flacon de 150ml|[Origine : FRANCE, Matin et soir, appliquer une noisette de mousse dans le creux de la main. Répartir sur le visage et le cou humides par de légers mouvements circulaires. Rincer abondamment à l'eau claire puis sécher. Eviter le contact avec les yeux. A utiliser de préférence dans les 6 mois après ouverture., Aqua, Aloe Barbadensis gel*, Cocamidopropyl Betaine, Glycerin, Sodium Cocoamphoacetate, Benzyl Alcohol, Aroma, Phytic Acid, Maris Aqua, Citric Acid, Hibiscus Sabdariffa Extract*, Potassium Sorbate. *Ingédients issus de l'agriculture biologique.]|"
34,93€ / L"|"
5,24 €"
2204|3 en 1, nettoyant, exfoliant, masque, peaux à problèmes tenaces|Le tube de 150ml|[Origine : FRANCE, Est-il fait pour moi ? Oui, si votre peau est mixte à tendance grasse, sujette aux impuretés, brillance et pores dilatés. En quoi est-il différent ? Il s'utilise à la fois comme nettoyant, exfoliant et masque : 1. Nettoyant : contient du zinc pour éliminer l'excès de sébum. 2. Exfoliant : ses particules exfoliantes désincrustent les pores. 3. Masque : enrichi en argile blanche, il matifie la peau et uniformise le teint. Pour une peau purifiée, assainie et plus nette pour 3 jours., 1. Nettoyant : quotidiennement, appliquez sur visage humide. Massez puis rincez abondamment; 2. Exfoliant : massez avec des mouvements circulaires en insistant sur le front le nez et le menton. Rincez abondamment; 3.Masque : 2 à 3 fois par semaine, appliquez sur le visage. Laissez poser 3 minutes. Rincez à l'eau. Eviter le contour des yeux., Valeur énergétique en Joules :  0, Valeur énergétique en Kcal : 0, Glucides : 0, Lipides : 0, Protides :0, AQUA/WATER, KAOLIN, GLYCERIN, BUTYLENE GLYCOL ZEA MAYS STARCH/CORN STARCH, CI 77891/TITANIUM DIOXIDE, DECYL GLUCOSIDE POLYETHYLENE, SODIUM LAURETH SULFATE, CHONDRUS CRISPUS (CARRAGEENAN) PEG-7 GLYCERYL COCOATE, SALICYLIC ACID, EUCALYPTUS GLOBULUS EXTRACT/EUCALYPTUS GLOBULUS LEAF EXTRACT, MENTHOL, ZINC GLUCONATE, JOJOBA ESTERS, PROPYLENE GLYCOL, TRIETHANOLAMINE, XANTHAN GUM, TETRASODIUM EDTA, METHYLPARABEN, PHENOXYETHANOL, CI 77007/ULTRAMARINES, PARFUM/FRAGRANCE, BENZYL SALICYLATE, LIMONENE, LINALOOL (F.I.L B29090/1)., 12 mois après ouverture.]|"
38,60€ / L"|"
5,79 €"
2205|Lait démaquillant superconfort, visage et yeux, peaux normales à sèches, convient aux peaux sensibles.|Le flacon de 200ml|[Origine : FRANCE, Enrichi en extrait de Moringa dépolluant et antioxydant, le lait démaquillant Super Confort élimine le maquillage, les impuretés et la pollution en un seul geste tout en douceur. Une formule à l'extrait de Cerisier sans fini gras, qui laisse la peauconfortable et délicatement parfumée., Démaquillez visage et yeux à l'aide d'un coton imbibé de produit., Aqua/water, glycerin, isopropyl palmitate, paraffinum liquidum / mineral oil, alcohol denat, acrylates/c10-30 alkyl acrylate crosspolymer, capryloyl salicylic acid, carbomer, Cl 14700/red 4, disodium cocoamphodiacetate, disodium edta, linalool, magnesium laureth sulfate, magnesium laureth-8 sulfate, magnesium oleth sulfate, moringa pterygosperma seed extract, myrtrimonium bromide, pentaerythrityl tetra-di-t-butyl hydroxyhydrocinnamate, phenoxyethanol, prunus yedoensis leaf extract, sodium hydroxide, sodium laureth sulfate, sodium laureth-8 sulfate, sodium oleth sulfate, parfum/fragrance (FIL B162077/2). Sans paraben., 6 mois après ouverture.]|"
23,10€ / L"|"
4,62 €"
2206|Tonique Clarifiant Révélateur d'Eclat|Le flacon de 200ml|[Origine : FRANCE]|"
25,50€ / L"|"
5,10 €"
2207|Mousse nettoyante, visage douceur, peaux sèches & sensibles à l'huile d'olive & Aloe Vera.|Le flacon de 150ml|[Origine : FRANCE, Grâce à sa formule douce sans savon, à l'huile d'olive et aloe vera, la Mousse Nettoyante Visage Le Petit Olivier nettoie et démaquille votre peau tout en la préservant de la déshydratation. Sa mousse délicate et onctueuse offre à votre peau une sensation de confort. Résultat : la peau est fraîche, douce et lumineuse., Matin et soir, appliquez sur visage humide. Massez délicatement, puis rincez à l'eau claire. Ne pas avaler. Eviter le contact avec les yeux. En cas de contact avec les yeux, rincer abondamment à l'eau claire. Ne pas laisser à la portée des enfants., Aqua (water), glycerin, peg-40 hydrogenated castor oil, sodium cocoyl glutamate, cocamidopropyl betaine, propanediol, sodium cocoamphoacetate, olea europaea (olive) fruit oil, aloe barbadensis leaf juice powder, gluconolactone, calcium gluconate, propylene glycol, parfum (fragrance), sodium benzoate, citric acid, sodium hydroxide. Sans paraben, sans phénoxyethanol, sans colorant. Le Petit Olivier est contre les tests sur les animaux., 12 mois après ouverture. Conserver à l'abri de la chaleur et de la lumière.]|"
45,87€ / L"|"
6,88 €"
2208|Mousse nettoyante onctueuse, peaux sèches et sensibles|Le flacon de 150ml|[Origine : ALLEMAGNE]|"
38,80€ / L"|"
5,82 €"
2209|Crème de soin hydratante, au beurre de karité, à l'huile d'amandedouce|Le pot de 200ml|[Origine : FRANCE, Enrichie en beurre de karité, en huile d'amande douce et en aloe vera, cette crème de soin nourrit votre peau pour la laisser douce, souple et protégée., Eviter le contour des yeux., Aqua, octyldodecanol, prunus amygdalus dulcis oil*, glycerin, polyglyceryl-3-stearate/citrate, aloe barbadensis leaf juice*, cetyl alcohol, glyceryl stearate, butyrospermum parkii butter*, coco caprylate, sodium benzoate, parfum, dehydroacetic acid,cyamopsis tetragonoloba gum, citric acid, tocopherol, potassium sorbate, coumarin, limonene, linalool. *Ingrédients issus de l'agriculture biologique., 12 mois après ouverture.]|"
21,20€ / L"|"
4,24 €"
2210|Crème de soin hydratante, au beurre de karité, à l'huile d'amandedouce|Le pot de 200ml|[Origine : FRANCE, Enrichie en beurre de karité, en huile d'amande douce et en aloe vera, cette crème de soin nourrit votre peau pour la laisser douce, souple et protégée., Eviter le contour des yeux., Aqua, octyldodecanol, prunus amygdalus dulcis oil*, glycerin, polyglyceryl-3-stearate/citrate, aloe barbadensis leaf juice*, cetyl alcohol, glyceryl stearate, butyrospermum parkii butter*, coco caprylate, sodium benzoate, parfum, dehydroacetic acid,cyamopsis tetragonoloba gum, citric acid, tocopherol, potassium sorbate, coumarin, limonene, linalool. *Ingrédients issus de l'agriculture biologique., 12 mois après ouverture.]|"
21,20€ / L"|"
4,24 €"
2211|Crème de soin hydratante au beurre de karité, visage & corps, à l'huile d'amande douce|Le tube de 75ml|[Origine : FRANCE, Grâce au beurre de karité, cette crème de soin, certifiée par Ecocert, nourrit votre peau tout en douceur.Enrichie en huile d'amande douce et en aloe vera aux vertus nourrissantes et adoucissantes, elle laisse votre peau douce, souple et protégée., Eviter le contour des yeux., Aqua, octyldodecanol, prunus amygdalus dulcis oil*, glycerin, polyglyceryl-3-stearate/citrate, aloe barbadensis leaf juice*, cetyl alcohol, glyceryl stearate, butyrospermum parkii butter*, coco caprylate, sodium benzoate, parfum, dehydroacetic acid,cyamopsis tetragonoloba gum, citric acid, tocopherol, potassium sorbate, coumarin, limonene, linalool. *ingrédients issus de l'agriculture biologique., 12 mois après ouverture.]|"
36,40€ / L"|"
2,73 €"
2212|Crème de soin hydratante au beurre de karité, visage & corps, à l'huile d'amande douce|Le tube de 75ml|[Origine : FRANCE, Grâce au beurre de karité, cette crème de soin, certifiée par Ecocert, nourrit votre peau tout en douceur.Enrichie en huile d'amande douce et en aloe vera aux vertus nourrissantes et adoucissantes, elle laisse votre peau douce, souple et protégée., Eviter le contour des yeux., Aqua, octyldodecanol, prunus amygdalus dulcis oil*, glycerin, polyglyceryl-3-stearate/citrate, aloe barbadensis leaf juice*, cetyl alcohol, glyceryl stearate, butyrospermum parkii butter*, coco caprylate, sodium benzoate, parfum, dehydroacetic acid,cyamopsis tetragonoloba gum, citric acid, tocopherol, potassium sorbate, coumarin, limonene, linalool. *ingrédients issus de l'agriculture biologique., 12 mois après ouverture.]|"
36,40€ / L"|"
2,73 €"
2213|Crème soin nourrissante, hydrate & adoucit, peaux sèches à très sèches, beurre de karité, huile d'argan.|Le tube de 75ml|[Origine : FRANCE]|"
29,87€ / L"|"
2,24 €"
2214|Soin de jour hydratant, hydratation 24h, protège,extraits d'aloe vera & lotus, filtres UVA/UVB, peaux normales à mixtes.|Le tube de 50ml|[Origine : SUISSE, Enrichi en extraits d'aloe vera et de lotus, le soin de jour hydratant Monoprix hydrate votre peau tout au long de la journée. Grâce à sa formule enrichie en filtres UVA/UVB et en vitamine E, votre peau est protégée des agressions extérieures, elle est pleine de vitalité. Sa texture fine et légère pénètre rapidement sans effet gras, pour un confort immédiat. Il vous procure une agréable sensation de fraîcheur et laisse votre peau souple et douce., Appliquez matin et soir sur le visage et le cou soigneusement nettoyés. Pour une meilleure efficacité, massez délicatement du bout des doigts par petits cercles du bas vers le haut du visage. Le Soin Hydratant Monoprix est une excellente base de maquillage. Ne protège pas du soleil., Aqua, glycerin, C 12-15 alkyl benzoate, butyl methoxydibenzoylmethane, caprylic/capric triglyceride, glyceryl stearate se, octyldodecanol, cetearyl alcohol, hydrogenated coco-glycerides, ethylhexyl triazone, panthenol, tocopheryl acetate, dimethicone, caprylyl glycol, glyceryl stearate, nelumbo nucifera flower extract, aloe barbadensis leaf juice, benzotriazolyl dodecyl p-cresol, palmitic acid, stearic acid, parfum, bis-ethylhexyloxyphenol methoxyphenyl triazine, acrylates/c 10-30 alkyl acrylatecrosspolymer, xanthan gum, caprylhydroxamic acid, sodium hydroxide, sodium cetearyl sulfate, disodium EDTA., 12 mois après ouverture.]|"
70,80€ / L"|"
3,54 €"
2215|Soin de nuit, régénérant, hydratation intense, extrait de calendula & beurre de karité, peaux sèches & sensibles.|Le pot de 50ml|[Origine : SUISSE, Enrichi en extrait de calendula et en beurre de karité, le soin de nuit régénérant Monoprix hydrate et nourrit intensément votre peau pendant la nuit, lorsqu'elle se régénère.Sa texture onctueuse pénètre rapidement, sans effet gras, pour un confort immédiat. Il vous procure une agréable sensation de douceur et laisse votre peau souple et douce. Votre peau est régénérée, plus lisse et plus résistante., Appliquez le soir sur le visage et le cou soigneusement nettoyés. Pour une meilleure efficacité, massez délicatement du bout des doigts par petits cercles du bas vers le haut du visage., Aqua, glycerin, butyrospermum parkii butter, isononyl isononanoate, hydrogenated coco-glycerides, dicaprylyl ether, C12-15 alkyl benzoate, myristyl myristate, cetearyl alcohol, cyclopentasiloxane, glyceryl stearate citrate, methylpropanediol, tocopheryl acetate, calendula officinalis flower extract, cetearyl glucoside, panthenol, caprylyl glycol, parfum, caprylhydroxamic acid, sodium hydroxide, acrylates/C10-30 alkyl acrylate crosspolymer., 12 mois après ouverture.]|"
116,80€ / L"|"
5,84 €"
2216|Soin du jour hydratant bio a l'aloe vera et à l'extrait de litchi|Le tube de 50ml|[Origine : FRANCE, Sa formule enrichie en aloe vera et en extrait de litchi, hydrate durablement votre peau. Sa texture non grasse et non collante, respecte votre peau et la laisse douce et fraîche., Chaque matin, appliquez la crème sur le visage et le cou parfaitement nettoyés en évitant le contour des yeux., 6 mois après ouverture.]|"
125,60€ / L"|"
6,28 €"
2217|Soin du jour hydratant bio a l'aloe vera et à l'extrait de litchi|Le tube de 50ml|[Origine : FRANCE, Sa formule enrichie en aloe vera et en extrait de litchi, hydrate durablement votre peau. Sa texture non grasse et non collante, respecte votre peau et la laisse douce et fraîche., Chaque matin, appliquez la crème sur le visage et le cou parfaitement nettoyés en évitant le contour des yeux., 6 mois après ouverture.]|"
125,60€ / L"|"
6,28 €"
2218|Soin de jour nutritif, hydratation 24H, apaise extrait de calendula & Beurre de karité, peaux sèches & sensibles.|Le tube de 50ml|[Origine : SUISSE, Enrichi en extrait de calendula et en beurre de karité, le soin jour nutritif nourrit et hydrate votre peau tout au long de la journée et prévient du dessèchement et calme les tiraillements.Grâce à sa formule enrichie en filtres UVA/UVB et en vitamine E, votre peau est protégée des agressions extérieures, elle est pleine de vitalité. Sa texture onctueuse pénètre rapidement sans effet gras pour un confort immédiat. Il vous procure une agréable sensation de douceur et laisse votre peau souple et apaisée., Appliquez matin et soir sur le visage et le cou soigneusement nettoyés. Pour une meilleure efficacité, massez délicatement du bout des doigts par petits cercles du bas vers le haut du visage. Le soin nutritif Monoprix est une excellente base de maquillage., Aqua, glycerin, cetearyl isononanoate, caprylic/capric triglyceride, butyl methoxydibenzoylmethane, hydrogenated coco-glycerides, cetearyl alcohol, glyceryl stearate citrate, ethylhexyl triazone, butyrospermum parkii butter, dimethicone, glyceryl stearate, panthenol, calendula officinalis flower extract, benzotriazolyl dodecyl p-cresol, palmitic acid, stearic acid, tocopheryl acetate, caprylyl glycol, bis-ethylhexyloxyphenol methoxyphenyl triazine, parfum, xanthan gum, acrylates/c 10-30 alkyl acrylate crosspolymer, sodium hydroxide, caprylhydroxamic acid, chondrus crispus extract, disodium edta., Se conserve 12 mois après ouverture.]|"
70,80€ / L"|"
3,54 €"
2219|Soin universel visage et corps réparateur intense                Peaux très sèches et irritées|Le tube de 75ml|[Origine : FRANCE, Dermophil innove avec le Soin Universel Réparateur Intense Formule Indienne en s'appuyant sur son expertise de proctection et de réparation des peaux agressées par les éléments extérieurs. Ce soin unique est riche d'un complexe végétal élaboré à partir d'actifs naturels reconnus et utilisés depuis des milliers d'années. L'Echinacée, plante à usage médicinal, est très employée par les Indiens d'Amérique pour le soin des gerçures et des irritations : répare et adoucit. L'huile Bio d'Inca Inchi, originaire de l'Amazonie péruvienne, est connue des Incas pour ses qualités cicatrisantes : restructure et apaise. Le beurre de cacao, issu du Cacayoter s'utilise sur les peaux altérées et desséchées : protège., A utiliser, une à deux fois par jour, sur le visage et le corps. De texture légère et non grasse, ce soin pénètre instantanément et protège durablement les zones desséchées du visage et du corps. Nourrie en profondeur, la peau est réparée et apaisée., Aqua, butylene glycol, glycerin, ethylhexyl stearate, isononyl isononanoate, theobroma cacao seed butter, dicaprylyl carbonate, C10-18 triglycerides, glyceryl stearate, hydrogenated starch hydrolysate, peg-100 stearate, hydrogenated polyisobutene, glyceryl undecylenate, pentaerythrityl distearate, phenoxyethanol, propylene glycol, sodium polyacrylate, caprylyl glycol, tocopheryl acetate, plukenetia volubilis seed oil, xanthan gum, parfum, limonene, echinacea angustifolia extract, citric acid, rosmarinus officinalis extract, hydroxycitronellal, linalool, geraniol, tocopherol., 12 mois après ouverture.]|"
5,76€ / L"|"
4,32 €"
2220|Crème de beauté, haute performance anti-âge jour, lisse, hydrate,illumine.|Le pot de 50ml|[Origine : FRANCE]|"
314,00€ / L"|"
15,70 €"
2221|Crème de beauté, haute performance anti-âge nuit, lisse, nourrit,régénère.|Le pot de 50ml|[Origine : FRANCE]|"
312,00€ / L"|"
15,60 €"
2222|Soin de jour hydratant PH5, peaux sèches et sensibles|Le tube de 50ml|[Origine : FRANCE, Ses actions : hydrate : formule légère pénètre pour agir intensément. Nourrit : formule associant de la vitamine E et de la provitamine B5.Age recommandé : 25-55 ans. Protège : ses filtres UVA/UVB protègent la peau des rayons UV connus comme l'une des principales causes du vieillissement cutané. Résultats visibles : la peau est intensément nourrie. Elle est protégée et retrouve douceur, souplesse et confort., Appliquez chaque matin sur le visage et le cou parfaitement nettoyés grâce à la gamme de démaquillants Diadermine pour peaux sèches et sensibles. Faites pénétrer en massant délicatement. Sa texture légère et non grasse constitue également une excellente base de maquillage. Convient à tous les types de peaux, même les peaux sensibles., Aqua cetearyl isononanoate, glyceryl stearate, hexanediol, glycerin, caprylic/capric triglyceride, behenyl alcohol, carthamus tinctorius seed oil, sorbitol, talc, ethylhexyl triazone, ceteareth-20, butyl methoxydibenzoylmethane, taurine, panthenol, tocopheryl acetate, tocopherol allantoin, equisetum arvense extract, dimethicone, ceteareth-12, cetearyl alcohol, cetyl palmitate, sodium carbomer, trisodium NTA, hydrogenated palm glycerides citrate, parfum, phenoxyethanol, ethylparaben, methylparaben, Cl 77891, Cl 16035., 12 mois après ouverture.]|"
84,20€ / L"|"
4,21 €"
2223|Soin de jour hydratant PH7, peaux normales ou mixtes|Le tube de 50ml|[Origine : FRANCE, Hydrate, matifie et protège. La peau est intensément hydratée et matifiée. Elle est protégée et retrouve équilibre, clarté et souplesse.C'est pour répondre à ces besoins spécifiques que les Laboratoires Diadermine ont créé PH 7, le soin idéal pour hydrater parfaitement la peau tout en la matifiant, pour un teint unifié et matifié., Age recommandé : 25-55 ans. Appliquez chaque matin sur le visage et le cou parfaitement nettoyés. Faites pénétrer en massant délicatement. Sa texture légère et non grasse constitue également une excellente base de maquillage., Aqua, caprylic/capric triglyceride, glyceryl stearate, hexanediol, cetearyl isononanoate, glycerin, behenyl alcohol, sorbitol, talc, ethylhexyl triazone, ceteareth-20, taurine, hamamelis virginiana water, panthenol, tocopheryl acetate, allantoin, retinyl palmitate, tocopherol, dimethicone, ceteareth-12, cetearyl alcohol, cetyl palmitate, sodium carbomer, alcohol denat., trisodium nta, hydrogenated palm glycerides citrate, parfum, phenoxyethanol, methylparaben, ethylparaben, Cl 77981, Cl 16035., 12 mois après ouverture.]|"
83,40€ / L"|"
4,17 €"
2224|Crème bienfaisante, baume nutritif hydratant 24H, huile de camélia, extraits de sève et pulpe végétales,peaux sèches à très séches|Le tube de 50ml|[Origine : FRANCE, Hydratant quotidien qui apaise les inconforts des peaux sèches et recharge votre peau tout au long de la journée. Le pouvoir réhydratant intense des extraits de sève et pulpe végétales, riches en minéraux et nutriments, aide votre peau à se rechargeren eau. Le Baume Nutritif Hydratant fixe ainsi en continu la juste dose d'hydratation dont votre peau a besoin. Enrichi en huile de Camélia nutritive, il apaise immédiatement les tiraillements et nourrit votre peau pour un confort optimal jour aprèsjour., Convient aux peaux sensibles. Une texture baume non grasse à absorption rapide qui s'applique matin et soir sur l'ensemble du visage., Aqua/water, glycerin, pentaerythrityl tetraethylhexanoate, dimethicone, butylene glycol, butyrospermum parkii butter/shea butter, glyceryl stearate se, peg-40 stearate, cetyl alcohol, stearic acid, palmitic acid, acer saccharinum extract/sugar mapleextract, acrylates/C10-30 alkyl acrylate crosspolymer, camellia oleifera seed oil, caprylyl glycol, Cl 14700/red 4, Cl 47005/acid yellow 3, citronellol, dimethiconol, disodium edta, linalool, mannose, pentaerythrityl, tetra-di-t-butyl hydroxyhydrocinnamate, phenoxyethanol, prunus amygdalus dulcis oil/sweet almond oil, sodium hydroxide, sorbitan tristearate, tocopherol, parfum/fragrance. (FIL B52360/1). Sans paraben., 12 mois après ouverture.]|"
112,20€ / L"|"
5,61 €"
2225|Crème bienfaisante, crème légère hydratante 24H, extraits de fleur de lotus, de sève et pulpe végétales, peaux normales à mixtes.|Le tube de 50ml|[Origine : FRANCE, Soin quotidien qui rééquilibre l'hydratation et lisse votre peau. Le pouvoir réhydratant intense des extraits de sève et pulpe végétales, riches en minéraux et nutriments, aide votre peau à se recharger en eau. La Crème Légère Hydratante fixe ainsi en continu la juste dose d'hydratation dont votre peau a besoin. Enrichie en extraits de Lotus bleu adoucissant, elle équilibre l'hydratation de votre peau pour un teint plus frais jusqu'au soir., Convient aux peaux sensibles. Une texture crème non grasse à absorption rapide qui s'applique matin et soir sur l'ensemble du visage., Aqua/water, glycerin, cyclohexasiloxane, isononyl isononanoate, caprylic/capric triglyceride, butylene glycol, cetyl alcohol, stearyl dimethicone, glyceryl stearate, stearic acid, stearyl alcohol, peg-8 stearate, synthetic wax, acer saccharinum extract/sugar maple extract, ammonium polyacryldimethyltauramide/ammonium polyacryloyldimethyl taurate, benzyl alcohol, benzyl salicylate, camellia sinensis leaf extract, caprylyl glycol, Cl 42090/blue 1, Cl 60730/ext violet 2, citronellol, dimethicone, dimethiconol, disodium edta, limonene, linalool, mannose, nelumbo nucifera flower extract, palmitic acid, peg-100 stearate, phenoxyethanol, prunus persica kernel oil/peach kernel oil, silica, sodium dextran sulfate, sodium hydroxide, triethanolamine,parfum/fragrance (FIL B55034/1). Sans paraben., 12 mois après ouverture.]|"
116,40€ / L"|"
5,82 €"
2226|Crème bienfaisante, gelée éclat hydratante 24H, extraits de fleur d'hibiscus, de sève et pulpe végètales,peaux ternes et fatiguées|Le tube de 50ml|[Origine : FRANCE, Hydratant quotidien qui réveille votre teint brouillé et tonifie votre peau. Le pouvoir réhydratant intense des extraits de sève et pulpe végétales, riches en minéraux et nutriments, aide votre peau à se recharger en eau. La Gelée Eclat Hydratante fixe ainsi en continu la juste dose d'hydratation dont votre peau a besoin. Enrichie en extraits de fleur d'Hibiscus stimulante, elle énergise votre peau, illumine votre teint et procure un effet 'peau de pêche' immédiat., Convient aux peaux sensibles. Une texture gelée non grasse à absorption rapide qui s'applique matin et soir sur l'ensemble du visage., Aqua/water, glycerin, alcohol denat, dimethicone, butylene glycol, acer saccharinum extract/sugar maple extract, ascorbyl glucoside, benzyl alcohol, benzyl salicylate, caprylyl glycol, carbomer, Cl 14700/red 4, Cl 47005/acid yellow 3, Cl 77891/titanium dioxide, citronellol, citrus grandis extract/grapefruit fruit extract, citrus medica limonum extract/lemon fruit extract, dimethiconol, disodium edta, hibiscus sabdariffa extract/hibiscus sabdariffa flower extract, limonene, linalool, mannose, phenoxyethanol, propylene glycol, sodium hydroxide, synthetic fluorphlogopite, parfum/fragrance (FIL B52407/1). Sans paraben., 12 mois après ouverture.]|"
114,40€ / L"|"
5,72 €"
2227|Crème sorbet hydratante 24H, matifie et unifie|La boîte 50 ml|[Origine : FRANCE, Crème bienfaisante est une nouvelle génération d'hydratants 24h de Garnier formulée pour agir en synergie avec votre peau et lui apporter des multi-bienfaits dédiés à ses besoins spécifiques., Peaux mixtes à grasses. Convient aux peaux sensibles. Une texture sorbet non grasse à absorption rapide qui s'applique matin et soir sur l'ensemble du visage., Aqua/water, glycerin, isononyl isononanoate, alcohol denat, acer saccharinum extract/sugar maple extract, ammonium polyacryldimethyltauramide/ammonium polyacryldimethyl taurate, behenyl alcohol, benzyl alcohol, benzyl salicylate, biosaccharide gum-1,camellia sinensis leaf extract, caprylyl glycol, Cl42090/blue 1, Cl47005/acid yellow 3, citronellol, disodium ethylene dicocamide peg-15 disulfate, glyceryl stearate citrate, limonene, linalool, mannose, phenoxyethanol, pyrus malus water/apple fruitwater, silica, sodium acrylates crosspolymer-2, sodium hydroxide, tetrasodium edta, xanthan gum, parfum/fragrance. (FIL B158083/1). Sans paraben., 12 mois après ouverture.]|"
112,20€ / L"|"
5,61 €"
2228|Le soin miracle anti-âge transformateur de peau, 7 actifs - complexe anti-âge, FPS 20, Peaux sèches.|Le tube de 50ml|[Origine : FRANCE]|"
294,60€ / L"|"
14,73 €"
2229|Soin anti-tâches, corrige les dfférents types de tâches, tous types de peaux et carnations|Le tube de 50ml|[Origine : FRANCE, Réduit l'apparence, la taille des taches et uniformise le teint. Le peau est lumineuse, éclatante, belle même sans maquillage., S'applique matin et/ou soir sur l'ensemble du visage., Aqua, glycerin, ascorbic acid, hydrogenated polyisobutene, cyclohexasiloxane, potassium hydroxide, dimethicone, sodium styrene/ma copolymer, acrylates/c10-30 alkyl acrylate crosspolymer, alcohol, benzyl salicylate, biosaccharide gum-1, carbomer, citral, citrus medica limonum extract/lemon fruit extract, disodium edta, gentiana lutea extract/gentiana lutea root extract, geraniol, glyceryl caprylate, hydroxyethylpiperazine ethane sulfonic acid, limonene, linalool, nylon-12, peg/ppg-18/18 dimethicone, phenoxyethanol, salicylic acid, sodium anisate, sodium hydroxide, sodium levulinate, sodium methylparaben, tocopheryl acetate, xanthan gum, parfum (FIL B46866/1)., 12 mois après ouverture.]|"
244,20€ / L"|"
12,21 €"
2230|Soin miracle yeux, anti-âge transformateur de peau, illumine, lisse et corrige les cernes.|Le tube de 15ml|[Origine : FRANCE, Réveille et illumine le regard. Lisse le contour de l'oeil. Réduit les signes de fatigue du matin jusqu'au soir. Réduit visiblement les signes de l'âge : rides, ridules et relâchement. Tonifie et redensifie le contour de l'oeil., 6 mois après ouverture.]|"
982,00€ / L"|"
14,73 €"
2231|Crème pour le visage 24h soin intensif lissant.|Le pot de 50ml|[Origine : ALLEMAGNE, Cette gamme de cosmétiques naturels certifiés active et soutient la régénération de la peau. Particulièrement doux, son effet complet se voit. La combinaison de principes actifs naturels à base de drosophile du Portugal convient comme un soin de jourou de nuit. Elle protège la peau du vieillissement dû à la lumière et des radicaux libres. Le soin intensif lissant hydrate durablement et parfume délicatement. L'efficacité et la tolérance Kneipp Régénération ont été démontrées dans le cadre d'études dermatologiques réalisées par des instituts de test indépendants., Aqua (water), prunus amygdalus dulcis (sweet almond) oil, glycerin, simmondsia chinensis (jojoba) seed oil, butyrospermum parkii (shea butter), glyceryl stearate citrate, tocopheryl acetate, candelilla cera, cetearyl alcohol, persea gratissima 'avocado) oil, olea europaea (olive) fruit oil, brassica campestris (rapeseed) sterols, alchemilla vulgaris extract, citrus aurantium bergamia (bergamot fruit oil, citrus limon peel oil, juniperus virginiana oil, mentha viridis (spearmint) leaf oil, pelargonium graveolens flower oil, pogostemon cablin oil, limonene, linalool, benzyl salicylate, citral, citronellol, p-anisic acid, parfum (fragrance), helianthus annuus (sunflower) seed oil, glyceryl caprylate, dextrin, isoamyl laurate, myristyl myristate, xanthan gum, maltodextrin, citric acid, tocopherol., 3 mois après ouverture.]|"
303,80€ / L"|"
15,19 €"
2232|Sublimist Soin Jour Correcteur Peau Parfaite|Le pot de 50ml|[Origine : FRANCE, Le 1er soin hydratant correcteur qui améliore visiblement la qualité de la peau. Il contient de la perline-p association de 3 actifs perfecteurs pour optimiser la qualité de la peau en surface., Age recommandé : 25-35 ans. Appliquez le matin sur le visage et le cou., 12 mois après ouverture.]|"
303,80€ / L"|"
15,19 €"
2233|Super Sérum Correcteur Peau Parfaite|Le flacon de 30ml|[Origine : FRANCE, Le 1er super sérum correcteur qui améliore visiblement la qualité de la peau : pores, grain de peau, teint. Il associe le LR2412 : actif correcteur puissant issu de 10 ans de recherche l'Oréal et la Perline-P : complexe d'actifs perfecteurs pour optimiser la qualité de la peau., Age recommandé : 25-35 ans. Utilisez le matin et le soin. Appliquez quelques gouttes et massez le visage du  bout des doigts., 12 mois après ouverture.]|"
498,00€ / L"|"
14,94 €"
2234|Triple Active Jour Peaux Normales à Mixtes|Le tube de 50ml|[Origine : FRANCE, Hydrate durablement, protège et illumine. Dès l'application, le filtre aide à protéger la peau des rayons UV. Elle est parfaitement et durablement hydratée. Elle retrouve confort et luminosité., Matin et soir sur une peau parfaitement nettoyée., Aqua/water, cyclohexasiloxane, glycerin, isohexadecane, sorbitan stearate, methyl gluceth-20, ethylhexyl methoxycinnamate, stearyl alcohol, tocopheryl acetate, sucrose cocoate, polyacrylamide, titanium dioxide, C13-14 isoparaffin, carbomer, capryloylsalicylic acid, panthenol, sodium hydroxide, laureth-7, aluminum hydroxide, 2-oleamido-1,3-octadecanediol, stearic acid, methylparaben, dmdm hydantoin, disodium edta, parfum/fragrance, limonene, alpha-isomethyl ionone, linalool, benzyl benzoate, hydroxycitronellal, hydroxyisohexyl 3-cyclohexene carboxaldehyde, butylphenyl methylpropional, benzyl salicylate, citral, eugenol, geraniol (FIL B8992/1)., 12 mois après ouverture.]|"
116,40€ / L"|"
5,82 €"
2235|Triple Active Jour Peaux Sèches et Sensibles|Le tube de 50ml|[Origine : FRANCE, Hydrate durablement, protège et illumine. Dès l'application, le filtre aide à protéger la peau des rayons UV. Elle est parfaitement et durablement hydratée. Elle retrouve confort et luminosité., Matin et soir sur une peau parfaitement nettoyée., Aqua/water, helianthus annuus/sunflower seed oil, glycerin, isohexadecane, cyclohexasiloxane, sorbitan stearate, methyl gluceth-20, shorea robusta/shorea robusta seed butter, ethylhexyl methoxycinnamate, stearyl alcohol, tocopheryl acetate, sucrose cocoate, polyacrylamide, rosa canina/rosa canina fruit oil, titanium dioxide, C13-14 isoparaffin, carbomer, ribes nigrum/black currant seed oil, capryloyl salicylic acid, panthenol, sodium hydroxide, laureth-7, aluminum hydroxide, 2-oleamido-1,3-octadecanediol, stearic acid, methylparaben, dmdm hydantoin, disodium edta, parfum/fragrance, limonene, alpha-isomethyl ionone, linalool, benzyl benzoate, hydroxycitronellal, hydroxyisohexyl 3-cyclohexene carboxaldehyde, butylphenyl methylpropional, benzyl salicylate, citral, eugenol, geraniol. (FIL B8993/1)., 12 mois après ouverture.]|"
116,40€ / L"|"
5,82 €"
2236|Baume de nuit régénérant à l'huile d'argan, cosmétique bio|La boîte de 30ml|[Origine : FRANCE, L'Huile d'Argan est utilisée depuis des siècles au Maroc pour ses propriétés nourrissantes, régénérantes et anti-âge. Ce nectar précieux et rare de couleur miel est gorgé d'acides gras essentiels riche en Oméga-3, Oméga-6 et en tocophérols (vitamineE), antioxydants recommandés pour aider à lutter contre les signes de vieillissement et de relâchement prématurés de la peau. Le baume Le Petit Olivier associe les propriétés régénérantes de l'huile d'Argan à celles très nourrissantes de la cire naturelle d'Abeille et aux vertus adoucissantes du beurre de Karité. Votre peau est ressourcée et protégée des agressions quotidiennes., Appliquer une petite noisette le soir sur le visage et faire pénétrer par de légers massages.  Ne pas avaler., Argania spinosa kernel oil*, octyldodecanol, butyrospermum parkii (shea) butter*, cera alba (beeswax), hydrogenated vegetable oil, parfum (fragrance), limonene, linalool, geraniol, citral, farnesol, citronellol. *ingrédients issus de l'agriculture biologique. Sans paraben, sans phenoxyethanol, sans silicone, sans parfum de synthèse, sans matière première issue d'OGM. 100% du total des ingrédients sont d'origine naturelle. 60% du total des ingrédients sont issus de l'agriculture biologique., Conserver à l'abri de la chaleur et de la lumière. A utiliser dans les 18 mois après ouverture.]|"
408,33€ / L"|"
12,25 €"
2237|Baume de nuit régénérant à l'huile d'argan, cosmétique bio|La boîte de 30ml|[Origine : FRANCE, L'Huile d'Argan est utilisée depuis des siècles au Maroc pour ses propriétés nourrissantes, régénérantes et anti-âge. Ce nectar précieux et rare de couleur miel est gorgé d'acides gras essentiels riche en Oméga-3, Oméga-6 et en tocophérols (vitamineE), antioxydants recommandés pour aider à lutter contre les signes de vieillissement et de relâchement prématurés de la peau. Le baume Le Petit Olivier associe les propriétés régénérantes de l'huile d'Argan à celles très nourrissantes de la cire naturelle d'Abeille et aux vertus adoucissantes du beurre de Karité. Votre peau est ressourcée et protégée des agressions quotidiennes., Appliquer une petite noisette le soir sur le visage et faire pénétrer par de légers massages.  Ne pas avaler., Argania spinosa kernel oil*, octyldodecanol, butyrospermum parkii (shea) butter*, cera alba (beeswax), hydrogenated vegetable oil, parfum (fragrance), limonene, linalool, geraniol, citral, farnesol, citronellol. *ingrédients issus de l'agriculture biologique. Sans paraben, sans phenoxyethanol, sans silicone, sans parfum de synthèse, sans matière première issue d'OGM. 100% du total des ingrédients sont d'origine naturelle. 60% du total des ingrédients sont issus de l'agriculture biologique., Conserver à l'abri de la chaleur et de la lumière. A utiliser dans les 18 mois après ouverture.]|"
408,33€ / L"|"
12,25 €"
2238|Crème de jour défense naturelle à l'huile d'argan, cosmétique bio|Le tube de 40ml|[Origine : FRANCE, L'Huile d'Argan est utilisée depuis des siècles au Maroc pour ses propriétés nourrissantes, régénérantes et anti-âge. Ce nectar précieux et rare de couleur miel est gorgé d'acides gras essentiels riche en Oméga-3, Oméga-6 et en tocophérols (vitamineE), antioxydants recommandés pour aider à lutter contre les signes de vieillissement et de relâchement prématurés de la peau. La Crème de Jour Le Petit Olivier est un concentré d'ingrédients d'origine naturelle offrant à la peau une hydratation longue durée. De texture légère, ce soin contribue à mieux protéger la peau., Appliquer le matin sur le visage et faire pénétrer par de légers massages.  Ne pas avaler. Eviter le contact avec les yeux., Aqua (water), anthemis nobilis flower water*, argania spinosa kernel oil*, glycerin, butyrospermum parkii (shea) butter*, C12-16 alcohols, decyl oleate, dicaprylyl ether, olea europaea (olive) fruit oil*, macadamia ternifolia seed oil*, tocopheryl acetate, benzyl alcohol, hydrogenated lecithin, palmitic acid, parfum (fragrance), cyathea cumingii leaf extract, xanthan gum, dehydroacetic acid, potassium sorbate, glyceryl caprylate, cinnamic acid, levulinic acid, sodium levulinate, limonene, linalool, geraniol, citral. *ingrédients issus de l'agriculture biologique. 98% du total des ingrédients sont d'origine naturelle. 19% du total des ingrédients sont issus de l'Agriculture Biologique. Sans paraben, sans phenoxyethanol, sans silicone, sans parfum de synthèse, sans matière première issue d'OGM, sans matière animale., Conserver à l'abri de la chaleur et de la lumière. A utiliser dans le 12 mois après ouverture.]|"
305,25€ / L"|"
12,21 €"
2239|Crème de jour défense naturelle à l'huile d'argan, cosmétique bio|Le tube de 40ml|[Origine : FRANCE, L'Huile d'Argan est utilisée depuis des siècles au Maroc pour ses propriétés nourrissantes, régénérantes et anti-âge. Ce nectar précieux et rare de couleur miel est gorgé d'acides gras essentiels riche en Oméga-3, Oméga-6 et en tocophérols (vitamineE), antioxydants recommandés pour aider à lutter contre les signes de vieillissement et de relâchement prématurés de la peau. La Crème de Jour Le Petit Olivier est un concentré d'ingrédients d'origine naturelle offrant à la peau une hydratation longue durée. De texture légère, ce soin contribue à mieux protéger la peau., Appliquer le matin sur le visage et faire pénétrer par de légers massages.  Ne pas avaler. Eviter le contact avec les yeux., Aqua (water), anthemis nobilis flower water*, argania spinosa kernel oil*, glycerin, butyrospermum parkii (shea) butter*, C12-16 alcohols, decyl oleate, dicaprylyl ether, olea europaea (olive) fruit oil*, macadamia ternifolia seed oil*, tocopheryl acetate, benzyl alcohol, hydrogenated lecithin, palmitic acid, parfum (fragrance), cyathea cumingii leaf extract, xanthan gum, dehydroacetic acid, potassium sorbate, glyceryl caprylate, cinnamic acid, levulinic acid, sodium levulinate, limonene, linalool, geraniol, citral. *ingrédients issus de l'agriculture biologique. 98% du total des ingrédients sont d'origine naturelle. 19% du total des ingrédients sont issus de l'Agriculture Biologique. Sans paraben, sans phenoxyethanol, sans silicone, sans parfum de synthèse, sans matière première issue d'OGM, sans matière animale., Conserver à l'abri de la chaleur et de la lumière. A utiliser dans le 12 mois après ouverture.]|"
305,25€ / L"|"
12,21 €"
2240|Crème jour et nuit anti-âge, cosmétique Bio|Le tube de 40ml|[Origine : FRANCE, La crème de jour et Nuit anti-âge Le Petit Olivier est un concentré d'ingrédients d'origine naturel associé aux vertus anti-oxydantes de l'huile d'Argan., Appliquer le matin et le soir sur la peau propre et sèche de votre visage et faire pénétrer par de légers massages. Ne pas avaler., Aqua, Argania Spinosa Kernel Oil*, Hydrogenated coconut Oil, Lavendula Angustifolia (Lavender) Flower Water*, Caprilic/Capric Triglycerid, Glycerin, Cetearyl Alcohol, Heliantus Anuus Sunflower Seed Oil*, Dicaprylyl Carbonate, Cetearyl Glucoside, Glyceryl Stearate Citrate, Hydrolyzed Hibiscus Esculentus Extract, Rosa Rubiginosa Seed Oil*, Quercus Robur Bark Extract*, Cyathea Cumingii Leaf Extract, Tocopheryl Acetate, Dextrine, Parfum (Fragrance), Alcohol, Cinnamic Acid, Glyceryl Caprylate, Levulinic Acid, Xanthan Gum, Tocopherol, Sodium Levulinate, Dehydroactic Acid, Potassium Sorbate, Benzyl Alcohol, Linalool, Limonene, Citral, Geraniol. * ingrédients issus de l'agriculture biologique. Sans paraben, sans phenoxyethanol, sans silicone, sansparfum de synthèse, sans matières premières issues d'OGM, sans matières animales., Conserver  à l'abri de la chaleur et de la lumière.]|"
328,25€ / L"|"
13,13 €"
2241|Crème jour et nuit anti-âge, cosmétique Bio|Le tube de 40ml|[Origine : FRANCE, La crème de jour et Nuit anti-âge Le Petit Olivier est un concentré d'ingrédients d'origine naturel associé aux vertus anti-oxydantes de l'huile d'Argan., Appliquer le matin et le soir sur la peau propre et sèche de votre visage et faire pénétrer par de légers massages. Ne pas avaler., Aqua, Argania Spinosa Kernel Oil*, Hydrogenated coconut Oil, Lavendula Angustifolia (Lavender) Flower Water*, Caprilic/Capric Triglycerid, Glycerin, Cetearyl Alcohol, Heliantus Anuus Sunflower Seed Oil*, Dicaprylyl Carbonate, Cetearyl Glucoside, Glyceryl Stearate Citrate, Hydrolyzed Hibiscus Esculentus Extract, Rosa Rubiginosa Seed Oil*, Quercus Robur Bark Extract*, Cyathea Cumingii Leaf Extract, Tocopheryl Acetate, Dextrine, Parfum (Fragrance), Alcohol, Cinnamic Acid, Glyceryl Caprylate, Levulinic Acid, Xanthan Gum, Tocopherol, Sodium Levulinate, Dehydroactic Acid, Potassium Sorbate, Benzyl Alcohol, Linalool, Limonene, Citral, Geraniol. * ingrédients issus de l'agriculture biologique. Sans paraben, sans phenoxyethanol, sans silicone, sansparfum de synthèse, sans matières premières issues d'OGM, sans matières animales., Conserver  à l'abri de la chaleur et de la lumière.]|"
328,25€ / L"|"
13,13 €"
2242|Crème nutritive à l'huile d'onagre, peaux sensibles et sèches, non comédogène.|Le tube de 50ml|[Origine : FRANCE, Spécialement développé pour les peaux sensibles à très sèches. Formule non comédogène, sans paraben, hypoallergénique. Un concentré de nutrition  pour une peau plus forte et moins sensible aux agressions. Crème Nutritive à l'huile d'onagre, formule composée de 5% Glycérine et d'Huile d'Onagre. Ce soin pénètre sans laisser de film gras en surface et apporte à la peau la nutrition nécessaire pour apaiser immédiatement les tiraillements et réparer sa barrière protectrice., Appliquer sur le visage., Aqua / water, paraffinum liquidum / mineral oil, dimethicone, glycerin, bis-peg-18 methyl ether dimethyl silane, synthetic wax, ethylhexyl palmitate, butyrospermum parkii butter / shea butter, glyceryl stearate, behenyl alcohol , aluminum starch octenylsuccinate , hexyldecanol , hexyldecyl laurate , cera microcristallina / microcrystalline wax, niacinamide, acrylates copolymer, ammonium polyacryldimethyltauramide / ammonium polyacryloyldimethyl taurate, caprylyl glycol, dimethiconol, disodium edta, disodium ethylene dicocamide peg-15 disulfate , glyceryl stearate citrate, myristyl malate phosphoric acid, oenothera biennis oil / evening primrose oil, paraffin, phenoxyethanol , tocopherol, xanthan gum, parfum / fragrance. Sans paraben., 12 mois après ouverture.]|"
211,20€ / L"|"
10,56 €"
2243|Crème nutritive riche à l'huile d'onagre|Le pot de 50ml|[Origine : FRANCE]|"
205,00€ / L"|"
10,25 €"
2244|Crème visage, peaux réactives|Le tube de 100ml|[Origine : FRANCE]|"
60,70€ / L"|"
6,07 €"
2245|Crème visage des peaux sensibles, huile d'amande douce + Vitamine E, hydrate 24h, apaise les tiraillements, pour toute la famille.|Le tube de 100ml|[Origine : FRANCE, Action hydratante et apaisante : formulée avec de l'huile d'amande douce, elle nourrit intensément lépiderme et assure à votre peau une hydratation 24h.Enrichie en vitamine E, elle apaise les rougeurs, calme les tiraillements et renforce les défenses naturelles de la peau. Tolérance optimale : certifié hypoallergénique, testé sous contrôle médical sur peaux sensibles, ce soin a été formulé pour minimiser les risques dallergie. Résultats : intensément hydratées, les peaux sensibles sont apaisées et protégées tout au long de la journée., Idéale pour toute la famille : destinée à toutes les peaux sensibles, elle est parfaite pour votre peau et idéale pour la peau des enfants, naturellement délicate, et pour la peau des hommes, agressée et fragilisée quotidiennement par le rasage., Aqua/water, cyclohexasiloxane, cetyl alcohol, glycerin, prunus amygdalus dulcis oil/sweet almond oil, glyceryl stearate, paraffinum liquidum/mineral oil, butyrospermum parkii butter/shea butter, peg-40 stearate, sorbitan tristearate, tocopherol, chlorhexidine digluconate, parfum/fragrance. (F.I.L. B47147/3). Sans paraben, sans colorant., 12 mois après ouverture.]|"
52,50€ / L"|"
5,25 €"
2246|Soin de jour hydratant protecteur, action apaisante à l'Aloe Vera, peaux sensibles, normales et mixtes|Le flacon de 50ml|[Origine : FRANCE, Réhydratation continue : enrichie en extrait d'avoine, la formule aide vote peau à optimiser son irrigation. L'eau, mieux retenue, se diffuse plus facilement et en continue.La peau est intensément hydratée et apaisée tout au long de la journée. Action équilibrante : enrichie en cuivre, oligo-élément connu pour ses propriétés détoxifiantes et régulatrices de sébum, la formule équilibre durablement les zones grasses sans dessécher les zones sèche. Résultats : intensément réhydratée et équilibrée,votre peau est plus belle, plus souple et éclatante pour longtemps., Appliquez le matin sur le visage et le cou soigneusement nettoyés avec les produits démaquillants Mixa. Faites pénétrer la crème par des massages circulaires du bas vers le haut. Excellente base de maquillage., Aqua/water, glycerin, cyclohexasiloxane, alcohol denat., hydrogenated polyisobutene, ammonium polyacryldimethyl tauramide/ammonium polyacryloyldimethyl taurate, silica, myristyl myristate, allantoin, aloe barbadensis/aloe barbadensis leaf juice, avena sativa flour/oat kernel flour, citric acid, copper pca, glyceryl stearate se, phenoxyethanol, potassium cetyl phosphate, sodium benzoate, sodium hydroxide, stearic acid, tocopheryl acetate, parfum/fragrance. (F.I.L B34569/1). Sans paraben., 12 mois après ouverture.]|"
102,60€ / L"|"
5,13 €"
2247|Soin de jour nutritif protecteur, action apaisante au lotus, peaux sensibles et sèches|La boîte de 50ml|[Origine : FRANCE, Réhydratation continue : enrichie en extrait d'avoine, la formule aide vote peau à optimiser son irrigation. L'eau, mieux retenue, se diffuse plus facilement et en continue.La peau est intensément hydratée et apaisée tout au long de la journée. Action anti-dessèchement : enrichie en karité, aux propriétés nutritives reconnues, la formule apaise immédiatement des tiraillements, nourrit durablement la peau et la protège des agressions et du dessèchement., Appliquez le matin sur le visage et le cou soigneusement nettoyés avec les produits démaquillants Mixa. Faites pénétrer la crème par des massages circulaires du bas vers le haut. Excellente base de maquillage., Aqua/water, glycerin, paraffinum liquidum/mineral oil, cyclohexasiloxane, butyrospermum parkii butter/shea butter, glyceryl stearate se, polyglyceryl-3 methylglucose distearate, stearyl alcohol, allantoin, aluminum starch octenylsuccinate, avena sativaflour/oat kernel flour, carbomer, citric acid, phenoxyethanol, sodium benzoate, sodium hydroxide, stearic acid, tocopheryl acetate, xanthan gum, parfum/fragrance. (F.I.L. B34465/1). Sans paraben., 12 mois après ouverture.]|"
102,80€ / L"|"
5,14 €"
2248|Soin hydratant protecteur, peaux sensibles normales à mixtes, thé vert antioxydant + raisin, cosmébio|Le tube de 50ml|[Origine : FRANCE, Intensément hydratée et durablement protégée, votre peau est apaisée. Elle est naturellement fraîche et souple. Texture non grasse, non collante.Le thé vert bio connu pour ses propriétés antioxydantes, pour vitaliser le peau et la protéger des agressions extérieures. Enrichie en raisin bio, sa formule hydrate les peaux sensibles normales à mixtes et les aide à retrouver leur équilibre naturel., Appliquez le matin sur le visage et le cou, soigneusement nettoyés avec les produits démaquillants Mixa. Faites pénétrer la crème par des massages circulaires du bas vers le haut., Aqua/water, glycerin, caprylic/capric triglyceride, prunus armeniaca kernel oil*/apricot kernel oil, butyrospermum parkii butter/shea butter*, dicaprylyl ether, dicaprylyl carbonate, myristyl alcohol, cetearyl alcohol, zea mays starch/corn starch, stearyl alcohol, aloe barbadensis/aloe barbadensis leaf juice*, benzyl alcohol, camellia sinensis extract/camellia sinensis leaf extract*, cetearyl glucoside, glyceryl stearate citrate, limonene, linalool, myristyl glucoside, potassium sorbate, salicylic acid, sodium benzoate, sodium phytate, tocopherol, vitis vinifera extract/grape fruit extract*, xanthan gum, parfum/fragrance. (FIL B36749/1). Sans paraben. *ingrédients issus de l'agriculture biologique. 99% du total des ingrédients sont d'origine naturelle, 14% du total des ingrédients sont issus de l'agriculture biologique., 12 mois après ouverture.]|"
157,80€ / L"|"
7,89 €"
2249|Soin hydratant protecteur, peaux sensibles normales à mixtes, thé vert antioxydant + raisin, cosmébio|Le tube de 50ml|[Origine : FRANCE, Intensément hydratée et durablement protégée, votre peau est apaisée. Elle est naturellement fraîche et souple. Texture non grasse, non collante.Le thé vert bio connu pour ses propriétés antioxydantes, pour vitaliser le peau et la protéger des agressions extérieures. Enrichie en raisin bio, sa formule hydrate les peaux sensibles normales à mixtes et les aide à retrouver leur équilibre naturel., Appliquez le matin sur le visage et le cou, soigneusement nettoyés avec les produits démaquillants Mixa. Faites pénétrer la crème par des massages circulaires du bas vers le haut., Aqua/water, glycerin, caprylic/capric triglyceride, prunus armeniaca kernel oil*/apricot kernel oil, butyrospermum parkii butter/shea butter*, dicaprylyl ether, dicaprylyl carbonate, myristyl alcohol, cetearyl alcohol, zea mays starch/corn starch, stearyl alcohol, aloe barbadensis/aloe barbadensis leaf juice*, benzyl alcohol, camellia sinensis extract/camellia sinensis leaf extract*, cetearyl glucoside, glyceryl stearate citrate, limonene, linalool, myristyl glucoside, potassium sorbate, salicylic acid, sodium benzoate, sodium phytate, tocopherol, vitis vinifera extract/grape fruit extract*, xanthan gum, parfum/fragrance. (FIL B36749/1). Sans paraben. *ingrédients issus de l'agriculture biologique. 99% du total des ingrédients sont d'origine naturelle, 14% du total des ingrédients sont issus de l'agriculture biologique., 12 mois après ouverture.]|"
157,80€ / L"|"
7,89 €"
2250|Soin réhydratant anti-rougeurs, fleur d'arnica + cold cream      Peaux sensibles et réactives|Le tube de 50ml|[Origine : FRANCE, Une triple efficacité anti-rougeurs pour apaiser, corriger et unifier visiblement le teint au quotidien. Résultats : immédiatement : la peau est apaisée et hydratée. Les sensations d'échauffements sont atténuées, le teint est uniformisé. Jour après jour : votre peau devient moins réactive. Les rougeurs sont atténuées. Elle retrouve souplesse et confort., Aqua/water, isononyl isononanoate, glycerin, octocrylene, niacinamide, dimethicone, ethylhexyl salicylate, diisopropyl sebacate, sucrose tristearate, butyl methoxydibenzoylmethane, ammonium polyacryldimethyltauramide/ammonium polyacryloyldimethyl taurate, methylsilanol/silicate crosspolymer, drometrizole trisiloxane, ascorbyl glucoside, polysorbate 61, arnica montana flower extract, butyrospermum parkii butter/shea butter, caffeine, caprylyl glycol, cera alba/beeswax, cetyl palmitate, Cl 19140/yellow 5, Cl 42090/blue 1, citric acid, cupressus sempervirens seed extract, dimethiconol, disodium edta, peg-12 dimethicone, phenoxyethanol, polygonatum multiflorum rhizome/root extract, sodium citrate, sodium hydroxide, sodium stearoyl glutamate, xanthan gum, parfum/fragrance (FIL B55526/1). Sans paraben. Non comédogène., 12 mois après ouverture.]|"
186,40€ / L"|"
9,32 €"
2251|Soin réhydratant apaisant peaux très sensibles et réactives|Le tube de 50ml|[Origine : FRANCE]|"
106,00€ / L"|"
5,30 €"
2252|Concentré correcteur anti-taches, soja, peaux matures. Corrige visiblement les taches dues à l'âge en 4 semaines.|Le tube de 40ml|[Origine : FRANCE, Corrige visiblement les taches dues au vieillissement et les irrégularités du teint en 4 semaines. Unifie et illumine le teint. Raffermit la peau. Réduit les rides et ridules. Hydrate et nourrit., Appliquez quotidiennement en massant délicatement après avoir nettoyé préalablement votre visage. Convient également à une utilisation ciblée sur les taches brunes pour les zones du visage, du décolleté et des mains. S'applique avant le soin de jourou de nuit. Evitez la zone du contour de l'oeil. Ne pas utiliser sur une peau présentant des lésions., Aqua, glycerin, cetearyl alcohol, distarch phosphate, dimethicone, glyceryl stearate citrate, methylpropanediol, glyceryl stearate, glycine soja germ extract, 4-butyl resorcinol, caprylic/capric triglyceride, xanthan gum, ammonium acryloyldimethyltaurate/vp copolymer, sodium carbomer, diethylhexyl syringylidenemalonate, trisodium edta, ethylhexylglycerin, phenoxyethanol, linalool, citronellol, benzyl benzoate, eugenol, coumarin, parfum., 12 mois après ouverture.]|"
404,00€ / L"|"
16,16 €"
2253|Crème, tous types de peaux|La boîte de 150ml|[Origine : FRANCE]|"
17,87€ / L"|"
2,68 €"
2254|Crème de soin hydratation intense, huile de jojoba et vitamine E|Le tube de 75ml|[Origine : FRANCE, Nivea Soft est une crème hydratante à utiliser tous les jours sur le corps, le visage & les mains. Sa formule légère : huile de Jojoba & vitamine E, pénètre rapidement & hydrate intensément.Découvrez cette sensation de fraîcheur qui laisse votre peaudouce, souple et satinée., Aqua, paraffinum liquidum, myristyl alcohol, glycerin, butylene glycol, alcohol denat., stearic acid, myristyl myristate, cera microcristallina, glyceryl stearate, hydrogenated coco-glycerides, dimethicone, simmondsia chinensis, tocopheryl acetate, lanolin alcohol (Eucerit ®), polyglyceryl-2 caprate, dimethicone, sodium carbomer, phenoxyethanol, linalool, butylphenyl methylpropional limonene, benzyl salicylate, benzyl, alcohol, parfum., 12 mois après ouverture.]|"
31,33€ / L"|"
2,35 €"
2255|Crème protectrice anti-âge visage, haute 30, prévention des rides dues au soleil|Le tube de 50ml|[Origine : FRANCE, Haute protection pour peaux claires. Cette crème visage Nivea Sun possède un système équilibré de filtres UVA/UVB et des actifs anti-oxydants qui protègent immédiatement votre peau des coups de soleil et du vieillissement prématuré. Sa formule prévient la formation des ridules et rides plus profondes dues au soleil. Sa texture non grasse laisse votre peau souple et veloutée., Choisissez un facteur de protection solaire adapté à votre peau. Appliquez généreusement avant l'exposition. Renouvelez fréquemment et après vous être baigné et essuyé. Evitez l'exposition entre 11h et 16h. N'exposez pas les bébés et jeunes enfants au soleil. Utilisez une protection vestimentaire et appliquez une protection solaire sur les zones exposées., Aqua, octocrylene, butyl methoxydibenzoylmethane, glycerin, C12-15 alkyl benzoate, alcohol denat, hydrogenated coco-glycerides, titanium dioxide, butylene glycol, dicaprylate/dicaprate, dimethicone, glyceryl stearate citrate, stearyl alcohol, dicaprylyl ether, cetyl alcohol, bis-ethylhexyloxyphenol methoxyphenyl triazine, diethylhexyl butamido triazone, ethylhexyl methoxycinnamate, tocopheryl acétate, glucosylrutin, isoquercitrin, xanthan gum, citric acid, trisodium edta, sodium citrate, phenoxyethanol, ethylhexyl glycerin, methylparaben, ethylparaben, propylparaben, limonene, linalool, benzyl benzoate, hydroxyisohexyl 3-cyclohexene carboxaldehyde, hexyl cinnamal, benzyl salicylate, eugenol, butylphenyl methylpropional, alpha-isomethyl ionone, citronellol, coumarin, parfum., A utiliser dans les 12 mois après ouverture.]|"
240,80€ / L"|"
12,04 €"
2256|Roll-on contour des yeux, anti-cernes, anti-poches, bille massante,caféine, provitamine B5.|Le Roll-on de 15ml|[Origine : SUISSE, Le roll-on contour des yeux Monoprix diminue significativement les poches et les cernes. Sa bille massante favorise le drainage et vous procure un effet frais immédiat. Le contour de vos yeux est décongestionnée, les signes de stress et de fatigue sont effacés. Formulée sans parfum et enrichie en caféine, sa formule non collante pénètre rapidement., Appliquez matin et soir sur le contour de l'oeil en faisant de petits mouvements circulaires. Le produit sort automatiquement. Si besoin vous pouvez masser du bout des doigts afin de faire pénétrer le soin plus rapidement. Le roll-on contour des yeuxMonoprix est une excellente base de maquillage., Aqua, propylene glycol, butylene glycol, panthenol, glycerin, escin, ruscus aculeatus root extract, ammonium glycyrrhizate, centella asiatic extract, hydrolyzed yeast protein, calendula officinalis flower extract, biosaccharide gum-1, caffeine, acrylates/C10-30 alkyl acrylate crosspolymer, triethanolamine, disodium edta, cetrimonium bromide, phenoxyethanol, ethylhexylglycerin., 6 mois après ouverture.]|"
480,00€ / L"|"
7,20 €"
2257|Soin contour des yeux à l'huile d'argan et aloé vera|Le tube de 15ml|[Origine : FRANCE, La gamme de soin visage Monoprix Bio ! a été spécialement conçue pour s'adapter à tous tes types de peaux. A l'huile d'Argan, ce soin hydrate lecon tour des yeux. Enrichi en cire de blé noir reconnue pour ses propriétés stimulantes et en extrait de fougère pour ses vertus régénérantes, ce soin contour des yeux, certifié par Ecocert, a été formulé pour respecter cette zone sensible., Appliquer matin et soir sur le contour des yeux en tapotant légèrement et faire pénétrer par de légers massages., Aqua, aloe barbadensis gel*, isopropyl palmitate, caprylic/capric triglyceride, glycerin, butyrospermum parkii*, polyglyceryl-3 methylglucose distearate, argania spinosa oil*, brassica campestris seed oil*, cetyl babassuate, glyceryl stearate citrate, oryza sativa hull powder, stearyl alcohol, benzyl alcohol, cyathea cumingii leaf extract, polygonum fagopyrum, tocopherol, helianthus annuus seed oil, hydrogenated vegetable oil, glyceryl caprylate, parfum, xanthan gum, phytic acid, sodium hydroxide, cinnamic acid, levulinic acid, sodium levulinate. *ingrédients issus de l'agriculture biologique. 98,8% du total des ingrédients sont d'origine naturelle. 30% du total des ingrédients sont issus de l'agriculture biologique., A utiliser de préférence dans les 3 mois après ouverture.]|"
420,67€ / L"|"
6,31 €"
2258|Soin contour des yeux à l'huile d'argan et aloé vera|Le tube de 15ml|[Origine : FRANCE, La gamme de soin visage Monoprix Bio ! a été spécialement conçue pour s'adapter à tous tes types de peaux. A l'huile d'Argan, ce soin hydrate lecon tour des yeux. Enrichi en cire de blé noir reconnue pour ses propriétés stimulantes et en extrait de fougère pour ses vertus régénérantes, ce soin contour des yeux, certifié par Ecocert, a été formulé pour respecter cette zone sensible., Appliquer matin et soir sur le contour des yeux en tapotant légèrement et faire pénétrer par de légers massages., Aqua, aloe barbadensis gel*, isopropyl palmitate, caprylic/capric triglyceride, glycerin, butyrospermum parkii*, polyglyceryl-3 methylglucose distearate, argania spinosa oil*, brassica campestris seed oil*, cetyl babassuate, glyceryl stearate citrate, oryza sativa hull powder, stearyl alcohol, benzyl alcohol, cyathea cumingii leaf extract, polygonum fagopyrum, tocopherol, helianthus annuus seed oil, hydrogenated vegetable oil, glyceryl caprylate, parfum, xanthan gum, phytic acid, sodium hydroxide, cinnamic acid, levulinic acid, sodium levulinate. *ingrédients issus de l'agriculture biologique. 98,8% du total des ingrédients sont d'origine naturelle. 30% du total des ingrédients sont issus de l'agriculture biologique., A utiliser de préférence dans les 3 mois après ouverture.]|"
420,67€ / L"|"
6,31 €"
2259|Caféine roll-on yeux, anti-poches, anti-cernes, bille massante, effet frais immédiat|Le tube de 15ml|[Origine : FRANCE, Un test sous contrôle dermatologique a démontré que l'utilisation quotidienne de Garnier Caféine Roll-on yeux permet de diminuer visiblement les cernes et le volume des poches.Efficacité démontrée : effet frais immédiat., Appliquez le roll-on sur le contour de l'oeil, avec de légers mouvements circulaires. Le produit sort automatiquement. Si besoin, pour finir, favorisez la pénétration du produit à la main., Aqua/water, butylene glycol, glycerin, aluminium hydroxide, biosaccharide gum-1, C13-14 isoparaffin, caffeine, caprylyl glycol, citric acid, escin, guanosine, hydroxyproline, laureth-7, mica, panthenol, phenoxyethanol, polyacrylamide, sodium hyaluronate, vitis vinifera extract/grape fruit extract, xanthan gum. (F.I.L. B34485/1)., 6 mois après ouverture.]|"
788,67€ / L"|"
11,83 €"
2260|Sublimist Soin Yeux Correcteur Regard Parfait|Le tube de 15ml|[Origine : FRANCE, Corrige les cernes et les signes de fatigue. Illumine le contour de l'oeil pour un regard plus frais et plus reposé. Le 1er soin yeux anti-cernes regard parfait enrichi en caféine décongestionnante et en vitamine CG éclaircissante pour corriger, défatiguer et illuminer le contour de l'oeil., Age recommandé : 25-35 ans. Appliquez matin et soir sur le contour de l'oeil., 6 mois après ouverture.]|"
985,33€ / L"|"
14,78 €"
2261|Eau à la rose, roses de Damas|Le spray de 200ml|[Origine : FRANCE, Appliquer après la toilette en brumisation ou à l'aide d'un coton sur le visage et le cou. Ne pas rincer., Rosa damascena flower distillate*, benzyl alcohol, sodium benzoate, citric acid, citronellol, geraniol. *ingrédient issus de l'agriculture biologique., Conserver à température ambiante. A utiliser de préférence dans les 3 mois après ouverture.]|"
35,10€ / L"|"
7,02 €"
2262|Eau à la rose, roses de Damas|Le spray de 200ml|[Origine : FRANCE, Appliquer après la toilette en brumisation ou à l'aide d'un coton sur le visage et le cou. Ne pas rincer., Rosa damascena flower distillate*, benzyl alcohol, sodium benzoate, citric acid, citronellol, geraniol. *ingrédient issus de l'agriculture biologique., Conserver à température ambiante. A utiliser de préférence dans les 3 mois après ouverture.]|"
35,10€ / L"|"
7,02 €"
2263|Huile d'amande douce visage corps & cheveux, adoucit & nourrit.|Le Spray de 50ml|[Origine : FRANCE, Cette huile Monoprix Bio naturellement riche en vitamines A et E, reconnue pour ses vertus adoucissantes et nourrissantes, assouplit la peau., Appliquer une noisette sur le visage, le corps ou les cheveux du bout des doigts. Peut être utilisée dans le bain., Prunus amygdalus dulcis oil*. *Ingrédient issu de l'agriculture biologique., 6 mois après ouverture.]|"
87,60€ / L"|"
4,38 €"
2264|Huile d'amande douce visage corps & cheveux, adoucit & nourrit.|Le Spray de 50ml|[Origine : FRANCE, Cette huile Monoprix Bio naturellement riche en vitamines A et E, reconnue pour ses vertus adoucissantes et nourrissantes, assouplit la peau., Appliquer une noisette sur le visage, le corps ou les cheveux du bout des doigts. Peut être utilisée dans le bain., Prunus amygdalus dulcis oil*. *Ingrédient issu de l'agriculture biologique., 6 mois après ouverture.]|"
87,60€ / L"|"
4,38 €"
2265|Huile sublimante, cheveux secs et abîmés, à l'huile de jojoba & àl'huile d'argan|Le spray de 50ml|[Origine : FRANCE, L'huile d'argan est utilisée par les femmes berbères pour ses vertus nourrissantes et anti-radicalaires. Cette huile Monoprix Bio laisse la peau souple et douce., Appliquer une noisette sur le visage, le corps ou les cheveux du bout des doigts., Argania Spinosa oil*. *Ingrédient issu de l'agriculture biologique., 6 mois après ouverture.]|"
123,40€ / L"|"
6,17 €"
2266|Huile sublimante, cheveux secs et abîmés, à l'huile de jojoba & àl'huile d'argan|Le spray de 50ml|[Origine : FRANCE, L'huile d'argan est utilisée par les femmes berbères pour ses vertus nourrissantes et anti-radicalaires. Cette huile Monoprix Bio laisse la peau souple et douce., Appliquer une noisette sur le visage, le corps ou les cheveux du bout des doigts., Argania Spinosa oil*. *Ingrédient issu de l'agriculture biologique., 6 mois après ouverture.]|"
123,40€ / L"|"
6,17 €"
2267|Eau vitale, soin pour le corps|Le flacon de 200ml|[Origine : FRANCE]|"
43,70€ / L"|"
8,74 €"
2268|Eau aromatisée de fleurs d'oranger à base d'huiles essentielles, relaxante, apaisante|Le flacon de 200ml|[Origine : FRANCE, EAU AROMATISÉE DE FLEURS D'ORANGER : Aromatisée et obtenue par distillation. Cette lotion apaise et relaxe la peau. Lotion à utiliser le matin et le soir avec un disque à démaquiller., Lotion à utiliser le matin et le soir avec un disque à démaquiller., Aqua, Aroma, Methylchloroisothiazolinone, Methylisothiazolinone, 6 mois après ouverture.]|"
25,70€ / L"|"
5,14 €"
2269|Eau aromatisée de Roses, à base d'huiles essentielles, tonifiante, rafraîchissante|Le flacon de 200ml|[Origine : FRANCE, Eau aromatisée de Rose : Aromatisée et obtenue par distillation. Cette lotion tonifie et rafraîchit la peau. Elle convient particulièrement aux peau sèches et ou sensibles., Lotion à utiliser le matin et le soir avec un disque à démaquiller., Aqua, Rosa Centifolia, Rosa Canina, Aroma, Methylchloroisothiazolinone, Methylisothiazolinone, Citronellol, Geraniol, Eugenol, Benzyl Alcohol., 6 mois après ouverture.]|"
25,70€ / L"|"
5,14 €"
2270|Eau d'Hamamélis à base d'huiles essentielles, calmante, décongestionnante, peaux sensibles|Le flacon de 200ml|[Origine : FRANCE, Obtenue par distillation. Cette lotion redonne éclat et beaute à la peau. Elle contribue à atténuer les rougeurs du visage. Elle est calmante et décongestionante., Lotion à utiliser le matin et le soir avec un disque à démaquiller., Hamamelis Viginiana, Methylchloroisothiazolinone, Methylisothiazolinone, 6 mois après ouverture.]|"
25,70€ / L"|"
5,14 €"
2271|Eau de Bleuets à base d'huiles essentielles, apaisante, décongestionnante|Le flacon de 200ml|[Origine : FRANCE, EAU DE BLEUETS : Obtenue par distillation. Cette lotion calme et contribue à soulager les irritations et les rougeurs des paupière. Elle est apaisante et décongestionnante., Lotion à utiliser le matin et le soir avec un disque à démaquiller., Centaurea Cyanus, Methylchloroisothiazolinone, Methylthiazolinone., 6 mois après ouverture.]|"
25,70€ / L"|"
5,14 €"
2272|Huile assouplissante à l'amande douce 99% Bio, l'amande douce, riche en vitamine A et E, nourrit et adoucit les peaux délicates|Le flacon de 50ml|[Origine : FRANCE]|"
134,40€ / L"|"
6,72 €"
2273|Huile assouplissante à l'amande douce 99% Bio, l'amande douce, riche en vitamine A et E, nourrit et adoucit les peaux délicates|Le flacon de 50ml|[Origine : FRANCE]|"
134,40€ / L"|"
6,72 €"
2274|Pâte d'argile verte purifiante, multi-usages|Le tube de 360g|[Origine : FRANCE, La Pâte d'Argile Verte prête à l'emploi Lovea, concentrée en Argile Verte Montmorillonite purifiante et absorbante, convient parfaitement aux peaux mixtes à grasses.L'Argile Verte absorbe et régule l'excès de sébum, élimine toxines et impuretés et revitalise la peau., Multi-usages, elle peut s'utiliser en tant que masque facial en évitant le contour des yeux, en masque capillaire ou en cataplasme. Elle peut également soulager brûlure, douleurs articulaires ou musculaires., Illite, montmorillonite (green clay), aqua (water), glycerin, imidazolidinyl urea, chlorhexidine digluconate, methylchloroisothiazolinone, methylisothiazolinone, magnesium nitrate, magnesium chloride. 99% d'origine naturelle. Sans paraben, sans colorant, sans silicone, sans phénoxyéthanol, sans peg., 12 mois après ouverture.]|"
9,94€ / Kg"|"
3,58 €"
2275|Huile de beauté, soin haute performance, lisse, répare, sublime.|Le flacon de 100ml|[Origine : FRANCE]|"
157,00€ / L"|"
15,70 €"
2276|Lotion Micellaire démaquillante, haute tolérance, à l'eau florale, peaux sensibles & réactives.|Le flacon de 200ml|[Origine : FRANCE, Nettoie, élimine les impuretés et enlève les traces de maquillage, rafraîchit et apaise la peau immédiatement. Effet hydratant 24h. Ne dessèche pas la peau., Appliquez sur le visage, les yeux, les lèvres et le cou à l'aide d'un coton. Sans rinçage., Aqua, rosa damascena flower water, laurus nobilis leaf/stem water, poloxamer 184, glycerin, panthenol, cocamidopropyl betaine, peg-40 hydrogenated castor oil, sodium chloride, citric acid, pantolactone, sodium benzoate, potassium sorbate. 0% sans paraben, sans colorant, sans parfum., 12 mois après ouverture.]|"
28,80€ / L"|"
5,76 €"
2277|Huile d'amande douce, adoucissante et apaisante|Le flacon de 100ml|[Origine : FRANCE, L'Huile d'Amande douce Lovea 100% d'origine naturelle, enrichie en vitamine E, hydrate et assouplit les peaux délicates et sensibles., Visage & corps. Elle est idéale pour les vergetures, gerçures, crevasses, irritations, brûlures  Eviter le contact avec les yeux., Prunus amygdalus dulcis (sweet almond) dulcis oil, tocopherol, tocopheryl acetate. Sans parfum, sans paraben, sans silicone, sans paraffine., 12 mois après ouverture.]|"
49,10€ / L"|"
4,91 €"
2278|Huile naturelle, activatrice de bronzage, à la carotte, tous types de peaux.|Le flacon de 100ml|[Origine : FRANCE, L'huile de Carotte riche en béta-carotène et vitamine E prépare la peau au bronzage et procure un teint halé. En usage quotidien elle assouplit l'épiderme et aide à conserver un teint uniforme., Eviter le contact avec les yeux., Helianthus annuus (sunflower) seed oil, daucus carota sativa root extract, daucus carota sativa seed oil, tocopherol, ascorbyl palmitate, CI 40800., 12 mois après ouverture.]|"
81,90€ / L"|"
8,19 €"
2279|Huile naturelle anti-âge, à la bourrache, peaux sèches, fatiguées|Le flacon de 50ml|[Origine : FRANCE, L'huile de Bourrache enrichie en vitamine E est un soin anti-âge qui redonne souplesse et élasticité aux peaux sèches, fatiguées ou dévitalisées. Elle fortifie les ongles et les cheveux., Eviter le contact avec les yeux., Borago officinalis (borage) seed oil, tocopherol, tocopheryl acetate., 12 mois après ouverture.]|"
132,80€ / L"|"
6,64 €"
2280|Huile naturelle nutritive à l'avocat, peaux très sèches.|Le flacon de 100ml|[Origine : FRANCE, L'huile d'avocat enrichie en vitamine E nourrit intensément les peaux très sèches. Elle stimule également la production de collagène et retarde ainsi les signes du vieillissement cutané., Eviter le contact avec les yeux., Persea gratissima (avocado) oil, tocopherol, tocopheryl acetate., 12 mois après ouverture.]|"
71,60€ / L"|"
7,16 €"
2281|Huile régénérante d'argan, 100% naturelle|Le flacon de 100ml|[Origine : FRANCE, L'Huile d'Argan Lovea 100% d'origine naturelle, enrichie en vitamine E, aide à lutter contre le vieillissement prématuré de la peau et nourrit l'épiderme. Régénérante, cette huile convient aux peaux sèches, dévitalisées et sans éclat. Elle fortifie et redonne l'éclat aux cheveux., Visage, corps et cheveux. Eviter le contact avec les yeux., Argania spinosa kernel oil, prunus amygdalus (sweet almond) dulcis oil, tocopherol, tocopheryl acetate. Sans parfum, sans paraben, sans silicone, sans paraffine., 12 mois après ouverture.]|"
114,80€ / L"|"
11,48 €"
2282|Eau micellaire physiologique, visage et yeux, panthénol apaisant,sans parfum, peaux très sensibles et réactives.|Le flacon de 400ml|[Origine : FRANCE, Enrichie en panthenol apaisant, la formule de l'Eau Micellaire Physiologique Mixa apaise immédiatement les sensations d'irritation des peaux très sensibles et réactives. Le visage et les yeux sont parfaitement nettoyés et démaquillés. Fraîche et apaisée, la peau sensible est confortable et ne tiraille pas., Appliquer matin et soir sur le visage et les yeux à l'aide d'un coton. Inutile de rincer ou de frotter., Aqua/water, hexylene glycol, glycerin, poloxamer 184, peg-60 hydrogenated castor oil, rosa gallica extract/rosa gallica flower extract, disodium cocoamphodiacetate, disodium edta, citric acid, panthenol, polyaminopropyl biguanide (FIL B162392/1). Sans parfum. Sans paraben. Sans alcool., 6 mois après ouverture.]|"
17,23€ / L"|"
6,89 €"
2283|Eau micellaire purifiante|Le flacon de 400ml|[Origine : FRANCE, AQUA / WATER ? HEXYLENE GLYCOL ? GLYCERIN ? POLOXAMER 184 ? CITRIC ACID ? DISODIUM COCOAMPHODIACETATE ? DISODIUM EDTA ? PANTHENOL ? PARFUM / FRAGRANCE ? PEG-60 HYDROGENATED CASTOR OIL ? POLYAMINOPROPYL BIGUANIDE ? ZINC GLUCONATE ?]|"
16,70€ / L"|"
6,68 €"
2284|Huile démaquillante à rincer, peaux sensibles et très sèches|Le flacon de 150ml|[Origine : FRANCE, L'huile démaquillante à rincer élimine efficacement les impuretés et le maquillage, même waterproof, sur le visage et les yeux. Aux huiles de Carthame et de Rose, elle nourrit la peau et la protège du dessèchement. Après rinçage, la peau est fraîcheet confortable, sans film gras., Appliquer l'huile démaquillante avec les doigts sur visage sec et sur les yeux. Masser délicatement. Ajouter un peu d'eau pour que l'huile devienne laiteuse, puis rincer., Paraffinum liquidum/minéral oil, zea mays/corn germ oil, peg-20 glyceryl triisostearate, ethylhexyl stearate, carthamus tinctorius oil/safflower seed oil, rosa canina fruit oil, sorbitan trioleate, glycerin, isopropyl lauroyl, sarcosinate, isostearicacid, pentaerythrityl tetra-di-t-butyl hydroxyhydrocinnamate, polysorbate 85, ethylhexylglycerin, parfum/fragrance (FIL B161562/1)., 6 mois après ouverture.]|"
44,27€ / L"|"
6,64 €"
2285|Huile sèche visage rénovatrice à l'huile d'onagre|Le spray de 100ml|[Origine : FRANCE, 880104 5 - INGRñDIENTS : CAPRYLIC/CAPRIC TRIGLYCERIDE ? DICAPRYLYL CARBONATE ? BUTYROSPERMUM PARKII BUTTER / SHEA BUTTER ? ORYZA SATIVA BRAN OIL / RICE BRAN OIL ? CARTHAMUS TINCTORIUS OIL / SAFFLOWER SEED OIL ? OENOTHERA BIENNIS OIL / EVENING PRIMROSE OIL ? PENTAERYTHRITYL TETRA-DI-T-BUTYL HYDROXYHYDROCINNAMATE ? TOCOPHEROL ? PARFUM / FRAGRANCE ? (F.I.L. B163476/1).]|"
105,60€ / L"|"
10,56 €"
2286|Eau démaquillante micelaire sensitive, peaux sensibles.|Le flacon de 200ml|[Origine : FRANCE, L'eau démaquillante micellaire de Nivea nettoie, démaquille le visage et les yeux et hydrate en un seul geste. Enrichie en dexpanthénol et en huile de pépins de raisin, la formule douce : démaquille le visage et les yeux en douceur, nettoie la peau en profondeur, rafraîchit et hydrate la peau., Appliquez sur votre peau avec un coton pour éliminer les impuretés et le maquillage des yeux et du visage. Massez délicatement en petits cercles du bas vers le haut en gardant les yeux fermés., 12 mois après ouverture.]|"
26,20€ / L"|"
5,24 €"
2287|BB crème 5en1, clair|Le tube de 50ml|[Origine : REPUBLI.TCHEQUE, Soin perfecteur 5 en 1 : hydrate intensément, atténue les signes de fatigues, protège des agressions extérieures, corrige les ridules et imperfections, ravive l'éclat et unifie le teint. Sa texture légère s'applique rapidement et pénètre facilement pour un confort immédiat. Votre teint est radieux et lumineux et votre peau est sublimée et protégée., Utilisez chaque matin après avoir soigneusement nettoyé votre visage. Appliquez en massant délicatement du bout des doigts en évitant le contact avec les yeux., 12 mois après ouverture.]|"
133,60€ / Pce"|"
6,68 €"
2288|BB crème 5en1, médium|Le tube de 50ml|[Origine : FRANCE, Soin perfecteur 5 en 1 : hydrate intensément, atténue les signes de fatigues, protège des agressions extérieures, corrige les ridules et imperfections, ravive l'éclat et unifie le teint. Sa texture légère s'applique rapidement et pénètre facilement pour un confort immédiat. Votre teint est radieux et lumineux et votre peau est sublimée et protégée., Utilisez chaque matin après avoir soigneusement nettoyé votre visage. Appliquez en massant délicatement du bout des doigts en évitant le contact avec les yeux., 12 mois après ouverture.]|"
133,60€ / L"|"
6,68 €"
2289|B.B. crème quotidienne 5-en-1, clair|Le tube de 50ml|[Origine : FRANCE]|"
201,40€ / L"|"
10,07 €"
2290|B.B. crème quotidienne 5-en-1, medium|Le tube de 50ml|[Origine : FRANCE, Ce soin hybride haute performance renferme une formule hydratante 24h. Immédiatement, la peau est sublimée, hydratée et protégée. Le teint est lissé et lumineux.Inspiré par les B.B. crèmes, une nouvelle génération de soins hybrides tout-en-un qui vous offre à la fois un effet soin longue durée et un effet maquillage léger et immédiat, Garnier crée Soin Miracle Perfecteur. Le soin qui combine en un seul geste toutes les étapes clés de votre routine beauté., Aqua/water, isononyl isononanoate, isohexadecane, glycerin, alcohol denat, peg-20 methylglucose sesquistearate, ethylhexyl methoxycinnamate, methyl glucose sesquistearate, cetyl palmitate, nylon-12, cyclohexasiloxane, propylene glycol, hydrogenated polyisobutene, stearyl alcohol, argilla/magnesium aluminum silicate, phenoxyethanol, parfum/fragrance, caprylyl glycol, lithium magnesium sodium silicate, disodium edta, linalool, benzyl salicylate, limonene, caffeine, ascorbyl glucoside, geraniol, cellulose acetate butyrate, polyphosphorylcholine glycol acrylate, citral, ammonium polyacryldimethyltauramide/ammonium polyacryloyldimethyl taurate, polyvinyl alcohol, sodium chloride, butylene glycol, sodium hyaluronate, (+/- may contain Cl77891/titanium dioxide, Cl77491, Cl77492, Cl77499/iron oxides). (F.I.L. B47069/2). Non comédogène., 12 mois après ouverture.]|"
204,00€ / L"|"
10,20 €"
2291|BB crème, anti-âge, clair|Le tube de 50ml|[Origine : FRANCE]|"
222,00€ / L"|"
11,10 €"
2292|BB crème, anti-âge, Médium|Le tube de 50ml|[Origine : FRANCE]|"
235,80€ / L"|"
11,79 €"
2293|BB Crème, peaux mixtes à grasses, FPS 20, médium|Le tube de 40ml|[Origine : FRANCE, Réduit efficacement l'apparence des pores et des imperfections pour un teint plus homogène. Sa texture légère et confortable s'étale sur la peau et pénètre rapidement., Appliquer votre BB crème soin miracle perfecteur comme vous le feriez avec votre hydratant habituel. Pour améliorer la couvrance, n'hésitez pas à remettre un peu de crème. Le soin peut s'utiliser à la place ou en complément de votre produit de maquillage habituel., Aqua, cyclopentasiloxane, alcohol denat, butylene glycol, ethylhexyl methoxycinnamate, peg-10 dimethicone, phenyl trimethicone, squalane, bis-peg/ppg-14/14 dimethicone, magnesium sulfate, talc, nylon-12, maltitol, disodium stearoyl glutamate, aluminum hydroxide, sorbitol, perlite, vaccinium myrtillus fruit extract, (+/- may contain CI 77891/titanium dioxide, CI77491, CI77492, CI77499/iron oxides) FIL B51922/1., 12 mois après ouverture.]|"
275,75€ / L"|"
11,03 €"
2294|BB crème + Blur, perfection ultime, soin mirale perfecteur + basecorrectrice lissante.|Le tube de 40ml|[Origine : FRANCE, Avec la BB crème + Blur, Garnier crée une nouvelle génération de BB crème. Sa technologie 5-en-1 inédite combine en un seul geste toutes les étapes clés de votre routine beauté pour une peau à la perfection ultime. Gagnez du temps avec la BB crème deGarnier ! Un seul geste pour affiner le grain de peau, lisser les ridules, pores et imperfections, apporter un fini mat velouté, hydrater, unifier le teint et protéger des UV., Âge d'utilisation conseillé : -20 ans - 45 ans. Utilisez votre BB crème + Blur comme vous le feriez avec votre hydratant habituel, sur une peau parfaitement nettoyée. Appliquez si besoin après votre soin quotidien. Agitez avant emploi., Aqua / water, dimethicone, ethylhexyl methoxycinnamate, isononyl isononanoate, vinyl dimethicone/methicone silsesquioxane crosspolymer, alcohol denat, glycerin, methyl methacrylate crosspolymer, boron nitride, butylene glycol, dimethicone crosspolymer, peg 10 dimethicone, tribehenin, magnesium sulfate, phenoxyethanol, peg/ppg 18/18 dimethicone, parfum / fragrance, caprylyl glycol, synthetic fluorphlogopite, dimethiconol, silica silylate, disodium stearoyl glutamate, zinc gluconate, capryloyl salicylic acid, linalool, benzyl salicylate, aluminium hydroxide, ascorbyl glucoside, limonene, benzyl alcohol, geraniol, citral, castanea sativa / chestnut seed extract, (+/- may contain : ci 77891 / titanium dioxide, ci 77491, ci 77492, ci 77499 / iron oxides) (fil B162897/4).  Sans paraben., 12 mois après ouverture.]|"
338,50€ / L"|"
13,54 €"
2295|BB crème + blur, soin miracle perfecteur + base correctrice lissante, médium.|Le tube de 40ml|[Origine : FRANCE, Avec la BB crème + Blur, Garnier crée une nouvelle génération de BB crème. Sa technologie 5-en-1 inédite combine en un seul geste toutes les étapes clés de votre routine beauté pour une peau à la perfection ultime. Gagnez du temps avec la BB crème deGarnier ! Un seul geste pour affiner le grain de peau, lisser les ridules, pores et imperfections, apporter un fini mat velouté, hydrater, unifier le teint et protéger des UV., Âge d'utilisation conseillé : -20 ans - 45 ans. Utilisez votre BB crème + Blur comme vous le feriez avec votre hydratant habituel, sur une peau parfaitement nettoyée. Appliquez si besoin après votre soin quotidien. Agitez avant emploi., Aqua / water, dimethicone, ethylhexyl methoxycinnamate, isononyl isononanoate, vinyl dimethicone/methicone silsesquioxane crosspolymer, alcohol denat, glycerin, methyl methacrylate crosspolymer, boron nitride, butylene glycol, dimethicone crosspolymer, peg 10 dimethicone, tribehenin, magnesium sulfate, phenoxyethanol, peg/ppg 18/18 dimethicone, parfum / fragrance, caprylyl glycol, synthetic fluorphlogopite, dimethiconol, silica silylate, disodium stearoyl glutamate, zinc gluconate, capryloyl salicylic acid, linalool, benzyl salicylate, aluminium hydroxide, ascorbyl glucoside, limonene, benzyl alcohol, geraniol, citral, castanea sativa / chestnut seed extract, (+/- may contain : ci 77891 / titanium dioxide, ci 77491, ci 77492, ci 77499 / iron oxides) (fil B162897/4).  Sans paraben., 12 mois après ouverture.]|"
338,50€ / L"|"
13,54 €"
2296|BB Crème mixte, peaux mixtes à grasses, hydrate, FPS 20, clair|Le tube de 40ml|[Origine : FRANCE, Réduit efficacement l'apparence des pores et des imperfections pour un teint plus homogène. Sa texture légère et confortable s'étale sur la peau et pénètre rapidement., Appliquer votre BB crème soin miracle perfecteur comme vous le feriez avec votre hydratant habituel. Pour améliorer la couvrance, n'hésitez pas à remettre un peu de crème. Le soin peut s'utiliser à la place ou en complément de votre produit de maquillage habituel., Aqua, cyclopentasiloxane, alcohol denat, butylene glycol, ethylhexyl methoxycinnamate, peg-10 dimethicone, phenyl trimethicone, squalane, bis-peg/ppg-14/14 dimethicone, magnesium sulfate, talc, nylon-12, maltitol, disodium stearoyl glutamate, aluminum hydroxide, sorbitol, perlite, vaccinium myrtillus fruit extract, (+/- may contain CI 77891/titanium dioxide, CI 77491, CI 77492, CI 77499/iron oxides) FIL B51922/1., 12 mois après ouverture.]|"
264,00€ / L"|"
10,56 €"
2297|Pure active BB crème 5-en-1, anti-imperfections, peaux mixtes à grasses à problèmes, claire.|Le tube de 50ml|[Origine : FRANCE, Pour une peau parfaite en un seul geste, la recherche Garnier a associé des pigments minéraux avec de l'acide salicylique pour unifier votre peau tout en camouflant les imperfections. BB crème 5-en-1 : hydrate, unifie le teint, matifie, resserre lespores, anti-spots., Peaux mixtes à grasses à problèmes. Appliquer BB Crème Anti-Imperfections comme vous le feriez avec votre hydratant habituel. Pour améliorer la couvrance, n'hésitez pas à remettre à peu de crème., 12 mois après ouverture.]|"
262,60€ / L"|"
13,13 €"
2298|Pure active BB crème 5-En-1, anti-imperfections, peaux mixtes à grasses à problèmes, médium.|Le tube de 50ml|[Origine : FRANCE, Pour une peau parfaite en un seul geste, la recherche Garnier a associé des pigments minéraux avec de l'acide salicylique pour unifier votre peau tout en camouflant les imperfections. BB crème 5-en-1 : hydrate, unifie le teint, matifie, resserre lespores, anti-spots., Peaux mixtes à grasses à problèmes. Appliquer BB Crème Anti-Imperfections comme vous le feriez avec votre hydratant habituel. Pour améliorer la couvrance, n'hésitez pas à remettre à peu de crème., 12 mois après ouverture.]|"
256,40€ / L"|"
12,82 €"
2299|Roll-on yeux clair, Skin naturals bb|Le roll-on de 7ml|[Origine : FRANCE, Regard parfait immédiat 5 en 1 : réduit poches & cernes. Atténue les signes de fatigue. Lisse les ridules. Illumine le regard. Hydrate. Spécialement adapté à la peau fragile du contour de l'oeil, ce soin associe l'haloxyl, actif connu pour lutter efficacement contre la coloration disgracieuse des cernes et la formation des poches, à une bille massante ultra-fraîche pour atténuer les signes de fatigue. Enrichi en pigments minéraux, il estompe immédiatement et naturellement les cernes grâce à sesteintes ton-sur-ton. Sa texture confortable et longue tenue s'étale parfaitement pour un résultat naturel sans démarcation., Appliquez la BB crème Soin Miracle Perfecteur sur le contour de l'oeil, avec de légers mouvements circulaires. Le produit sort automatiquement. Si besoin, tapotez délicatement pour favoriser la pénétration du produit. Pour augmenter la couvrance, n'hésitez pas à en appliquer une deuxième fois., Cyclopentasiloxane, aqua/water, propanediol, alcohol denat, glycerin, phenyl trimethicone, peg-10 dimethicone, bis-peg/ppg-14/14 dimethicone, ethylhexyl hydroxystearate, magnesium sulfate, talc, phenoxyethanol, nylon-12, disodium stearoyl glutamate,caprylyl glycol, caffeine, aluminum hydroxide, n-hydroxysuccinimide, palmitoyl oligopeptide, chrysin, palmitoyl tetrapeptide-7 (+/- may contain Cl 77891/titanium dioxide, Cl 77491, Cl 77492, Cl 77499/iron oxides, Cl 77163/bismuth oxychloride) (FIL B54061/1)., 6 mois après ouverture.]|"
1655,71€ / L"|"
11,59 €"
2300|Roll-on yeux Médium Skin naturals bb|Le roll-on de 7ml|[Origine : FRANCE, Regard parfait immédiat 5 en 1 : réduit poches & cernes. Atténue les signes de fatigue. Lisse les ridules. Illumine le regard. Hydrate. Spécialement adapté à la peau fragile du contour de l'oeil, ce soin associe l'haloxyl, actif connu pour lutter efficacement contre la coloration disgracieuse des cernes et la formation des poches, à une bille massante ultra-fraîche pour atténuer les signes de fatigue. Enrichi en pigments minéraux, il estompe immédiatement et naturellement les cernes grâce à sesteintes ton-sur-ton. Sa texture confortable et longue tenue s'étale parfaitement pour un résultat naturel sans démarcation., Appliquez la BB crème Soin Miracle Perfecteur sur le contour de l'oeil, avec de légers mouvements circulaires. Le produit sort automatiquement. Si besoin, tapotez délicatement pour favoriser la pénétration du produit. Pour augmenter la couvrance, n'hésitez pas à en appliquer une deuxième fois., Cyclopentasiloxane, aqua/water, propanediol, alcohol denat, glycerin, phenyl trimethicone, peg-10 dimethicone, bis-peg/ppg-14/14 dimethicone, ethylhexyl hydroxystearate, magnesium sulfate, talc, phenoxyethanol, nylon-12, disodium stearoyl glutamate,caprylyl glycol, caffeine, aluminum hydroxide, n-hydroxysuccinimide, palmitoyl oligopeptide, chrysin, palmitoyl tetrapeptide-7 (+/- may contain Cl 77891/titanium dioxide, Cl 77491, Cl 77492, Cl 77499/iron oxides, Cl 77163/bismuth oxychloride) (FIL B54061/1)., 6 mois après ouverture.]|"
1655,71€ / L"|"
11,59 €"
2301|Sublimist BB Crème claire|Le tube de 50ml|[Origine : FRANCE, Soin 6en1 : hydrate la peau 24h, corrige les rougeurs, réduit les imperfections, lisse les irrégularités, unifie et booste l'éclat du teint et protège quotidiennement la peau des rayons UV. Sa formule fond sur la peau pour une couvrance ultra naturelle toute la journée., Age recommandé : 25-35 ans. Utilisez tous les matins sur le visage., 12 mois après ouverture.]|"
299,20€ / L"|"
14,96 €"
2302|Sublimist BB Crème medium|Le tube de 50ml|[Origine : FRANCE, Soin 6en1 : hydrate la peau 24h, corrige les rougeurs, réduit les imperfections, lisse les irrégularités, unifie et booste l'éclat du teint et protège quotidiennement la peau des rayons UV. Sa formule fond sur la peau pour une couvrance ultra naturelle toute la journée., Age recommandé : 25-35 ans. Utilisez tous les matins sur le visage., 12 mois après ouverture.]|"
302,40€ / L"|"
15,12 €"
2303|Hydratant teinté anti-rougeurs, Fleur d'arnica + Cold cream      Peaux sencibles et réactives, teinte claire|Le tube de 50ml|[Origine : FRANCE, Une triple efficacité anti-rougeurs pour apaiser, corriger et sublimer visiblement le teint au quotidien. Une formule hypoallergénique, testée sous contrôle médical sur 100% de peaux sensibles pour une tolérance optimale., Pour peaux sensibles et réactives., Aqua, c12-15 alkyl benzoate, glycerin, isohexadecane, octocrylene, isodecyl neopentanoate, alcohol denat, butyl methoxydibenzoylmethane, butyrospermum parkii butter/shea butter, aluminum starch octenylsuccinate, terephthalylidene dicamphor sulfonic acid, drometrizole trisiloxane, potassium cetyl phosphate, peg-100 stearate, glyceryl stearate, triethanolamine, zea mays oil/corn oil, prunus armeniaca kernel oil/apricot kernel oil, passiflora edulis oil/passiflora edulis seed oil, oryza sativa branoil/rice bran oil, cetyl alcohol, argilla/magnesium aluminum silicate, phenoxyethanol, stearic acid, tocopheryl acetate, caprylyl glycol, palmitic acid, parfum, acrylates/c10-30 alkyl acrylate crosspolymer, cera alba/beeswax, niacinamide, cetyl palmitate, disodium edta, acrylates copolymer, bht, sodium hydroxide, sodium hyaluronate, arnica montana flower extract, cupressus sempervirens seed extract, polygonatum multiflorum rhizone/root extract, benzyl benzoate, (+/- may contain CI77891/titaniumdioxide, CI77491, CI77492, CI77499/iron oxides) (FIL B158054/7). Sans paraben. Non comédogène., 12 mois après ouverture.]|"
201,60€ / L"|"
10,08 €"
2304|Hydratant teinté anti-rougeurs, fleur d'arnica + Cold cream      Peaux sencibles et réactives, teinte médium|Le tube de 50ml|[Origine : FRANCE, Une triple efficacité anti-rougeurs pour apaiser, corriger et sublimer visiblement le teint au quotidien. Une formule hypoallergénique, testée sous contrôle médical sur 100% de peaux sensibles pour une tolérance optimale., Pour peaux sensibles et réactives., Aqua, c12-15 alkyl benzoate, glycerin, isohexadecane, octocrylene, isodecyl neopentanoate, alcohol denat, butyl methoxydibenzoylmethane, butyrospermum parkii butter/shea butter, aluminum starch octenylsuccinate, terephthalylidene dicamphor sulfonic acid, drometrizole trisiloxane, potassium cetyl phosphate, peg-100 stearate, glyceryl stearate, triethanolamine, zea mays oil/corn oil, prunus armeniaca kernel oil/apricot kernel oil, passiflora edulis oil/passiflora edulis seed oil, oryza sativa branoil/rice bran oil, cetyl alcohol, argilla/magnesium aluminum silicate, phenoxyethanol, stearic acid, tocopheryl acetate, caprylyl glycol, palmitic acid, parfum, acrylates/c10-30 alkyl acrylate crosspolymer, cera alba/beeswax, niacinamide, cetyl palmitate, disodium edta, acrylates copolymer, bht, sodium hydroxide, sodium hyaluronate, arnica montana flower extract, cupressus sempervirens seed extract, polygonatum multiflorum rhizone/root extract, benzyl benzoate, (+/- may contain CI77891/titaniumdioxide, CI77491, CI77492, CI77499/iron oxides) (FIL B158054/7). Sans paraben. Non comédogène., 12 mois après ouverture.]|"
212,60€ / L"|"
10,63 €"
2305|Crème de teint 6 en 1, médium, effet peau nue parfaite.|Le tube de 50ml|[Origine : POLOGNE, Hydrate, toucher velouter, affine le grain de peau, unifie, illumine et protège. Un seul geste pour un teint unifié sans défaut et un effet peau nue parfaite., Appliquez la crème sur une peau propre après ou à la place de votre soin de jour, en massant délicatement du bout des doigts par petits cercles., Aqua, glycerin, triisostearin, octocrylene, isopropyl stearate, talc, cetearyl alcohol, methylpropanediol, hydrogenated coco glycerides, butyrospermum parkii butter, glyceryl stearate, palmitic acid, stearic acid, panthenol, butyl methoxydibenzoylmethane, dimethicone, tocopheryl acetate, oleic acid, myristic acid, arachidic acid, sodium carbomer, xanthan gum, glyceryl glucoside, trisodium edta, methylparaben, phenoxyethanol, benzyl salicylate, hexyl cinnamal, butylphenyl methylpropional, linalool, benzyl alcohol, hydroxyisohexyl 3-cyclohexene carboxaldehyde, citronellol, geraniol, alpha isomethyl ionone, limonene, parfum, CI 77891, CI 77491, CI 77492, CI 77499., 12 mois après ouverture.]|"
198,20€ / L"|"
9,91 €"
2306|Crème de teint 6 en 1. Clair, enrichie en pigments minéraux et en beurre de karité.|Le tube de 50ml|[Origine : POLOGNE, La BB Cream (Blemish Balm) de Nivea, enrichie en pigments minéraux et en beurre de karité : hydrate la peau sans effet gras, procure à la peau un toucher doux et velouté. Affine le grain de la peau. Unifie le teint et corrige les imperfections, les signes de fatigue, les cernes, les rougeurs, et les ridules. Illumine le teint et fait ressortir l'éclat naturel de votre peau. Protège la peau du soleil et des agressions extérieures responsables du vieillissement prématuré grâce au FPS 10., Appliquez la crème sur une peau propre ou à la place de votre soin de jour, en massant délicatement du bout des doigts par petits cercles., Aqua, glycerin, triisostearin, octocrylene, isopropyl stearate, talc, cetearyl alcohol, methylpropanediol, hydrogenated coco-glycerides, butyrospermum parkii butter, glyceryl stearate, palmitic acid, stearic acid, panthenol, butyl methoxydibenzoylmethane, dimethicone, tocopheryl acetate, oleic acid, myristic acid, arachidic acid, sodium carbomer, xanthan gum, glyceryl glucoside, trisodium edta, methylparaben, phenoxyethanol, benzyl salicylate, hexyl cinnamal, butylphenyl methylpropional, linalool, benzyl alcohol, hydroxyisohexyl 3-cyclohexene carboxaldehyde, citronellol, geraniol, alpha-isomethyl ionone, limonene, parfum, Cl 77891, Cl77491, Cl77492, Cl77499., 12 mois après ouverture.]|"
201,00€ / L"|"
10,05 €"
2307|Soin des lèvres, Hydratant|Le blister de 4g|[Origine : FRANCE, Le soin des lèvres Monoprix nourrit et protège vos lèvres des agressions extérieures tout au long de l'année.Enrichi en beurre de karité et en huile de noix de macadamia, il hydrate et préserve la souplesse de vos lèvres, en leur apportant douceur etconfort. Vos lèvres sont protégées, souples, douces et hydratées. Testé sous contrôle dermatologique., Octyldodecanol, paraffinum liquidum, bis-diglyceryl polyacyladipate-2, cera microcristallina, polyethylene, hydrogenated castor oil,  paraffin, butyrospermum parkii butter, synthetic wax, macadamia ternifolia seed oil, bis-ethylhexyloxyphenol methoxyphenyl triazine, allantoin, saccharin, tocopheryl acetate, bht, parfum., 12 mois après ouverture.]|"
352,50€ / Kg"|"
1,41 €"
2308|Soin des lèvres, Hydratant|Les 2 sticks lèvre de 4g|[Origine : FRANCE, Le soin des lèvres Monoprix nourrit et protège vos lèvres des agressions extérieures tout au long de l'année.Enrichi en beurre de karité et en huile de noix de macadamia, il hydrate et préserve la souplesse de vos lèvres, en leur apportant douceur etconfort. Vos lèvres sont protégées, souples, douces et hydratées. Testé sous contrôle dermatologique., Octyldodecanol, paraffinum liquidum, bis-diglyceryl polyacyladipate-2, cera microcristallina, polyethylene, hydrogenated castor oil,  paraffin, butyrospermum parkii butter, synthetic wax, macadamia ternifolia seed oil, bis-ethylhexyloxyphenol methoxyphenyl triazine, allantoin, saccharin, tocopheryl acetate, bht, parfum., 12 mois après ouverture.]|"
298,75€ / Kg"|"
2,39 €"
2309|Soin des lèvres, Nourrissant|Le blister de 4g|[Origine : FRANCE, Le soin des lèvres Nourrissant Monoprix soulage et protège des agressions extérieures les lèvres desséchées et gercées.Enrichi en huile d'argan et au beurre de karité, il nourrit, hydrate et préserve la souplesse de vos lèvres, en leur apportant douceur et confort. Vos lèvres sont souples, douces, apaisées et délicatement parfumées. Testé sous contrôle dermatologique., Paraffinum liquidum, hydrogenated polyisobutene, hydrogenated coco-glycerides, cera microcristallina, polybutene, polyethylene, hydrogenated castor oil, dipentaerythrityl pentaisononanoate, paraffin, parfum, butyrospermum parkii butter, synthetic wax, triethyl citrate, isopropyl myristate, tocopheryl acetate, argania spinosa kernel oil, bht, tocopherol., 18 mois après ouverture.]|"
475,00€ / Kg"|"
1,90 €"
2310|Soin des lèvres à la cerise|Le blister de 4g|[Origine : FRANCE, Le Soin des Lèvres Cerise Monoprix nourrit et protège vos lèvres des agressions extérieures tout en les parfumant et en les teintant délicatement.Enrichi en beurre de karité et en huile de noix de macadamia, il hydrate et préserve la souplesse de voslèvres en leur apportant douceur et confort. Vos lèvres sont protégées, hydratées, délicatement parfumées et teintées. Testé sous contrôle dermatologique., Octyldodecanol, isononyl isononanoate, polybutene, polyethylene, bis-diglyceryl polyacyladipate-2, cera alba, hydrogenated castor oil, cera microcristallina, butyrospermum parkii butter, shorea robusta seed butter, macadamia ternifolia seed oil, tocopheryl acetate, retinyl palmitate, tocopherol, lauryl pca, bis-ethylhexyloxyphenol methoxyphenyl triazine, allantoin, bht, pentaerythrityl tetra-di-t-butyl hydroxyhydrocinnamate, parfum, cl 15850, cl 42090, cl 77491., 12 mois après ouverture.]|"
470,00€ / Kg"|"
1,88 €"
2311|Baume pour les lèvres au miel et à la vitamine E, 100% naturel|le stick de 4,25g|[Origine : ETATS-UNIS AMERIQUE, Ce baume doux et nourrissant pour les lèvres contient du miel et de la vitamine E aux propriétés antioxydantes., Cera alba (beeswax, cire d'abeille), helianthus annuus (sunflower) seed oil, cocos nucifera (coconut) oil, lanolin, aroma (flavor)*, mel (honey, miel), tocopherol, rosmarinus officinalis (rosemary) leaf extract, glycine soja (soybean) oil, canola oil(huile de colza), benzyl benzoate, coumarin. *Natural flavor/arôme naturel., 12 mois après ouverture.]|"
992,86€ / L"|"
4,17 €"
2312|Concentré lèvres reparateur intense formule indienne, lèvres irritées et gercées|Le tube de 7ml|[Origine : FRANCE, Sa texture onctueuse enveloppe de douceur les lèvres gercées et irritées. Immédiatement elles sont apaisées, plus souple et plus hydratées. L'action formule Indienne : répare, adoucit et assouplit, protège., Appliquer quotidiennement le concentré sur les lèvres, directement à l'aide de l'embout biseauté. En cas de dessèchement intense, renouveler l'application plusieurs fois par jour., 12 mois après ouverture.]|"
617,14€ / L"|"
4,32 €"
2313|Soin protecteur lèvres, anti-age|Le stick de 3,5g|[Origine : FRANCE, soin expert lèvres. ACTION : - Le BEURRE DE KARITE forme un film protecteur adoucissant qui évite le dessèchement cutané et nourrit la muqueuse labiale. - L'ALLANTOINE régénère les lèvres abîmées par le froid et les UV. - LES FILTRES SOLAIRES et la VITAMINE E préviennent le vieillissement cutané. - LE PHYTANTRIOL hydrate les lèvres tout en améliorant leur douceur. RESULTATS : - Protection prolongée contre les agressions climatiques en toutes saisons. - Jeunesse, souplesse et douceur préservées., Appliquer sur les lèvres en dépassant légèrement, plusieurs fois par jour. S'utilise également en base de maquillage incolore, sous le rouge à lèvres., PARAFFINUM LIQUIDUM, ACETYLATEO LANOLIN ALCOHOL, CERA ALBA, HYDROGENATED, POLYIS0BUTENE, CERA MICROCRISTALLINA, HYDROGENATED, COCONUT OIL, POLYETHYLENE, SILICA, CANDELLILA CERA, STEARIC ACID, CETYL ALCOHOL, 4-METHYLBENZYLIDENE CAMPHOR, PARFUM, BUTYROSPERMUM PARKII, BUTYL METHOXYDIBENZOYLEMETHANE, TOCOPHERYL ACETATE, MICA, TITANIUM DIOXYDE, ALLANTOIN, PHYTANTRIOL,PROPYLPARABEN, Cl N77491, B. H. A. ALPHA-ISOMETHYLIONONE, BENZYL ALCOHOL CITRONELLOL, COUMARIN, GERANIOL, HEXYL CINNAMAL, HYDROXYISOHEXYL 3-CYCLOHEXENE, CARBOXALDERYDE, LIMONENE., 12 mois après ouverture.]|"
1140,00€ / Kg"|"
3,99 €"
2314|Sticks lèvres réparateurs protecteur, lèvres desséchées et fragilisées, formule indienne|Le lot de 2 sticks de 3,5g|[Origine : FRANCE, Sa texture fondante, vite absorbée, est agréable sur les lèvres desséchées. Immédiatement, elles sont plus douces et apaisées. L'action formule Indienne répare, adoucit et protège, apaise., Appliquer sur les lèvres aussi souvent que nécessaire., 12 mois après ouverture.]|"
875,71€ / Kg"|"
6,13 €"
2315|Sticks lèvres réparateurs protecteur, lèvres desséchées et fragilisées, formule indienne|Le stick  de 3,5g|[Origine : FRANCE]|"
1162,86€ / Kg"|"
4,07 €"
2316|Duo, soin des lèvres, protection durable et action anti-dessèchement, huile de jojoba & beurre de karité|Les 2 tubes de 4,8g|[Origine : ALLEMAGNE, Testé sous contrôle dermatologique.La formule hydratante de Labello Classic enrichie en huile précieuse de jojoba et en beurre de karité nourrit les lèvres et les protège efficacement du dessèchement pour qu'elles restent douces et souples pour longtemps., Cera microcristallina, octyldodecanol, hydrogenated polydecene, cetyl palmitate, ricinus communis seed oil, myristyl myristate, VP / hexadecene copolymer, cetearyl alcohol, polyglyceryl-3 diisostearate, butyrospermum parkii butter, cocoglycerides, pentaerythrityl tetraisostearate, VP / eicosene copolymer, C20-40 alkyl stearate, cera carnauba, simmondsia chinensis oil, panthenol, vitis vinifera seed oil, glycerin, cera alba, aqua, limonene, linalool, benzyl benzoate, citral, parfum. Sans parabène., 12 mois après ouverture]|"
321,87€ / Kg"|"
3,09 €"
2317|Duo, soin des lèvres, protection durable et action anti-dessèchement, huile de jojoba & beurre de karité|Les 2 tubes de 4,8g|[Origine : ALLEMAGNE, Testé sous contrôle dermatologique.La formule hydratante de Labello Classic enrichie en huile précieuse de jojoba et en beurre de karité nourrit les lèvres et les protège efficacement du dessèchement pour qu'elles restent douces et souples pour longtemps., Cera microcristallina, octyldodecanol, hydrogenated polydecene, cetyl palmitate, ricinus communis seed oil, myristyl myristate, VP / hexadecene copolymer, cetearyl alcohol, polyglyceryl-3 diisostearate, butyrospermum parkii butter, cocoglycerides, pentaerythrityl tetraisostearate, VP / eicosene copolymer, C20-40 alkyl stearate, cera carnauba, simmondsia chinensis oil, panthenol, vitis vinifera seed oil, glycerin, cera alba, aqua, limonene, linalool, benzyl benzoate, citral, parfum. Sans parabène., 12 mois après ouverture]|"
321,87€ / Kg"|"
3,09 €"
2318|Pearly shine brillance nacrée et effet soyeux, extraits de perle & de soie, hydratation continue|Le stick de 4,8g|[Origine : ALLEMAGNE, Vous souhaitez colorer vos lèvres d'un reflet nacré naturel et leur apporter un soin protecteur durable ? La formule innovante de Labello Pearly Shine, enrichie en extraits précieux de perle et de soie, allie une hydratation* durable à un subtil reflet nacré, pour des lèvres lisses et veloutées. Laisse vos lèvres irrésistiblement douces et soyeuses. Sublime naturellement vos lèvres grâce à ses reflets brillants nacrés. Garantit une protection efficace contre les rayons UVA et UVB (FPS 10). Testésous controle dermatologique. Labello embrasse mieux que personne.* Hydratation des        couches supérieures labiales.** Sources: IRI., Polyisobutene, pentaerythrityl tetraisostearate, ricinus communis seed oil, butyrospermum parkii butter, hydrogenated polydecene, candelilla cera, octyldode-canol, mica, cera microcristallina, isopropyl palmitate, synthetic wax, ethylhexyl methoxycinnamate, polyglyceryl-3 diisostearate, butyl methoxydibenzoylmethane, prunus amygdalus dulcis oil, simmondsia chinensis oil, hydrolyzed pearl, serica, vitis vinifera seed oil, tocopheryl acetate, glycerin, neohesperidin dihydrochalcone, aqua, BHT, parfum, CI 77491, CI 77163, CI 77492, CI 45380, CI 77891., A utiliser dans les 12 mois après ouverture.]|"
677,08€ / Kg"|"
3,25 €"
2319|Soin des lèvres, hydratation intense longue durée et texture légère, eau pure & huile de jojoba, FPS10|Les 2 tubes de 4,8g|[Origine : ALLEMAGNE, La formule innovante, enrichie en Eau pure et Aloe Vera aux propriétés hydratantes, stimule le processus naturel d'hydratation de vos lèvres, pour une sensation de légèreté et de douceur., Octyldodecanol, caprylic/capric triglyceride, cera microcristallina, ricinus communis seed oil, cetyl palmitate, myristyl myristate, polyglyceryl-3 diisostearate, ethylhexyl methoxycinnamate, aqua, glycerin, cetearyl alcohol, cera carnauba, butyrospermum parkii butter, simmondsia chinensis oil, tocopheryl acetate, aloe barbadensis gel, vitis vinifera seed oil, butyl methoxydibenzoylmethane, cera alba, c20-40 alkyl stearate, benzyl alcohol, BHT, parfum., 12 mois après ouverture.]|"
488,54€ / Kg"|"
4,69 €"
2320|Soin des lèvres, hydratation intense longue durée et texture légère, eau pure & huile de jojoba, FPS 10|Le tube de 4,8g|[Origine : ALLEMAGNE, Hydratation intense et durable. Absorption rapide grâce à sa texture ultra-légère. Texture non grasse pour des lèvres douces et soyeuses.La formule innovante de Labello Hydro Care, enrichie en Eau pure et Aloe Vera aux propriétés hydratantes, stimuledurablement le processus naturel d'hydratation de vos lèvres, pour une sensation de légèreté et de douceur., Octyldodecanol, Caprylic / Capric Triglyceride, Cera Microcristallina, Ricinus Communis seed oil, Cetyl Palmitate, Myristyl Myristate, Polyglyceryl-3 Diisostearate, Ethylhexyl Methoxycinnamate, Aqua, Glycerin, Cetearyl Alcohol, Cera Carnauba, Butyrospermum Parkii Butter, Simmondsia Chinensis Oil, Tocopheryl Acetate, aloe barbadensis gel, Vitis Vinifera Seed Oil, Butyl Methoxydibenzoylmethane, cera alba, C20-40 Alkyl Stearate, Benzyl Alcohol, BHT, Parfum., 12 mois après ouverture.]|"
706,25€ / Kg"|"
3,39 €"
2321|Soin des lèvres, lait et miel|Le tube de 4,8g|[Origine : ALLEMAGNE, Inspirée par la nature, la formule innovante de Labello pure & natural est enrichie en extraits précieux de Lait et de Miel.Ce soin riche et crémeux nourrit intensément et soulage vos lèvres abîmées pour qu'elles retrouvent confort et souplesse. Voslèvres sont belles tout naturellement ! Enrichi en ingrédients naturels : beurre de karité certifié bio et huile de jojoba., Octyldodecanol, cera microcristallina, hydrogenated polydecene, cetyl palmitate, ricinus communis oil, polyisobutene, pentaerythrityl tetraisostearate, polyglyceryl-3 diisostearate, myristyl myristate, c20-40 alkyl stearate, cetearyl alcohol, bis-diglyceryl polyacyladipate-2, butyrospermum parkii butter, cera carnauba, glycerin, simmondsia chinensis oil, tocopheryl acetate, cera alba, mel, sine adipe lac, vitis vinifera seed oil, aqua, maltodextrin, neohesperidin dihydrochalcone, bht, linalool,benzyl salicylate, parfum, Cl 77492. 100% sans conservateur, sans paraben., 12 mois après ouverture.]|"
718,75€ / Kg"|"
3,45 €"
2322|Soin des lèvres, mélange subtil de soin et de couleur|Le tube de 5,5ml|[Origine : FRANCE, Hydrate intensément vos lèvres grâce aux vitamines C & E et pro vitamine B5. Apporte une touche naturellement colorée et donne à vos lèvres un subtil parfum de cranberry et framboise. Garantit une protection efficace contre les rayons UVA et UVB (FPS10)., Polyisobutene, ricinus communis seed oil, octyldodecanol, pentaerythrityl tetraisostearate, hydrogenated polydecene, candelilla cera, butyrospermum parkii butter, cera microcristallina, isopropyl palmitate, synthetic wax, ethylhexyl methoxycinnamate,polyglyceryl-3 diisostearate, butyl methoxydibenzoylmethane, persea gratissima oil, prunus amygdalus dulcis oil, rubus idaeus juice, vaccinium macrocarpon fruit juice, panthenol, tocopherol, ascorbyl palmitate, lecithin, aqua, glycerin, neohesperidin dihydrochalcone, bht, glyceryl stearate, glyceryl oleate, citric acid, sodium benzoate, potassium sorbate, aroma, CI77891, CI15985, CI15850, CI45380., 12 mois après ouverture.]|"
641,67€ / Kg"|"
3,08 €"
2323|Soin des lèvres, parfum et reflets fraise irrésistibles, extraits de fruits et pigments brillants, FPS 10|Le tube de 4,8g|[Origine : FRANCE, Donne à vos lèvres un délicieux parfum de fruit et les protège durablement. Sa brillance gloss subtilement colorée illumine naturellement vos lèvres.Garantit une protection efficace contre les rayons UVA et UVB (FPS 10). La formule innovante de Labello Fruity Shine Strawberry, enrichie en extraits de fruits et en pigments brillants, allie une hydratation durable à un délicieux parfum de fraise, pour des lèvres irrésistiblement douces et ultra-sensuelles., Polyisobutene, octyldodecanol, ricinus communis oil, pentaerythrityl tetraisostearate, hydrogenated polydecene, candelilla cera, myristyl myristate, butyrospermum parkii butter, cera microcristallina, isopropyl palmitate, synthetic wax, ethylhexyl methoxycinnamate, polyglyceryl-3 diisostearate, butyl methoxydibenzoylmethane, prunus amygdalus dulcis oil, simmondsia chinensis oil, mangifera indica fruit juice, citrus aurantifolia fruit juice, tocopheryl acetate, vitis vinifera seed oil, bisabolol,glycerin, propylene glycol, mica, aqua, neohesperidin dihydrochalcone, BHT, citric acid, trideceth-9, benzyl benzoate, potassium sorbate, benzyl alcohol, benzyl benzoate, parfum, Cl45380, Cl15985, Cl77891, Cl15850., 12 mois après ouverture.]|"
516,67€ / Kg"|"
2,48 €"
2324|Soin des lèvres, Protect +|Les 2 tubes|[Origine : ALLEMAGNE]|"
456,25€ / Kg"|"
4,38 €"
2325|Soin des lèvres, protection durable et action anti-dessèchement, huile de jojoba & beurre de karité|Le tube de 4,8g|[Origine : FRANCE, Il offre à vos lèvres un soin durable et intense, protège efficacement vos lèvres du dessèchement quelle que soit la saison., Cera microcristallina, octyldodecanol, hydrogenated polydecene, cetyl palmitate, ricinus communis seed oil, myristyl myristate, VP / hexadecene copolymer, cetearyl alcohol, polyglyceryl-3 diisostearate, butyrospermum parkii butter, cocoglycerides, pentaerythrityl tetraisostearate, VP / eicosene copolymer, C20-40 alkyl stearate, cera carnauba, simmondsia chinensis oil, panthenol, vitis vinifera seed oil, glycerin, cera alba, aqua, limonene, linalool, benzyl benzoate, citral, parfum. Sans parabène., A conserver 12 mois après ouverture.]|"
504,17€ / Kg"|"
2,42 €"
2326|Soin des lèvres, protection durable et hydratation intense.|Les 2 tubes de 4,8g|[Origine : ALLEMAGNE, Labello Classic, enrichi en huile précieuse de Jojoba et en beurre de Karité, prend soin de vos lèvres et les protège efficacement du dessèchement. Labello Hydro Care, enrichi en Eau Pure et Aloe Vera aux propriétés hydratantes, stimule durablement le processus naturel d'hydratation de vos lèvres., Classic Care : cera microcristallina, octyldodecanol, hydrogenated polydecene, cetyl palmitate, ricinus communis, myristyl myristate, VP/hexadecene copolymer, cetearyl alcohol, polyglyceryl-3 diisostearate, butyrospermum parkii, cocoglycerides, pentaerythrityl tetraisostearate, VP/eicosene copolymer, C20-40 alkyl stearate, cera carnauba, simmondsia chinensis, panthenol, vitis vinifera, glycerin, cera alba, aqua, limonene, linalool, benzyl benzoate, citral, parfum. Hydro Care : octyldodecanol, caprylic/capric triglyceride, cera microcristallina, ricinus communis seed oil, cetyl palmitate, myristyl myristate, polyglyceryl-3 diisostearate, ethylhexyl methoxycinnamate, aqua, glycerin, cetearyl alcohol, cera carnauba, butyrospermum parkii butter, simmondsia chinensis oil, tocopheryl acetate, aloe barbadensis gel, vitis vinifera seed oil, butyl methoxydibenzoylmethane, cera alba, C20-40 alkyl stearate, benzyl alcohol, bht, parfum., 12 mois après ouverture.]|"
460,42€ / Kg"|"
4,42 €"
2327|Stick Lèvres Fruity Shine|Un tube de 4,8g|[Origine : FRANCE, Vous souhaitez parfumer vos lèvres et leur apporter un soin douceur ultra-hydratant*? La formule innovante de labello fruity shine cerise, enrichie en extraits de fruits et en pigments brillants, allie une hydratation durable à un délicieux parfum pour des lèvres irrésistiblement douces et ultra-sensuelles. Donne à vos lèvres un délicieux parfum de fruit et les protège durablement ; Sa brillance gloss subtilement colorée illumine naturellement vos lèvres. Garantit une protection efficace contreles rayons UVA et UVB (FPS 10). Testé sous contrôle dermatologique. Labello - ? 1 sur marché des lèvres.** Labello embrasse mieux que personne ! * Hydratation des couches supérieures labiales., yl methoxycinnamate, polyglyceryl-3 diisostearate, butyl methoxydibenzoylmethane, prunus amygdalus dulcis oil, simmondsia chinensis oil, mangifera indica fruit juice, citrus aurantifolia fruit juice, tocopheryl acetate, vitis vinifera seed oil, bisabolol, glycerin, mica, propylene glycol, aqua, neohesperidin dihydrochalcone, BHT, silica, citric acid, trideceth-9, limonene, eugenol, linalool, benzyl salicylate, geraniol, parfum, CI 77891, CI 15850, CI 45380, CI 15985, CI 77499., 12 mois après ouverture.]|"
520,83€ / Kg"|"
2,50 €"
2328|Baume lèvres réparateur, Lèvres abîmées, desséchées, au karité, aloés et cire d'abeille|Le stick de 4,9g|[Origine : FRANCE, Le Baume Lèvres Réparateur Le Petit Marseillais pénètre rapidement et apaise immédiatement les tiraillements. Il dépose sur les lèvres desséchées un film protecteur, les nourrit intensément.Pour prendre soin des lèvres desséchées et abîmées, Le PetitMarseillais a associé trois ingrédients du Sud : le beurre de karité, pour ses bienfaits nourrissants, l'Aloès, aux propriétés apaisantes, et la Cire d'abeille, aux vertus protectrices., Hydrogenated polyisobutene, vp/hexadecene copolymer, synthetic wax, polyglyceryl-3 diisostearate, caprylic/capric triglycéride, butyrospermum parkii, disteardimonium hectorite, stearyl dimethicone, aloe barbadensis leaf juice, cera alba, glycerin, alcohol, aqua, hydrated silica, maltodextrin, saccharin, tocopherol, parfum., 36 mois après ouverture.]|"
522,45€ / L"|"
2,56 €"
2329|Soin des lèvres nourrissant, lèvres desséchées, karité, amande douce, huile d'argan|Le blister de 4,9g|[Origine : FRANCE, Pour prendre soin des lèvres desséchées, Le Petit Marseillais  a associé trois ingrédients du Sud : le beurre de karité, l'huile d'argan et l'amande douce.Le soin des lèvres Le Petit Marseillais pénètre rapidement et soulage immédiatement les lèvresdesséchées. Il hydrate et protège les lèvres des agressions climatiques (vent, froid, mer) et procure une sensation immédiate de confort., Hydrogenated polyisobutene, hydrogenated polydecene, synthetic wax, polyglyceryl-3 diisostearate, caprylic/capric triglyceride, ethylhexyl methoxycinnamate, disteardimonium hectorite, tocopheryl acetate, butyl methoxydibenzoylmethane, butyrospermum parkii butter, argania spinosa oil, prunus amygdalus dulcis oil, titanium dioxide, alcohol, aqua, hydrated silica, bht, parfum, benzyl alcohol, benzyl salicylate, linalool., 36 mois après ouverture.]|"
508,16€ / Kg"|"
2,49 €"
2330|Soin lèvres nourrissant, lèvres désséchées, karité, amande douce et huile d'argan|Les 2 sticks, 4,9g|[Origine : FRANCE, Découvrez les secrets de beauté des femmes méditerranéennes. Pour prendre soin des lèvres désséchées, Le Petit Marseillais a associé trois ingrédients du sud : le beurre de karité, pour ses bienfaits hydratants* et nourrissants, l'huile d'argan, auxpropriétés adoucissantes, et l'amande douce, aux vertus assouplissantes. *hydratation des couches supèrieures de l'épiderme., Le soin des lèvres Le Petit Marseillais pénètre rapidement et soulage immédiatement les lèvres désséchées. Il hydrate* et protège les lèvres des agressions climatiques (vent, froid, mer), et procure une sensation immédiate de confort. Et pourquoi pas... appliquer votre soin des lèvres avant de dormir pour des lèvres confortables dès le réveil? *Hydratation des couches supérieures de l'épiderme., Hydrogenated polyisobutene, hydrogenated polydecene, synthetic wax, polyglyceryl-3 diisostearate, caprylic/capric triglyceride, ethylhexyl methoxycinnamate, disteardimonium hectorite, tocopheryl acetate, butyl methoxydibenzoylmethane, butyrospermum parkii, argania spinosa kernel oil, prunus amygdalus dulcis oil, titanium dioxide, alcohol, aqua, hydrated silica, tocopherol, BHT, parfum, benzy l alcohol, benzyl salicylate, linalool., 36 mois après ouverture.]|"
482,65€ / Kg"|"
4,73 €"
2331|Soin lèvres nourrissant, lèvres désséchées, karité, amande douce et huile d'argan|Les 2 sticks, 4,9g|[Origine : FRANCE, Découvrez les secrets de beauté des femmes méditerranéennes. Pour prendre soin des lèvres désséchées, Le Petit Marseillais a associé trois ingrédients du sud : le beurre de karité, pour ses bienfaits hydratants* et nourrissants, l'huile d'argan, auxpropriétés adoucissantes, et l'amande douce, aux vertus assouplissantes. *hydratation des couches supèrieures de l'épiderme., Le soin des lèvres Le Petit Marseillais pénètre rapidement et soulage immédiatement les lèvres désséchées. Il hydrate* et protège les lèvres des agressions climatiques (vent, froid, mer), et procure une sensation immédiate de confort. Et pourquoi pas... appliquer votre soin des lèvres avant de dormir pour des lèvres confortables dès le réveil? *Hydratation des couches supérieures de l'épiderme., Hydrogenated polyisobutene, hydrogenated polydecene, synthetic wax, polyglyceryl-3 diisostearate, caprylic/capric triglyceride, ethylhexyl methoxycinnamate, disteardimonium hectorite, tocopheryl acetate, butyl methoxydibenzoylmethane, butyrospermum parkii, argania spinosa kernel oil, prunus amygdalus dulcis oil, titanium dioxide, alcohol, aqua, hydrated silica, tocopherol, BHT, parfum, benzy l alcohol, benzyl salicylate, linalool., 36 mois après ouverture.]|"
482,65€ / Kg"|"
4,73 €"
2332|Baume à lèvres à l'huile d'argan anti-âge|Le blister de 4g|[Origine : FRANCE, Spécialement formulé pour une application facile et agréable, le Baume à lèvres est un véritable concentré d'ingrédients d'origine naturelle offrant à vos lèvres protection, confort et douceur.Ce nectar précieux et rare de couleur miel est riche en Oméga-6, en Oméga-9, et en vitamine E, recommandés pour aider à lutter contre les signes de vieillissement de la peau., Ne pas avaler., Caprylic/capric triglyceride, ricinus communis (castor) seed oil, cera alba/beeswax, hydrogenated palm kernel glycerides, butyrospermum parkii (shea) butter*, macadamia ternifolia seed oil*, argania spinosa kernel oil*, copernicia cerifera cera/copernicia cerifera (carnauba) wax*, hydrogenated castor oil, apricot kernel oil, polyglyceryl-4 esters, apricot kernel oil, polyglyceryl-3 esters, parfum/fragrance, hydrogenated palm glycerides, apricot kernel oil, polyglyceryl-5 esters, apricot kernel oil, polyglyceryl-6 esters, tocopheryl acetate, linalool, geraniol, limonene. *Ingrédients issus de l'Agriculture Biologique. 100% du total des ingrédients sont d'origine naturelle. 22% du total des ingrédients sont issus de l'agriculture biologique.Sans paraben, sans phénoxyéthanol, sans silicone, sans parfum de synthèse, sans matière première issue d'OGM. Le Petit Olivier est contre les tests sur les animaux., Conserver à l'abri de la chaleur et de la lumière. 9 mois après ouverture.]|"
1027,50€ / Kg"|"
4,11 €"
2333|Baume à lèvres à l'huile d'argan anti-âge|Le blister de 4g|[Origine : FRANCE, Spécialement formulé pour une application facile et agréable, le Baume à lèvres est un véritable concentré d'ingrédients d'origine naturelle offrant à vos lèvres protection, confort et douceur.Ce nectar précieux et rare de couleur miel est riche en Oméga-6, en Oméga-9, et en vitamine E, recommandés pour aider à lutter contre les signes de vieillissement de la peau., Ne pas avaler., Caprylic/capric triglyceride, ricinus communis (castor) seed oil, cera alba/beeswax, hydrogenated palm kernel glycerides, butyrospermum parkii (shea) butter*, macadamia ternifolia seed oil*, argania spinosa kernel oil*, copernicia cerifera cera/copernicia cerifera (carnauba) wax*, hydrogenated castor oil, apricot kernel oil, polyglyceryl-4 esters, apricot kernel oil, polyglyceryl-3 esters, parfum/fragrance, hydrogenated palm glycerides, apricot kernel oil, polyglyceryl-5 esters, apricot kernel oil, polyglyceryl-6 esters, tocopheryl acetate, linalool, geraniol, limonene. *Ingrédients issus de l'Agriculture Biologique. 100% du total des ingrédients sont d'origine naturelle. 22% du total des ingrédients sont issus de l'agriculture biologique.Sans paraben, sans phénoxyéthanol, sans silicone, sans parfum de synthèse, sans matière première issue d'OGM. Le Petit Olivier est contre les tests sur les animaux., Conserver à l'abri de la chaleur et de la lumière. 9 mois après ouverture.]|"
1027,50€ / Kg"|"
4,11 €"
2334|Baume lèvre, ultra nourrissant, à l'huile d'olive.|Le baume lèvre de 4g|[Origine : FRANCE, Avec la gamme Le Petit Olivier à l'huile d'olive, retrouvez les bienfaits de cet ingrédient naturel aux vertus hydratantes et régénérantes. Cet 'or vert' naturellement riche en vitamine E, est reconnu pour protéger efficacement contre les agressionsquotidiennes., 6 mois après ouverture.]|"
1017,50€ / Kg"|"
4,07 €"
2335|Soin de lèvres antidéssèchement, efficacité longue durée|Le lot de 2 sticks|[Origine : FRANCE, Le soin des lèvres antidessèchement Mixa Intensif Peaux Sèches a été spécialement conçu pour soulager, nourrir et protéger les lèvres desséchées ou gercées.Effet réparateur longue durée : formulé sous contrôle médical, ce stick associe de l'allantoïne et du beurre de karité pour réparer, apaiser et nourrir intensément les lèvres, de la vitamine E et un filtre UV pour protéger efficacement vos lèvres et prévenir le vieillissement cutané. Résultat : rapidement soulagées, durablement réparées et protégées, les lèvres desséchées ou gercées retrouvent leur douceur et leur souplesse naturelles.]|"
452,13€ / L"|"
4,25 €"
2336|Soin de lèvres antidéssèchement, efficacité longue durée|Le stick de 4,7ml|[Origine : FRANCE, Le soin des lèvres Anti dessèchement Mixa Intensif Peaux Sèches a été spécialement conçu pour soulager, nourrir et protéger les lèvres desséchées ou gercées.Effet réparateur longue durée. Formulé sous contrôle médical, ce stick associe : de l'allantoïne et du beurre de karité pour réparer, apaiser et nourrir intensément les lèvres, de la vitamine E et un filtre UV pour protéger efficacement vos lèvres et prévenir le vieillissement cutané. Résultat : rapidement soulagées, durablement réparées etprotégées, les lèvres desséchées ou gercées retrouvent leur douceur et leur souplesse naturelles. Une efficacité prouvée., Cera microcristallina/ microcrystalline wax polybutene hydrogenated polyisobutene, ricinus communis/ castor seed oil, myristyl myristate, octyldodecanol, peg-5 pentaerythrityl ether, ppg-5 pentaerythrityl ether polyglyceryl-3 beeswax, butyrospermum parkii/ shea butter, ozokerite cetyl palmitate, glycine soja/ soybean sterols, allantoin, ascorbyl palmitate, citronellol, ethylhexyl methoxycinnamate, linalool, tocopheryl acetate, parfum/ fragrance, CI 77891/ titanium dioxide (F.I.L. 812113/1).]|"
497,87€ / L"|"
2,34 €"
2337|Soin des lèvres reconstituant surgras, 45% huiles+cires nutritives, sécheresse sévère.|Le tube de 4,7ml|[Origine : FRANCE]|"
589,36€ / Kg"|"
2,77 €"
2338|Soin des lèvres réparateur, lèvres gercées et abîmées, effet réparateur intense|Le blister de 4,7ml|[Origine : FRANCE, Le Soin des Lèvres Réparateur MIXA a été spécialement conçu pour apaiser, nourrir et réparer les lèvres abîmées ou gercées. UNE ACTION GLOBALE SUR LES LÈVRES. Formulé sous contrôle médical, ce stick associe : de l'allantoïne, connue pour son pouvoirréparateur, une formule aux huiles végétales, riches en acides gras essentiels, pour soulager immédiatement les lèvres abîmées et les nourrir intensément, de la vitamine E aux propriétés protectrices. Vous sentez vos lèvres immédiatement apaisées, réparées et protégées., RMUM PARKII / SHEA BUTTER, OZOKERITE, CETYL PALMITATE, GLYCINE SOJA / SOYBEAN STEROLS, ALLANTOIN, ASCORBYL PALMITATE, CERA ALBA / BEESWAX, CITRONELLOL, CORIANDRUM SATIVUM / CORIANDER FRUIT OIL, ECHIUM LYCOPSIS / ECHIUM LYCOPSIS FRUIT OIL, ETHYLHEXYLMETHOXYCINNAMATE, LINALOOL, PRUNUS ARMENIACA / APRICOT KERNEL OIL, RIBES NIGRUM / BLACK CURRANT SEED OIL, TOCOPHERYL ACETATE, PARFUM / FRAGRANTE, CI 77891 / TITANIUM DIOXIDE (F.I.L. B12319/1)]|"
540,43€ / L"|"
2,54 €"
2339|Baume à lèvres cube coco|Le blister|[Origine : CHINE, Appliquez sur les lèvres., Polybutene, paraffinum liquidum, petrolatum, ozokerite, synthetic wax, ethylhexyl palmitate, paraffin, ethylhexyl methoxycinnamate, cera carnauba, butyl methoxydibenzoylmethane, benzophénone-3, butyrospermum parkii butter, hydrogenated jojoba oil, aroma, diethylamino hydroxybenzoyl hexyl benzoate, tocopheryl acétate, phenoxyethanol, methylparaben, propylparaben, benzyl benzoate, cl 77891., 12 mois après ouverture.]|"
734,29€ / L"|"
5,14 €"
2340|Baume à lèvres cube framboise|Le blister|[Origine : CHINE, Appliquez sur les lèvres., Polybutene, paraffinum liquidum, petrolatum, ozokerite, synthetic wax, ethylhexyl palmitate, paraffin, ethylhexyl methoxycinnamate, cera carnauba, butyl methoxydibenzoylmethane, benzophénone-3, butyrospermum parkii butter, hydrogenated jojoba oil, aroma, diethylamino hydroxybenzoyl hexyl benzoate, tocopheryl acétate, phenoxyethanol, methylparaben, propylparaben, cl77891., 12 mois après ouverture.]|"
734,29€ / L"|"
5,14 €"
2341|Baume à lèvres teinté naturel rose, 100% pure et natural.|Le tube de 12,5ml|[Origine : ROYAUME UNI, 100% pure, 100% Natural., Ricinus communis (castor) seed oil, hydrogenated castor oil, cera alba (beeswax), cetearyl alcohol, copernica cerifera (carnauba) cera, butyrospermum parkii (shea) butter, parfum, lauryl laurate, limonene, olea europaea (olive) fruit oil, geraniol, euphoria cerifera (candelilla) cera, hydrogenated soybean oil, glyceryl stearate, benzyl alcohol, CI15850, CI77891., 9 mois après ouverture.]|"
486,40€ / L"|"
6,08 €"
2342|Brosse à dents de voyage, pliable, médium|La brosse à dents|[Origine : CHINE POPULAIRE, Brossage efficace, manche ergonomique. Pratique : brosse à dents pliable., Brossez vous les dents après chaque repas. Renouveler votre brosse à dents tous les 3 mois. Consultez votre chirurgien dentiste au moins deux fois par an.]|"
1,82€ / Pce"|"
1,82 €"
2343|Brosse à dents medium, manche ergonomique, tête profilée, appui pouce|Les 4 brosses à dents|[Origine : CHINE POPULAIRE, Les Brosses à Dents Monoprix ont été spécialement conçues pour vous permettre une qualité de brossage optimum avec un grand confort. Une tête profilée qui permet d'atteindre facilement les zones les moins accessibles pour un brossage optimal. Des fibres aux extrémités arrondies pour un brossage des dents et des gencives tout en douceur. Un manche ergonomique pour une bonne prise en main et un brossage précis., Pour une bonne hygiène bucco-dentaire : brossez-vous les dents après chaque repas. Renouvelez votre brosse a dent tous les 3 mois. Consultez votre chirurgien dentiste au moins deux fois par an.]|"
0,43€ / Pce"|"
1,71 €"
2344|Brosse à dents soin blancheur médium|Le blister d'une brosse à dents|[Origine : FRANCE, La brosse à dents Soin Blancheur Monoprix a été spécialement conçue pour vous aider à avoir les dents plus blanches et éclatantes. L'action des filaments blancheur combinée aux lamelles polissantes contribue à l'élimination de la plaque dentaire et des taches superficielles tout en respectant l'émail de vos dents. Sa tête profilée permet de nettoyer avec précision les espaces dentaires les moins accessibles et son gratte langue vous offre une hygiène complète de la bouche grâce à son action surla langue et à l'intérieur des joues. Son manche, ergonomique et antidérapant, permet un brossage de précision., Pour une bonne hygiène bucco-dentaire : rincez la tête de la brosse à dents avant la 1ère utilisation. Brossez-vous les dents après chaque repas. Renouvelez votre brosse à dents tous les 3 mois. Consultez votre chirurgien-dentiste au moins deux foispar an.]|"
2,26€ / Pce"|"
2,26 €"
2345|Brosse à dents soin blancheur souple|Le blister d'une brosse à dents|[Origine : FRANCE, La brosse à dents Soin Blancheur Monoprix a été spécialement conçue pour vous aider à avoir les dents plus blanches et éclatantes. L'action des filaments blancheur combinée aux lamelles polissantes contribue à l'élimination de la plaque dentaire et des taches superficielles tout en respectant l'émail de vos dents. Sa tête profilée permet de nettoyer avec précision les espaces dentaires les moins accessibles et son gratte langue vous offre une hygiène complète de la bouche grâce à son action surla langue et à l'intérieur des joues. Son manche, ergonomique et antidérapant, permet un brossage de précision., Pour une bonne hygiène bucco-dentaire : rincez la tête de la brosse à dents avant la 1ère utilisation. Brossez-vous les dents après chaque repas. Renouvelez votre brosse à dents tous les 3 mois. Consultez votre chirurgien-dentiste au moins deux foispar an.]|"
2,26€ / Pce"|"
2,26 €"
2346|Brosse à dents soin classique médium|Le blister par 2 brosse à dents|[Origine : FRANCE, La brosse à dents Soin Classique Monoprix a été spécialement conçue pour un nettoyage efficace, grâce à ses filaments aux extrémités arrondies et de différentes longueurs. Sa tête profilée permet d'accéder aux dents du fond et son gratte langue vousoffre une hygiène complète de la bouche grâce à son action sur la langue et à l'intérieur des joues. Son manche, ergonomique et antidérapant, permet un brossage de précision., Pour une bonne hygiène bucco-dentaire : rincez la brosse à dents avant la 1ère utilisation. Brossez-vous les dents après chaque repas. Renouvelez votre brosse à dents tous les 3 mois. Consultez votre chirurgien-dentiste au moins deux fois par an.]|"
1,03€ / Pce"|"
2,05 €"
2347|Brosse à dents soin interdentaire souple|Le blister d'une brosse à dents|[Origine : FRANCE, La brosse à dents Interdentaire Monoprix a été spécialement conçue pour un nettoyage complet de la bouche. Ses poils de différentes longueurs implantés en éventail, combinés aux lamelles extra souples, permettent un nettoyage en profondeur entre lesdents. Sa tête profilée permet de nettoyer avec précision les espaces interdentaires les moins accessibles. Son gratte langue vous offre une hygiène complète de la bouche grâce à son action sur la langue et à l'intérieur des joues. Son manche ergonomique et antidérapant, permet un brossage de précision., Pour une bonne hygiène bucco-dentaire : rincez la brosse à dents avant la 1ère utilisation. Brossez-vous les dents après chaque repas. Renouvelez votre brosse à dents tous les 3 mois. Consultez votre chirurgien-dentiste au moins deux fois par an.]|"
1,91€ / Pce"|"
1,91 €"
2348|Brosses à dents, souple|Les 4 brosses à dents|[Origine : CHINE POPULAIRE, Les Brosses à Dents Monoprix ont été spécialement conçues pour vous permettre une qualité de brossage optimum avec un grand confort.Une tête profilée qui permet d'atteindre facilement les zones les moins accessibles pour un brossage optimal. Des fibres aux extrémités arrondies pour un brossage des dents et des gencives tout en douceur. Un manche ergonomique pour une bonne prise en main et un brossage précis., Pour une bonne hygiène bucco-dentaire : brossez-vous les dents après chaque repas, renouvelez votre brosse à dent tous les 3 mois, consultez votre chirurgien dentiste au moins deux fois par an.]|"
0,43€ / Pce"|"
1,71 €"
2349|Brosse à dents, dure, flex protect|L'unité|[Origine : FRANCE, Aquafresh3 a développé la brosse à dents Flex Protect. Ses poils aux extrémités arrondies respectent les gencives et l'émail de vos dents pour un nettoyage efficace tout en douceur., Remplacer votre brosse à dents tous les 3 mois. Consulter votre dentiste une à deux fois par an. Forcer de façon excessive sur la flexibilité du manche peut le casser.]|"
2,36€ / Pce"|"
2,36 €"
2350|Brosse à dents hd white medium|le blister d'une brosse à dents|[Origine : ALLEMAGNE, La nouvelle brosse à dents Aquafresh High Definition White contient 30% de filaments en plus qu'une brosse à dents standard. Au centre du système polissant Illumibristles, trois brossettes commencent à enlever les taches et à polir la surface de vosdents dès le premier brossage., Il est recommandé de consulter régulièrement votre dentiste et de remplacer votre brosse à dents tous les 3 mois. Attention : forcer de façon excessive sur la flexibilité du manche peut le casser.]|"
3,59€ / Pce"|"
3,59 €"
2351|Brosse à dents medium|La brosse à dents|[Origine : FRANCE, Aquafres3 a développé la brosse à dents Flex Protect. Ses poils aux extrémités arrondies respectent les gencives et l'émail de vos dents pour un nettoyage efficace tout en douceur., Remplacer votre brosse à dents tous les 3 mois, consulter votre dentiste 1 à 2 fois par an.]|"
2,36€ / Pce"|"
2,36 €"
2352|Brosse à dents medium inter espaces, inspiré du fil dentaire|L'unité|[Origine : FRANCE, Inter Espaces : inspiré du fil dentaire, 50% d'accessibilité en plus entre les dents.Des filaments interdentaires : une technologie qui alterne fils classiques et filaments extrafins conçus pour agir en profondeur entre les dents, même dans les espaces les plus étroits., Remplacer votre brosse à dents tous les 3 mois.]|"
2,77€ / Pce"|"
2,77 €"
2353|Brosse à dents souple|La brosse à dents|[Origine : FRANCE, La brosse à dents Flex Protect bénéficie de la technologie Flex 3 d'aquafresh3, vous apportant à chaque brossage.De la douceur : elle protège les gencives de toute pression excessive, de la maniabilité : elle aide à atteindre toutes les zones de la bouche, de la précision : elle s'adapte au contour des dents pour un nettoyage précis., Forcer de façon excessive sur la flexibilité du manche peut la casser.]|"
2,36€ / Pce"|"
2,36 €"
2354|Brosse à dents souple inter espaces, inspiré du fil dentaire|Le blister|[Origine : FRANCE, La brosse à dents inter espaces bénéficie de la technologie Flex3 d'Aquafresh3, vous apportant à chaque brossage : de la douceur, de la maniabilité, de la précision.Aquafresh3 a développé la brosse à dents inter espaces. Sa technologie qui alterne fils classiques et filament extrafins conçus pour agir même dans les espaces les plus étroits permet 50% d'accessibilité en plus entre les dents qu'une brosse à dents classique., Remplacer votre brosse à dents tous les 3 mois. Forcer de façon excessive sur la flexibilité du manche peut le casser.]|"
2,77€ / Pce"|"
2,77 €"
2355|Brosses à dents, Medium|Le pack de 4 brosses à dents|[Origine : ALLEMAGNE, La brosse à dents pack familial bénéficie de la technologie flex 3 d'Aquafresh 3, vous apportant à chaque brossage : de la douceur : elle protège les gencives de toute pression excessive.De la maniabilité : elle aide à atteindre toutes les zones de la bouche, de la précision : elle s'adapte au contour des dents pour un nettoyage précis., Quelques conseils pour bien se brosser les dents : brosser de la gencive vers la dent en effectuant un mouvement rotatif sur chaque dent et en inclinant votre brossage à 45° sur la gencive. Aquafresh 3 conseille de consulter votre dentiste 1 à 2 foispar an et de remplacer votre brosse à dents tous les 3 mois. Forcer de façon excessive sur la flexibilité du manche peut le casser.]|"
0,85€ / Pce"|"
3,39 €"
2356|360°, brosse à dents pour un nettoyage complet de la bouche, medium|L'unité|[Origine : FRANCE]|"
3,55€ / Pce"|"
3,55 €"
2357|360°, brosse à dents pour un nettoyage complet de la bouche, souple|L'unité|[Origine : FRANCE]|"
3,55€ / Pce"|"
3,55 €"
2358|Brosse à dente Twister, medium|L'unité|[Origine : FRANCE, Grâce à l'implantation unique de ses poils, Colgate Twister permet un nettoyage interdentaire et le long du sillon gingival. Brosse-langue Colgate Twister.]|"
1,74€ / Pce"|"
1,74 €"
2359|Brosse à dents, défi zéro caries, souple|Le blister d'une brosse à dents|[Origine : FRANCE]|"
2,73€ / Pce"|"
2,73 €"
2360|Brosse à dents interdentaire medium|Le blister d'une brosse à dents|[Origine : FRANCE, Les poils effilés ont une pointe plus fine que les poils normaux cylindriques., Les dentistes recommandent de changer de brosse à dents tous les 3 mois.]|"
4,52€ / Pce"|"
4,52 €"
2361|Brosse à dents medium|La brosse à dents|[Origine : FRANCE, Des poils entrecroisés pour un nettoyage interdentaire  en profondeur. Maintenant avec un brosse-langue doux qui enlève en douceur les bactéries responsables de la mauvaise haleine.Manche flexible pour plus de confort lors du brossage et le respect de vos gencives., Les professionnels de la santé dentaire recommandent de changer de brosse à dents tous les 3 mois ou quand elle est usée.]|"
2,25€ / Pce"|"
2,25 €"
2362|Brosse à dents médium, Triple action|Les 2 brosses à dents|[Origine : FRANCE]|"
68,33€ / L"|"
2,05 €"
2363|Brosse à dents souple|La brosse à dents|[Origine : FRANCE, Des poils entrecroisés pour un nettoyage interdentaire  en profondeur. Maintenant avec un brosse-langue doux qui enlève en douceur les bactéries responsables de la mauvaise haleine.Manche flexible pour plus de confort lors du brossage et le respect de vos gencives., Les professionnels de la santé dentaire recommandent de changer de brosse à dents  tous les 3 mois ou quand elle est usée.]|"
2,36€ / Pce"|"
2,36 €"
2364|Brosse à dents souple acces facile + echantillon gratuit 15ml|Le blister|[Origine : FRANCE]|"
3,24€ / Pce"|"
3,24 €"
2365|Brosses à dente Slim Soft|Le duopack, 1 + 1 gratuit|[Origine : FRANCE]|"
1,59€ / Pce"|"
3,18 €"
2366|Brosses à dents medium|Les 4 brosses à dents|[Origine : FRANCE, Avec brosse-langue pour éliminer les bactéries responsables de la mauvaise haleine., Changez votre brosse à dents tous les 3 mois.]|"
0,79€ / Pce"|"
3,14 €"
2367|Brosses à dents souple|Les 4 brosses à dents|[Origine : FRANCE, Avec brosse langue pour éliminer les bactéries responsables de la mauvaise haleine.]|"
0,80€ / Pce"|"
3,18 €"
2368|brossse à dents slimsoft active,souple|Le blister d'une brosse à dents|[Origine : FRANCE, La pointe des poils 17x plus fine permet d'atteindre et de retirer les particules alimentaires se trouvant dans les espaces interdentaires., Les dentistes recommandent de changer de brosse à dents tous les 3 mois.]|"
3,18€ / Pce"|"
3,18 €"
2369|Brosse à dents Sensitive, Medium|L'unité|[Origine : FRANCE, Avec des brins arrondis pour nettoyer en douceur les collets dentaires dénudés et les dents sensibles. Des brins arrondis pour une nettoyage complet en douceur. Brins en X plus longs pour nettoyer jusque dans les espaces interdentaires. Tête de brosse enrobée d'une matière souple. Manche ergonomique.]|"
3,97€ / Pce"|"
3,97 €"
2370|Brosse à dents sensitive, souple|La brosse à dents|[Origine : FRANCE]|"
3,76€ / Pce"|"
3,76 €"
2371|Brosse à dents Flexible|Le blister d'une brosse|[Origine : FRANCE]|"
4,55€ / Pce"|"
4,55 €"
2372|Brosse à dents multiprotection, medium|Le blister d'une brosse à dents|[Origine : FRANCE]|"
4,11€ / Pce"|"
4,11 €"
2373|Brosse à dents pro-flex, medium|Le blister d'une brosse à dents|[Origine : FRANCE]|"
3,52€ / Pce"|"
3,52 €"
2374|Brosse à dents souple, clean et sensitive|L'unité|[Origine : CHINE, Une combinaison de poils normaux et super fins pour être durs avec la plaque dentaire mais doux avec les gencives. Son rafraîchisseur de langue vous aide à conserver une haleine fraîche., Les dentistes recommandent de changer de brosse à dents tous les 3 mois.]|"
3,55€ / Pce"|"
3,55 €"
2375|Brosse a dents interdentaire medium|Blister|[Origine : ITALIE, Un nettoyage de précision même dans les espaces les plus étroits. Filaments interdentaires extra-fins pour retirer la plaque et les impuretés entre les dents. Poils blancs pour un nettoyage efficace et en douceur de la surface de la dent. Gratte langue : nettoie la langue et les parois internes des joues., Brossez vous les dents au moins 2 fois par jour. Changez de brosse à dents tous les 2 mois.]|"
3,59€ / Pce"|"
3,59 €"
2376|Brosse a dents interdentaire souple|Blister|[Origine : ITALIE, Un nettoyage de précision même dans les espaces les plus étroits. Filaments interdentaires extra-fins pour retirer la plaque et les impuretés entre les dents. Poils blancs pour un nettoyage efficace et en douceur de la surface de la dent. Gratte langue : nettoie la langue et les parois internes des joues., Brossez vous les dents au moins 2 fois par jour. Changez de brosse à dents tous les 2 mois.]|"
3,59€ / Pce"|"
3,59 €"
2377|Brosse à dents souple, soin gencives|Le blister|[Origine : FRANCE, Un brossage efficace contre la plaque, doux avec vos gencives. Des dents et des gencives mieux nettoyées et en meilleure santé. Un nettoyage en douceur pour prévenir les irritations., Brossez-vous les dents au moins 2 fois par jour. Changez de brosse à dents tous les 2 mois.]|"
3,83€ / Pce"|"
3,83 €"
2378|Brosse à dent douceur souple, dents sensibles|Le blister d'une brossse à dents|[Origine : ROYAUME UNI, La brosse à dents Douceur Dents Sensibles a été spécialement conçue pour un nettoyage quotidien des dents sensibles : ses filaments souples et fins nettoient en douceur. Sa petite tête entourée de gomme protège contre les chocs lors du brossage. Sonmanche ergonomique permet une bonne prise en main pour un brossage contrôlé.]|"
3,66€ / Pce"|"
3,66 €"
2379|Brosse à dents, extra-souple, douceur dents sensibles|L'unité|[Origine : ROYAUME UNI, La brosse à dents Douceur Dents Sensibles de Sensodyne a été spécialement conçue pour un nettoyage quotidien des dents sensibles: ses filaments souples et fins nettoient en douceur.Sa petite tête entourée de gomme protège contre les chocs lors du brossage. Son manche ergonomique permet une bonne prise en main pour un brossage contrôlé.]|"
3,66€ / Pce"|"
3,66 €"
2380|Brosse à dents extra souple, précision dents sensibles|L'unité|[Origine : FRANCE, La brosse à dents Sensodyne a été spécifiquement conçue pour nettoyer les dents sensibles en douceur: Sa petite tête permet de nettoyer les zones difficiles d'accès.ses poils doux et arrondis aident à prévenir l'érosion de l'émail et l'irritation desgencives. La pression sur les collets sensibles est réduite.]|"
3,70€ / Pce"|"
3,70 €"
2381|Brosse a dents précision dents sensibles, medium|Le blister de 1 brosse à dent|[Origine : ALLEMAGNE]|"
3,70€ / Pce"|"
3,70 €"
2382|Brosse à dents électrique 360°, Nettoyage complet de la bouche|Brosse à dents|[Origine : FRANCE, Tête double action, manche confortable anti-dérapant, tête de brosse et piles remplaçables. La puissance de repousser les bactéries pour un nettoyage complet et une bouche saine., Après utilisation, rincez parfaitement la tête de brosse, agitez la brosse pour éliminer l'excédent d'eau et rangez la en position verticale. Les dentistes recommandent de changer de brosse à dents tous les 3 mois. A utiliser sous la surveillance d'un adulte pour les enfants de moins de 6 ans. Ne convient pas aux enfants de moins de 3 ans. Ne pas jeter avec les ordures ménagères. Enlever les piles. Retourner ce produit au point de collecte des équipements électriques.]|"
11,48€ / Pce"|"
11,48 €"
2383|Brosse à dents medium, Sonicpower|La brosse à dents|[Origine : FRANCE, Ses lamelles polissantes et vibrantes en étoile aident à éliminer les taches., Ne convient pas aux enfants de moins de 3 ans. La tête de la brosse n'est pas remplaçable. Ne pas jeter avec les ordures ménagères. Enlever la pile et retournez ce produit au point de collecte des équipements électriques.]|"
6,38€ / Pce"|"
6,38 €"
2384|Brossette recharge 360°, Nettoyage complet de la bouche|Recharge x2|[Origine : FRANCE, La puissance de repousser les bactéries pour un nettoyage complet et une bouche saine., Pour remplacer la tête de brosse : détachez doucement la tête du manche, puis enfoncez une nouvelle tête de brosse Colgate 360° sur le manche. Après utilisation, rincez parfaitement la tête de brosse, agitez le brosse pour éliminer l'excédent d'eau et rangez la en position verticale. Les dentistes recommandent de changer de brosse à dents tous les 3 mois. A utiliser sous la surveillance d'un adulte pour les enfants de moins de 6 ans. Ne convient pas aux enfants de moins de 3 ans.]|"
3,81€ / Pce"|"
7,61 €"
2385|3D white|Recharge x2|[Origine : FRANCE, Blanchit naturellement les dents grâce à sa partie centrale qui élimine les taches. Les poils Indicator vous indiquent le moment de changer de brossette.Oral-B, la marque de brosses à dents la plus utilisée par les dentistes eux-mêmes dans le monde.Ne s'adapte pas à : Pulsonic, Sonic Complete, Vitality Sonic, CrossAction Power.]|"
6,59€ / Pce"|"
13,17 €"
2386|Brosse à dent électrique rechargeable|Le blister d'une brosse à dents|[Origine : FRANCE]|"
23,33€ / Pce"|"
23,33 €"
2387|Brosse à dents électrique|L'unité|[Origine : FRANCE, Mouvements d'oscillo-rotations ultra-rapides pour nettoyer mieux qu'une brosse à dents manuelle ordinaire.Brossette Oral-B Précision Clean : pour des dents plus propres et des gencives protégées, comparé à une brosse à dents manuelle ordinaire., Rechargeable en 2 minutes.]|"
23,33€ / Pce"|"
23,33 €"
2388|Brosse à dents électrique|L'unité|[Origine : FRANCE, Mouvements d'oscillo-rotations ultra-rapides pour nettoyer mieux qu'une brosse à dents manuelle ordinaire.Brossette Oral-B Précision Clean : pour des dents plus propres et des gencives protégées, comparé à une brosse à dents manuelle ordinaire., Rechargeable en 2 minutes.]|"
23,33€ / Pce"|"
23,33 €"
2389|Brosse à dents électrique pour enfants|La boîte d'une brosse avec base de chargement|[Origine : ALLEMAGNE, Conçue pour aider les enfants à bien se brosser les dents. Rechargeable. Minuteur 2 minutes signale à l'enfant qu'il atteint les 2 minutes de temps de brossage., Contient : 1 corps de brosse. 1 base de rechargement. 1 brossette.]|"
24,71€ / Pce"|"
24,71 €"
2390|Brosse à dents électrique vitality rechargeable|Le blister|[Origine : FRANCE, Avec ses 7 600 rotations par minute, Oral-B Vitality TriZone élimine plus de plaque dentaire qu'une brosse à dents manuelle classique. Des résultats de nettoyage supérieurs sans changer sa technique de brossage comparé à une brosse à dents manuelle classique. Dotée de poils effectuant des mouvements de balayage qui atteignent plus de surfaces des dents qu'une brosse à dents manuelle classique. Minuteur 2 minutes : un minuteur intégré vous aide à respecter le temps de brossage recommandé par lesdentistes., La brosse à dents électrique Oral-B Vitality Trizone comprend : 1 manche, 1 brossette Trizone, 1 mini-chargeur.]|"
23,00€ / Pce"|"
23,00 €"
2391|Brosse à dents électrique vitality rechargeable|Le blister|[Origine : FRANCE, Avec ses 7 600 rotations par minute, Oral-B Vitality TriZone élimine plus de plaque dentaire qu'une brosse à dents manuelle classique. Des résultats de nettoyage supérieurs sans changer sa technique de brossage comparé à une brosse à dents manuelle classique. Dotée de poils effectuant des mouvements de balayage qui atteignent plus de surfaces des dents qu'une brosse à dents manuelle classique. Minuteur 2 minutes : un minuteur intégré vous aide à respecter le temps de brossage recommandé par lesdentistes., La brosse à dents électrique Oral-B Vitality Trizone comprend : 1 manche, 1 brossette Trizone, 1 mini-chargeur.]|"
23,00€ / Pce"|"
23,00 €"
2392|"Brosse à dents qui ""pulse"""|La brosse à dents|[Origine : FRANCE, Pivote et pulse pour une nouvelle sensation de propreté !]|"
7,47€ / Pce"|"
7,47 €"
2393|Dual clean|Recharge x2|[Origine : FRANCE, Une double action de nettoyage grâce au mouvement combiné des 2 têtes de brossage. Les poils Indicator vous indiquent le moment de changer de brossette.Oral-B, la marque de brosses à dents la plus utilisée par les dentistes eux-mêmes dans le monde. Compatible avec les brosses à dents Oral-B à rotation. Ne s'adapte pas à : Pulsonic, Sonic Complete, Vitality Sonic, CrossAction Power.]|"
6,07€ / Pce"|"
12,14 €"
2394|Précision clean|Recharge x2|[Origine : FRANCE, Contribue à enlever la plaque dentaire et nettoie entre les dents et le long du sillon gingival. Les poils Indicator vous indiquent le moment de changer de brossette.Oral-B, la marque de brosses à dents la plus utilisée par les dentistes eux-mêmes dans le monde. Des dents plus propres, des gencives mieux protégées comparé aux résultats obtenus avec une brosse à dents manuelle ordinaire. Compatible avec les brosses à dents Oral-B à rotation. Ne s'adapte pas à : Pulsonic, Sonic Complete, VitalitySonic, CrossAction Power.]|"
6,69€ / Pce"|"
13,38 €"
2395|Précision Clean|Recharge x4|[Origine : FRANCE, Contribue à enlever la plaque dentaire et nettoie entre les dents et le long du sillon gingival. Les poils Indicator vous indiquent le moment de changer de brossette.Des dents plus propres, des gencives mieux protégées comparé aux résultats obtenus avec une brosse à dents manuelle ordinaire., Compatible avec les brosses à dents Oral-B à rotation Oral-B. Ne s'adapte pas à : Pulsonic, Sonic Complete, Vitality Sonic, CrossAction Power.]|"
5,92€ / Pce"|"
23,68 €"
2396|Sensitive clean|Recharge x2|[Origine : FRANCE, Oral-B, la marque de brosses à dents la plus utilisée par les dentistes eux-mêmes dans le monde.Un nettoyage en douceur grâce à ses poils extra souples. Les poils Indicator vous indiquent le moment de changer de brossette., Compatible avec les brosses à dents Oral-B à rotation : Pulsonic, Sonic Complete, Vitality Sonic, CrossAction Power.]|"
6,18€ / Pce"|"
12,35 €"
2397|Brosse à dents électrique|L'unité|[Origine : FRANCE, Garantie 6 mois., Pour plus d'efficacité, nettoyez vos dents une à une, ne pas exercer une pression trop forte. La tête à été spécialement conçue pour mieux pénétrer les espaces inter-dentaires tout en respectant les gencives. Avant la première utilisation, retirez lefilm plastique autour des 2 piles AA. Pour changer les piles, retirez le capuchon inférieur de la brosse. Ne nettoyer pas votre brosse à dents quand le capuchon des piles n'est pas en place. Changez la tête de la brosse tous les trois mois. Cette tête est compatible avec les précédentes brosses à dents Signal Integral. Jetez les piles dans un récipient de recyclage. Le produit usagé ne doit pas être traité comme un déchet ménager normal.]|"
8,29€ / Pce"|"
8,29 €"
2398|Brosse à dents électrique rechargeable|L'unité|[Origine : FRANCE, Les brosses à dents électriques Signal ont été conçues pour éliminer plus efficacement la plaque dentaire d'une brosse à dents manuelle tout en étant douces pour vos gencives. Une efficacité supérieure contre la plaque dentaire. Aide à garder des gencives saines. Doux pour les gencives., Compatible avec toutes les brossettes Signal Sonic. Brossez vous les dents au moins 2 fois par jour. Changez de brossette tous les 3 mois. Consultez votre dentiste 2 fois par an., Rechargeable sur le secteur. Autonomie de 2 semaines (2 brossage/jour).]|"
24,57€ / Pce"|"
24,57 €"
2399|Brosse à dents électrique rechargeable|L'unité|[Origine : FRANCE]|"
24,61€ / Pce"|"
24,61 €"
2400|Brossette de rechange pour brosse à dents électrique|Les 2 brosettes|[Origine : FRANCE, La tête a été spécialement conçue pour mieux pénétrer les espaces inter-dentaires tout en respectant les gencives., Pour plus d'efficacité, nettoyer vos dents une à une, ne pas exercer une pression trop forte. Les dentistes recommandent de remplacer la tête de la brosse tous les trois mois. Pour cela, enlevez la tête du manche en la tirant légèrement vers l'extérieur et remplacez-le par une nouvelle tête de brosse Signal Integral.]|"
3,29€ / Pce"|"
6,58 €"
2401|Recharge brosse à dents électrique|Recharge x2|[Origine : SUISSE]|"
12,86€ / Pce"|"
12,86 €"
2402|Kit de brossage pour les enfants , Brosse à dents, gobelet , dentifrice , capuchon protecteur|Le kit|[Origine : FRANCE, Le kit de brossage Aquafresh Popsy comprend un gobelet, une brosse à dents et un tube dentifrice, spécialement étudiés pour l'utilisation par un enfant ainsi qu'un capuchon protecteur.Le dentifrice Aquafresh 3 Dent de Lait est sans sucre et spécialement formulé pour les dents et les gencives des enfants de 2 à 6 ans. La brosse à dents, avec ses poils extra-souples, est spécialement conçue pour ne pas agresser l'émail et les gencives des enfants., Lave tes dents 3 fois par jour avec la valeur d'un pois de dentifrice sous le contrôle d'un adulte. Pendant 3 min. Change de brosse tous les 3 mois., Aqua, glycerin, hydrated silica, xylitol, peg-6, xanthan gum, sodium fluoride, sodium methyl cocoyl taurate, disodium phosphate, aroma, titanium dioxide, sodium saccharin, methylparaben, propylparaben, CI 73360, CI 74160. Contient du fluorure de sodium (500ppm de fluor)., Le dentifrice se conserve 12 mois après ouverture.]|"
4,17€ / Pce"|"
4,17 €"
2403|Shrek, brosse à dents électriques, extra souple|Le blister|[Origine : FRANCE, Pour un brossage super efficace et super fun ! Avec colgate Shrek tes dents sont d'une propreté remarquable et le brossage devient super fun ! Choisis ta brosse parmi les différentes figurines. Une petite tête rotative avec des poils extra souples :nettoie les dents en profondeur et élimine la plaque dentaire en douceur. Boutons 'marche/arrêt' souples, 2 piles remplaçables AAA alkaline incluses. Manche plus fin., La brosse tient à plat pour une application facile du dentifrice. Après utilisation, rince minutieusement la tête de la brosse, secoue-la pour éliminer les gouttes d'eau et repose-la à la verticale. La tête de la brosse n'est pas remplaçable. Les professionnels de la santé dentaire recommandent de changer de brosse tous les 3 mois. Non destiné aux enfants de moins de 3 ans. Ne pas mélanger anciennes et nouvelles piles. Ne pas mélanger pile alkaline, pile standard (carbone- zinc), et pile rechargeable (nickel-cadmium). Ne pas jeter avec les ordures ménagères. Retourner ce produit au point de collecte des équipements électriques.]|"
7,67€ / Pce"|"
7,67 €"
2404|Brosse à dents enfant, de 2-6 ans|L'unité|[Origine : FRANCE, La brosse à dents spécialement étudiée pour les jeunes enfants.Une petite tête aux formes douces pour brosser toutes les dents, même celles du fond. Des poils souples, aux bouts arrondis et découpés en courbe pour protéger les gencives. Un manche conçu pour s'adapter parfaitement à leurs petites mains. Une double ventouse pour une brosse intelligente et ludique qui tient debout toute seule sur les surfaces d'une salle de bain., Préférer un dentifrice faiblement fluoré (450-500 ppm) comme le dentifrice Signal Kids. Remplacer votre brosse à dents tous les 3 mois. Brossez-vous les dents au moins deux fois par jour.]|"
2,83€ / Pce"|"
2,83 €"
2405|Brosse à dents junior 7-13 ans, souple, avec sa ventouse|Le blister|[Origine : FRANCE, Signal 7-13 ans : un brossage agréable et efficace pour les juniors. Une petite tête profilée pour un brossage optimal. Un manche souple et ergonomique, pour une meilleure prise en main.Brosse à dents avec sa ventouse., Pour protéger les dents en croissance, il faut : éliminer la plaque dentaire par un brossage soigné après chaque repas. Utiliser régulièrement un dentifrice fluoré comme le dentifrice Signal 7-13 ans. Remplacer votre brosse à dent tous les 3 mois. Consultez votre dentiste une à deux fois par an.]|"
2,87€ / Pce"|"
2,87 €"
2406|Brosse à dents souple avec sa ventouse, 7-13 ans|Les 3 brosses à dents|[Origine : FRANCE, Signal 7-13 ans un brossage agréable et efficace pour les juniors. Une petite tête profilée pour un brossage optimal. Un manche souple et ergonomique, pour une meilleure prise en main.Une petite tête profilée pour un brossage optimal. Un manche souple et ergonomique, pour une meilleure prise en main., Pour protéger les dents en croissance, il faut : éliminer la plaque dentaire par un brossage soigné après chaque repas. Utiliser régulièrement un dentifrice fluoré comme le dentifrice Signal 7-13 ans. Brossez-bous les dents au moins 2 fois par jour.Changez de brosse à dents Signal tous les 3 mois. Consultez votre dentiste au moins deux fois par an.]|"
2,28€ / Pce"|"
6,85 €"
2407|Bain de bouche multi-protection antiplaque|Le flacon de 250ml|[Origine : FRANCE, Utiliser le bain de bouche Multi-protection antiplaque Monoprix 2 fois par jour matin et soir après le brossage permet une meilleure hygiène bucco-dentaire. Il favorise la réduction de la plaque dentaire, protège les gencives et nettoie même les zones difficiles à atteindre. Il contient du fluor qui renforce l'émail de vos dents et vous assure une haleine fraîche., Usage quotidien. Faire un bain de bouche matin et soir après le brossage. Remplir le bouchon et se rincer la bouche pendant 30 secondes puis recracher. Ne pas avaler. Pour adultes seulement. Tenir hors de la portée des enfants., Aqua, alcohol denat, sorbitol, peg-40 hydrogenated castor oil, aroma, sodium benzoate, allantoin, cetylpyridinium chloride, sodium saccharin, sodium fluoride, menthol, Cl 16035. Contient du fluorure de sodium (0,025%) soit 113 ppm de fluor., 12 mois après ouverture.]|"
7,64€ / L"|"
1,91 €"
2408|Bain de bouche multi-protection antiplaque|Le flacon de 500ml|[Origine : ESPAGNE, Utiliser le bain de bouche Multi-protection antiplaque Monoprix 2 fois par jour matin et soir après le brossage permet une meilleure hygiène bucco-dentaire. Il favorise la réduction de la plaque dentaire, protège les gencives et nettoie même les zones difficiles à atteindre. Il contient du fluor qui renforce l'émail de vos dents et vous assure une haleine fraîche., Usage quotidien. Faire un bain de bouche matin et soir après le brossage. Remplir le bouchon et se rincer la bouche pendant 30 secondes puis recracher. Ne pas avaler. Pour adultes seulement. Tenir hors de la portée des enfants., Aqua, alcohol denat, sorbitol, peg-40 hydrogenated castor oil, aroma, sodium benzoate, allantoin, cetylpyridinium chloride, sodium saccharin, sodium fluoride, menthol, Cl 16035. Contient du fluorure de sodium (0,025%) soit 113 ppm de fluor., 12 mois après ouverture.]|"
5,40€ / L"|"
2,70 €"
2409|Bain de bouche multi-protection dents et gencives|Le flacon de 500ml|[Origine : ESPAGNE, Utiliser le bain de bouche Multi-protection Dents et Gencives Monoprix 2 fois par jour matin et soir après le brossage permet une meilleure hygiène bucco-dentaire. Il favorise la réduction de la plaque dentaire, protège les gencives et nettoie même les zones difficiles à atteindre. Il contient du fluor qui renforce l'émail de vos dents et vous assure une haleine fraîche., Usage quotidien. Faire un bain de bouche matin et soir après le brossage. Remplir le bouchon et se rincer la bouche pendant 30 secondes puis recracher. Ne pas avaler. Pour adultes seulement. Tenir hors de la portée des enfants., Aqua, alcohol denat, sorbitol, peg-40 hydrogenated castor oil, panthenol, aroma, sodium benzoate, potassium acesulfame, sodium saccharin, cetylpyridinium chloride, sodium fluoride, citric acid, menthol, Cl 47005, Cl 42090. Contient du fluorure de sodium (0,025%) soit 113 ppm de fluor., 12 mois après ouverture.]|"
4,84€ / L"|"
2,42 €"
2410|Bain de bouche multi-protection|Le flacon de 500ml|[Origine : FRANCE, Forme une couche protectrice qui neutralise les effets nuisibles des bactéries et de la plaque pendant 12 heures. Procure une haleine vraiment fraîche. Elimine efficacement les bactéries.Des gencives jusqu'à 67% + fortes., Utilisez Colgate Plax 2 fois par jour après le brossage pour une bouche saine, plus fraîche. Remplissez le bouchon jusqu'à la ligne (20ml). Rincez-vous soigneusement la bouche pendant 30 secondes puis recrachez. Ne pas avaler. Ne pas avaler. Ne convient pas aux enfants moins de 6 ans. Tenir hors de portée des enfants., Aqua, glycerin, alcohol, propylene glycol, sorbitol, polysorbate 20, sodium benzoate, menthol, aroma, cetylpyridinium chloride, sodium fluoride, sodium saccharin, Cl 15510, Cl 17200. Contient : fluorure de sodium 0,025% (112 ppmF)., 12 mois après ouverture.]|"
11,92€ / L"|"
5,96 €"
2411|Bain de bouche multi-protection, menthe douce|Le flacon de 500ml|[Origine : FRANCE, Forme une couche protectrice qui neutralise les effets nuisibles des bactéries et de la plaque pendant 12 heures. Procure une haleine vraiment fraîche. Elimine efficacement les bactéries.Des gencives jusqu'à 67% + fortes., Utilisez Colgate Plax 2 fois par jour après le brossage pour une bouche saine, plus fraîche. Remplissez le bouchon jusqu'à la ligne (20ml). Rincez-vous soigneusement la bouche pendant 30 secondes puis recrachez. Ne pas avaler. Ne convient pas aux enfants de moins de 6 ans. Tenir hors de portée des enfants., Aqua, glycerin, alcohol, propylene glycol, sorbitol, polysorbate 20, sodium benzoate, menthol, aroma, cetylpyridinium chloride, sodium fluoride, sodium saccharin, Cl42090, Cl47005. Contient : fluorure de sodium 0,025% (112 ppmF)., 12 mois après ouverture.]|"
11,92€ / L"|"
5,96 €"
2412|Bain de bouche soin complet|La bouteille de 500ml|[Origine : FRANCE, 10 bénéfices en 1 : 12h de protection, rafraîchit l'haleine, prévient la formation de la plaque, renforce l'email, réduit les bactéries, agit dans les endroits difficiles à atteindre etc., Remplissez le bouchon jusqu'à la ligne (20 ml). Rincez vous soigneusement la bouche pendant 30 secondes puis recrachez. Ne pas avaler. Ne convient pas aux enfants de moins de 6 ans. Tenir hors de la portée des enfants. Cette formule ne contient pas d'alcool., Aqua, glycerin, propylene glycol, sorbitol, poloxamer 407, aroma, cetylpyridinium chloride, potassium sorbate, sodium fluoride, sodium saccharin, menthol, CI 42051., 12 mois après ouverture.]|"
12,96€ / L"|"
6,48 €"
2413|Solution dentaire au fluorure d'amines olafluor|La bouteille de 400ml|[Origine : FRANCE, IngrÍdients: Aqua, Propylene Glycol, PEG-40 Hydrogenated Castor Oil, Olaflur, Aroma (menthe-eucalyptus), PVP/Dimethyaminoethylmethacrylate Polycarbamyl Polyglycol Ester, Saccharin, Hydroxyethylcellulose, Potassium, Fluoride, Potasium Hydroxide, Polyaminopropyl Biguanide.]|"
14,03€ / L"|"
5,61 €"
2414|Bain de bouche antibactérien|Le flacon de 500ml|[Origine : ITALIE, C'est prouvé, utilisé deux fois par jour, Lusterine Total Care nettoie et protège avec 6 bénéfices pour une hygiène orale totale.Réduit la plaque dentaire, maintient les gencives saines, renforce l'émail des dents, prévient la formation du tartre pour aider à garder les dents naturellement blanches, élimine jusqu'à 99.9% des bactéries de la bouche (testé in vitro), rafraîchit l'haleine jusqu'à 24 heures., Particulièrement efficace en utilisation matin et soir après le brossage. Verser 20ml (4 cuillères à café de 5ml) dans un verre, à utiliser en rinçage autour des dents et des gencives pendant 30 secondes, puis recracher. Ne pas utiliser chez l'enfantde moins de 12 ans. Ne pas utiliser si le plastique de protection qui entoure le bouchon est endommagé à l'achat. Ne pas diluer, ni avaler, ni boire à la bouteille. Ne remplace pas le brossage des dents après chaque repas. Si vous utilisez des compléments fluorés, consultez votre dentiste., Aqua, alcohol, sorbitol, aroma, poloxamer 407, benzoic acid, zinc chloride, eucalyptol, methyl salicylate, sodium saccharin, thymol, menthol, sodium benzoate, sodium fluoride, sucralose, benzyl alcohol, Cl16035, Cl42090. Contient du fluorure de sodium (0.022% m/v 100 ppm F)., 12 mois après ouverture.]|"
15,02€ / L"|"
7,51 €"
2415|Bain de bouche antibactérien|Le flacon de 500ml|[Origine : ITALIE, Aide à renforcer l'émail des dents même dans les zones difficiles d'accès. Aide à reminéraliser l'émail suite aux attaques acides, pour des dents fortes et saines. En aidant à éliminer certaines bactéries, participe à la réduction de la plaque entreles dents et rafraîchit l'haleine., A utiliser deux fois par jour. Particulièrement efficace en utilisation matin et soir après le brossage. Versez 20ml (4 cuillères à café de 5ml) dans un verre, à utiliser en rinçage autour des dents et des gencives pendant 30 secondes, puis recracher. Pour ouvrir : presser sur les côtés du bouchon et tourner. Pour fermer : tourner le bouchon jusqu'au cran de sécurité. Tenir hors de portée des enfants. Ne pas utiliser chez l'enfant de moins de 12 ans. Ne pas utiliser si le plastique de protectionqui entoure le bouchon est endommagé à l'achat. Ne pas diluer, ni avaler, ni boire à la bouteille. Ne remplace pas le brossage des dents après chaque repas. Si vous utilisez des compléments fluorés, consultez votre dentiste. Demandez conseil à votredentiste. Il est recommandé de consulter régulièrement un chirurgien-dentiste., Aqua, alcohol, sorbitol, poloxamer 407, benzoic acid, sodium saccharin, eucalyptol, methyl salicylate, aroma, thymol, sodium fluoride, menthol, sodium benzoate, Cl 15985, Cl 42090. Contient du fluorure de sodium (225 ppm F)., 12 mois après ouverture.]|"
15,02€ / L"|"
7,51 €"
2416|Bain de bouche antibactérien au fluor, protection dents et gencives|Le flacon de 250ml|[Origine : FRANCE, Utilisé 2 fois par jour après le brossage Listerine Protection Dents et Gencives procure une meilleure hygiène bucco-dentaire en agissant dans les endroits que la brosse à dents ne peut pas atteindre. Prouvé cliniquement, Listerine Protection Dents et Gencives favorise l'élimination de certaines bactérie responsables de la formation de la plaque dentaire, une des causes des problèmes de dents et de gencives, favorise la réduction de l'inflammation et des saignements occasionnels des gencives, aide à renforcer l'émail des dents et favorise la prévention des caries grâce à sa formule au fluor, assure une haleine fraîche durable. Pour des gencives saines et des dents renforcées., A usagfe quotidien. Faire un bain de bouche matin et soir après le brossage. Verser 20ml (4 cuillères à café de 5ml) dans un verre sans diluer, rincer pendant 30 secondes, puis recracher. Pour ouvrir le flacon, presser fortement sur les côtés et tourner. Pour fermer, tourner le bouchon jusqu'au cran de sécurité. Ne remplace pas le brossage des dents après chaque repas. Ne pas utiliser si le plastique de protection qui entoure le bouchon est endommagé à l'achat. Ne pas utiliser chez l'enfant de moins de 12 ans. Ne pas diluer ou avaler, ni boire à la bouteille. Ne pas laisser à la portée des enfants., Aqua, alcohol, sorbitol, propyl alcohol, poloxamer 407, benzoic acid, sodium saccharin, aroma, eucalyptol, methyl salicylate, thymol, menthol, sodium benzoate, sodium fluoride, Cl47005, Cl42053. contient du fluorure de sodium (0.022% m/v 100ppm F). (PR005019).]|"
20,56€ / L"|"
5,14 €"
2417|Bain de bouche antibactérien Stay White, réduit le tartre pour prévenir les tâches|Le flacon de 500ml|[Origine : ITALIE]|"
13,78€ / L"|"
6,89 €"
2418|Bain de bouche fraîcheur intense|La bouteille de 250ml|[Origine : ITALIE]|"
20,56€ / L"|"
5,14 €"
2419|Bain de bouche fraîcheur intense|La bouteille de 500ml|[Origine : ITALIE]|"
13,78€ / L"|"
6,89 €"
2420|Bain de bouche Listerine, variétés au choix|La flacon de 250 ml|[Origine : ITALIE, Utilisé 2 fois par jour après le brossage Listerine Protection Dents Gencives procure une meilleure hygiène bucco-dentaire en agissant dans les endroits que la brosse ne peut pas atteindre.Prouvé cliniquement, Listerine Protection Dents et Gencives favorise l'élimination de certaines bactérie responsables de la formation de la plaque dentaire, une des causes des problèmes de dents et de gencives, favorise la réduction de l'inflammation et des saignements occasionnels des gencives, aide à renforcer l'émail des dents et favorise la prévention des caries grâce à sa formule au fluor, assure une haleine fraîche durable. Pour des gencives saines et des dents renforcées., A usage quotidien. Faire un bain de bouche matin et soir après le brossage. Verser 20ml (4 cuillères à café de 5ml) dans un verre sans diluer, rincer pendant 30 secondes, puis recracher. Pour ouvrir le flacon, presser fortement sur les côtés et tourner. Pour fermer, tourner le bouchon jusqu'au cran de sécurité. Ne remplace pas le brossage des dents après chaque repas. Ne pas utiliser si le plastique de protection qui entoure le bouchon est endommagé à l'achat. Ne pas utiliser chez l'enfant de moins de 12 ans. Ne pas diluer ou avaler, ni boire à la bouteille. Ne pas laisser à la portée des enfants., Aqua, alcohol, sorbitol, propyl alcohol, poloxamer 407, benzoic acid, sodium saccharin, aroma, eucalyptol, methyl salicylate, thymol, menthol, sodium benzoate, sodium fluoride, Cl47005, Cl42053. Contient du fluorure de sodium (0,022% m/v 100ppm F)., 12 mois après ouverture.]|"
13,98€ / L"|"
6,99 €"
2421|Bain de bouche total care|La bouteille de 95ml|[Origine : ITALIE, Réduit la plaque dentaire, maintient les gencives saines, renforce l'email des dents, prévient la formation du tartre pour garder des dents plus blanches, rafraîchit l'haleine jusqu'à 24h., Particulièrement efficace en utilisation matin et soir après le brossage. Verser 20 ml (4 cuillères à café de 5 ml) dans un verre à utiliser en rinçage autour des dents et des gencives pendant 30 sec puis recracher. Ne pas utiliser chez l'enfant de moins de 12 ans. Ne pas utiliser si le  plastique de protection qui entoure le bouchon est endommagé à l'achat. Ne pas diluer, ni avaler, ni boire à la bouteille. Ne remplace pas le brossage des dents après chaque repas. Si vous utilisez des compléments fluorés, consultez votre dentiste. Tenir hors de la portée des enfants., Aqua, alcohol denat, sorbitol, aroma, poloxamer 407, benzoic acid, zinc chloride, eucalyptol, methyl salicylate, sodium saccharin, thymol, menthol, sodium benzoate, sodium fluoride, sucralose, benzyl alcohol, CI16035, CI42090. Contient du fluorure desodium (100 ppm F)., 6 mois après ouverture.]|"
2,26€ / L"|"
2,15 €"
2422|Bain de bouche total care zéro alcool|La bouteille de 500ml|[Origine : ITALIE, Utilisé 2 fois par jour, Listerine Total Care Zero au goût moins intense nettoie et protège avec 6 bénéfiques pour une hygiène orale totale., Pour ouvrir : presser sur les côtés du bouchon et tourner. Pour fermer : tourner le bouchon jusqu'au cran de sécurité. A utiliser 2 fois par jour. Particulièrement efficace en utilisation matin et soir après le brossage. Verser 20 ml (4 cuillères à café de 5 ml) dans un verre, à utiliser en rinçage autour des dents et des gencives pendant 30 secondes puis recracher. Utiliser 10 ml pour les enfants âgés de 6 à 12 ans. Tenir hors de la portée des enfants. Ne pas utiliser chez l'enfant de moins de6 ans. Ne pas utiliser si le plastique de protection qui entoure le bouchon est endommagé à l'achat. Ne pas diluer, ni avaler, ni boire à la bouteille. Si vous utilisez des compléments fluorés, consultez votre dentiste., Aqua, sorbitol, propylene glycol, poloxamer 407, sodium lauryl sulfate, aroma, eucalyptol, zinc chloride, benzoic acid, sodium benzoate, methyl salicylate, thymol, sodium saccharin, sodium fluoride, menthol, sucralose, CI16035, CI42090. Contient du fluorure de sodium (220 ppm F)., 12 mois après ouverture.]|"
15,02€ / L"|"
7,51 €"
2423|Bain de bouche|Le flacon de 500ml|[Origine : FRANCE, 24 heures de protection. Aide à empêcher la formation de la plaque dentaire. Aide à prévenir les problèmes de gencives. Aide à garder l'haleine fraîche., Remplissez le bouchon jusqu'à la ligne des 15 ml. Rincez minutieusement la bouche pendant 30 secondes. Puis crachez. Utilisez 2 fois par jour. Ne pas avaler. Gardez hors de la portée des enfants. Ne pas utiliser chez l'enfant de moins de 6 ans., Aqua, glycerin, aroma, cetylpyridinium chloride, poloxamer 407, methylparaben, sodium saccharin, cinnamal, propylparaben, eugenol, Cl42090. Sans alcool. Fabriqué en Allemagne.]|"
13,58€ / L"|"
6,79 €"
2424|Soin bain de bouche multi-protection|La bouteille de 500 ml|[Origine : ITALIE, Haleine fraîche longue durée. Aide à éliminer les bactéries. Combat la plaque dentaire. Aide à renforcer, soulager et protéger les gencives., Après le brossage, remplissez 1/2 bouchon (15 ml) sans diluer. Rincez vous la bouche pendant 30 secondes puis recrachez. Demandez conseils à votre dentiste. Ne remplace pas le brossage après chaque repas. Ne pas avaler. Ne pas laisser à la portée desenfants. Ne convient pas aux enfants de moins de 6 ans., 12 mois après ouverture.]|"
11,44€ / L"|"
5,72 €"
2425|Bain de bouche|La bouteille de 500ml|[Origine : ROYAUME UNI, Doux, rafraîchissant et sans alcool, le bain de bouche Sensodyne est un moyen idéal pour compléter votre hygiène bucco-dentaire au quotidien et renforcer l'émail de vos dents., A utiliser deux fois par jour après le brossage. Mesurer 10 ml de bain de bouche (voir graduation du bouchon doseur), se rincer soigneusement la bouche pendant 1 min puis recracher. Ne pas avaler. Ne pas boire directement à la bouteille. Ne pas utiliser si l'emballage plastique autour du bouchon n'est pas intact. Usage non adapté aux enfants de moins de 6 ans. Tenir hors de la portée des enfants. Peut entrainer une coloration des dents chez certaines personnes. Si une irritation apparaît, arrêter l'utilisation de ce produit., Aqua, glycerin, sorbitol, poloxamer 338, peg-60 hydrogenated castor oil, potassium chloride, aroma, cetylpyridinium chloride, sodium fluoride, methylparaben, propylparaben, sodium benzoate, sodium saccharin, disodium phosphate, sodium phosphate. Contient du fluorure de sodium (250 ppm F)., 3 mois après ouverture.]|"
11,44€ / L"|"
5,72 €"
2426|Bain de bouche pro-émail|La bouteille de 250ml|[Origine : FRANCE, Le bain de bouche quotidien Pro Email est formulé pour aider à protéger vos dents contre les effets de l'attaque acide., A utiliser 2 fois par jour. Mesurez 10 ml et rincez pendant 1 minute, puis recrachez. Ne pas avaler. Ne pas rincer avec de l'eau. Ne pas boire directement à la bouteille. Peut causer une coloration comme tout autre produit d'hygiène buccale, en cas d'irritation arrêter l'utilisation. Ne pas donner aux enfants de moins de 12 ans sans l'avis d'un dentiste ou d'un médecin. Ne pas utiliser si la bague du capuchon est descellée., 3 mois après ouverture.]|"
17,68€ / L"|"
4,42 €"
2427|Bain de bouche, sans alcool|Le flacon de 500 ml|[Origine : ITALIE, Une formule au zinc actif qui lutte efficacement contre les bactéries et la plaque dentaire. Aide à lutter contre les caries et à renforcer l'émail des dents. Efficace contre les bactéries, doux avec votre bouche., Utiliser deux fois par jour après le brossage. Remplir le bouchon jusqu'à la ligne 20 ml. Se rincer abondamment la bouche pendant 30 sec puis recracher. Ne pas diluer, avaler ou boire à la bouteille. Ne convient pas aux enfants de moins de 6 ans. Garder hors de la portée des enfants., 6 mois après ouverture.]|"
10,70€ / L"|"
5,35 €"
2428|Bain de bouche expert protection sensibilite + genc              ives|La bouteille de 500ml|[Origine : FRANCE, Protège les gencives et soulage les dents sensibles. Avec du Citrate de Potassium connu pour réduire la sensation de gêne quand la dent est exposée aux sensations de chaud ou de froid. Une formule sans alcool. Soulager la sensibilité  dentaire. Avecdu Zinc connu pour : lutter efficacement contre les bactéries et la plaque dentaire. Garder des gencives fortes et saines., Utiliser deux fois par jour après le brossage. Remplir le bouchon jusqu'à la ligne 20 ml. Se rincer abondamment la bouche pendant 30 secondes puis recracher. Ne pas diluer, avaler ou boire à la bouteille. Ne convient pas aux enfants de moins de six ans. Garder hors de portée des enfants., Aqua, hydrogenated starch hydrolysate, peg-40 hydrogenated castor oil, potassium citrate, glycine, sodium benzoate, aroma, citric acid,  zinc sulfate, sodium saccharin, sodium fluoride, limonene, Cl17200. Contient du fluorure de sodium (225 ppm F)., 6 mois après ouverture.]|"
9,86€ / L"|"
4,93 €"
2429|Bain de bouche protection complète, formule anti-bactérienne|Le flacon de 500ml|[Origine : ALLEMAGNE, Expert Complet 7, le 1er bain de bouche Vademecum aux 7 extraits de plantes et au fluor. Ce bain de bouche est un complément idéal après brossage pour une protection complète de vos dents et une bonne hygiène bucco-dentaireAide à combattre les bactéries pour lutter contre la plaque dentaire, aide à renforcer l'émail de vos dents, procure une sensation de fraîcheur intense. Sa formule contient des extraits naturels de 7 plantes : prêle des champs, gentiane, arnica, mélisse, millepertuis, genévrier, sauge., S'utilise 2 fois par jour après le brossage des dents. Remplir le bouchon jusqu'à la ligne. Ne pas diluer. Rincez-vous la bouche pendant 30 secondes puis recrachez. Pour adultes seulement. Ne pas avaler. Conserver hors de la portée des enfants., Aqua, alcohol, sorbitol, peg-60 hydrogenated castor oil, sodium citrate, sodium saccharin, glycerin, lauryl glucoside, menthol, sodium fluoride, chlorhexidine digluconate, aroma, citric acid, arnica montana flower extract, equisetum arvense extract,gentiana lutea root extract, hypericum perforatum flower/leaf extract, juniperus communis fruit extract, melissa officinalis leaf extract, picea abies leaf extract, salvia officinalis leaf extract, Cl42053, Cl42090, Cl47005. Contient du Fluorure de Sodium (225ppm F-). Contient de l'alcool (8%)., 3 mois après ouverture.]|"
9,46€ / L"|"
4,73 €"
2430|Fil dentaire ciré-fluoré mentholé|La boite de 50 mètres de fil|[Origine : FRANCE]|"
2,56€ / Pce"|"
2,56 €"
2431|Brossettes interdentaires jetables|Le paquet de 60 brossettes interdentaires|[Origine : CHINE, Permet un nettoyage optimal des espaces interdentaires que la brosse à dents ne peut pas atteindre. Leur étui de rangement vous permet de les emporter partout et ainsi de toujours les avoir à portée de mains. Conseillé à tous et notamment aux porteurs de bridge et d'appareils dentaires orthodontiques., Introduire délicatement la brossette entre vos dents et effectuer des mouvements de va et vient. Jeter après usage.]|"
0,08€ / Pce"|"
4,93 €"
2432|Fil interdentaire antibactérien|La boîte de 50m de fil dentaire|[Origine : CHINE, Ciré pour nettoyer en douceur. Contient un dérivé fluoré, reconnu pour ses propriétés reminéralisantes de l'émail. Action antibactérienne (chlorure de cetylpyridinium) pour une meilleure hygiène du fil., Enrouler 45 cm de fil autour des doigts. Insérer le fil entre 2 dents et faire un mouvement de va et vient., Nylon-66, cera microcristallina, cera alba, ptfe, sodium fluoride, cetylpyridinium chloride.]|"
3,97€ / Pce"|"
3,97 €"
2433|Brossettes interdentaires 0,6 mm|Le blister de 5 brossettes interdentaires|[Origine : CHINE, Permet un nettoyage optimal des espaces interdentaires que la brosse à dents ne peut pas atteindre. Conseillé à tous et surtout aux porteurs de bridge et d'appareils dentaires orthodontiques. Manche flexible pour faciliter l'accès aux molaires., Après un brossage des dents appliqué, introduire délicatement la brossette entre vos dents et effectuer des mouvements de va et vient. Nettoyer soigneusement sous l'eau après usage et replacer le capot protecteur. Jeter la brossette dès usure.]|"
0,99€ / Pce"|"
4,93 €"
2434|Porte-fil dentaire|Le paquet de 18 porte-fil dentaire|[Origine : CHINE]|"
2,42€ / Pce"|"
2,42 €"
2435|Fil dentaire à la menthe|Le fil de 50 mètres|[Origine : FRANCE]|"
3,47€ / Pce"|"
3,47 €"
2436|Fil dentaire menthe, x25m|Le blister|[Origine : FRANCE, Oral-B Satinfloss procure immédiatement une sensation inédite en libérant une fraîcheur mentholée à l'utilisation. Sa texture satinée unique le rend facile à manipuler. Il retire efficacement la plaque dentaire et les particules situées entre les dents et sous la bordure gingivale, procurant une sensation de propreté éclatante., Utiliser du fil dentaire Satinfloss quotidiennement, matin ou soir, avant ou après le brossage, vous aide à garder des dents et des gencives saines. Enroulez 45 cm de fil dentaire Oral-B Satinfloss autour des majeurs. Faîtes glisser délicatement le fil entre les dents et sous la bordure gingivale. En entourant la dent avec le fil dentaire, exercez un mouvement de va-et-vient pour retirer la plaque dentaire et les particules.  Recommencez entre chaque dent, en déroulant le fil dentaire au fur età mesure pour utiliser une section de fil propre à chaque fois.]|"
3,66€ / Pce"|"
3,66 €"
2437|Recharge brossette pour brosse à dents éléctrique|Le paquet de 2 recharges|[Origine : FRANCE, Action nettoyante sur trois zones pour un retrait exceptionnel de la plaque, même entre les dents. Les poils Indicator vous indiquent le moment de changer de brossette. Nettoyage en profondeur, triple action compatible avec les brosses à dents Oral-Bà rotation et les modèles Trizone., Ne s'adapte pas à : Pulsonic. Sonic Complete. Vitality Sonic. CrossAction Power.]|"
6,88€ / Pce"|"
13,75 €"
2438|Brossettes interdentaires, dents sensibles, 2mm|Le blister de 5|[Origine : FRANCE, Plus d'une personne sur trois a les dents sensibles... et vous ? Vous ressentez une douleur lorsque vous consommez des aliments froids, chauds ou lorsque vous vous brossez les dents ? Vous avez probablement les dents sensibles. Quelles brossettes interdentaires utiliser au quotidien ? Les brossettes interdentaires Sensodyne sont adaptées à ceux qui ont les dents sensibles. Elles aident à nettoyer vos dents sensibles tout en douceur. Elles permettent un nettoyage efficace en enlevant la plaque dentaire dans les zones difficilement accessibles par la brosse à dents.Par leur action, elles respectent rémail et les gencives, et contribuent à prévenir de la sensibilité dentaire., Introduire délicatement la tête entre les dents. Vous ne devez pas forcer. Si vous n'y parvenez pas, nous vous conseillons d'utiliser un fil dentaire. Puis frotter d'avant en arrière pour enlever la plaque. Renouveler dans tous les sillons accessibles. Bien rincer la brossette après usage.]|"
407,00€ / Kg"|"
4,07 €"
2439|Fil dentaire dents sensibles 50m|L'unité|[Origine : FRANCE, Plus d'une personne sur trois a les dents sensibles... et vous ? Vous ressentez une douleur lorsque vous consommez des aliments froids, chauds ou lorsque vous vous brossez les dents ? Vous avez probablement les dents sensibles. Pourquoi utiliser le fil dentaire Sensodyne ? Le fil dentaire Sensodyne est adapté à ceux qui ont les dents sensibles. Il aide à nettoyer les dents sensibles minutieusement tout en douceur grâce à ses microfibres souples et sa texture cirée. Il permet un nettoyage efficace en enlevant la plaque dentaire dans les zones difficilement accessibles par la brosse à dents., Dérouler 50cm de fil dentaire et enrouler les extrémités autour de chaque index. Passer le fil entre les dents et former un U autour de la dent, en faisant un mouvement de va et vient de la gencive vers l'extrémité des dents.]|"
3,66€ / Pce"|"
3,66 €"
2440|Crème fixation pour appareils dentaires|Le tube de 40g|[Origine : FRANCE, Fixodent Pro Duo Protection vous donne une sensation de bouche propre et saine : antibactérien + anti-particules., 40g = minimum 30 jours d'utilisation. Nettoyez et séchez votre appareil. Appliquez la crème adhésive en une ligne continue. Remettez l'appareil en place en le maintenant fermement pendant quelques secondes. Ne pas utiliser plus de crème fixative (maximum 1,25g). Lors de la mise en bouche, si le produit déborde, cela signifie que vous en avez trop mis. Ne pas utiliser de produit plus d'une fois par jour. Utilisé de façon normale, ce tube doit durer au moins 4 semaines. Ne pas utiliser de produiten excès si votre appareil est mal ajusté. Ne pas utiliser plus de produit que ce qui est indiqué dans les instructions d'utilisation. Contient du zinc, consultez votre médecin si vous prenez d'autres produits contenant du zinc. Consultez régulièrement votre dentiste pour contrôler l'ajustement de votre appareil. Un appareil qui s'ajuste difficilement peut altérer votre santé. Ne pas laisser à la portée des enfants. Ne pas utiliser en cas d'hypersensibilité à l'un des ingrédients., Calcium/zinc PVM/MA Copolymer, paraffinum liquidum, petrolatum, cellulose gum, silica, Cl 15985, menthyl lactate, aroma, Cl 45410, sodium saccharin, limonene, cinnamal, eugenol.]|"
127,50€ / Kg"|"
5,10 €"
2441|Crème fixative pour appareils dentaires|Le tube de 70,5g|[Origine : FRANCE, Fixodent Original est le soin classique de Fixodent qui vous assure un grand confort et une bonne tenue pour toute la journée. Vous pouvez ainsi sourire, parler, boire, manger en toute confiance.Chaque jour avec Fixodent, vous retrouvez la liberté devivre en toute sécurité. Sa formule unique : assure une parfaite tenue de votre appareil tout au long de la journée, vous permet de croquer et de manger avec plaisir vos aliments préférés, vous apporte un grand confort et permet d'éviter les irritations en formant une barrière de protection qui empêche les particules alimentaires de s'insérer entre l'appareil et les gencives.]|"
87,94€ / Kg"|"
6,20 €"
2442|Crème fixative pour appareils dentaires, neutral|Le tube de 47g|[Origine : FRANCE, Fixodent Neutral vous assure toute la tenue et l'aisance que vous attendez d'une crème adhésive dentaire. Il ne contient aucun colorant ni arôme artificiel. Il a ainsi un goût neutre et sa formule diminue les risques d'hypersensibilité. FIXODENT - ETLA VIE A DU MORDANT !]|"
101,25€ / L"|"
4,05 €"
2443|Crème fixative pour appareils dentaires, Original|Le tube de 47g|[Origine : FRANCE, Fixodent Original est le soin classique de Fixodent qui vous assure un grand confort et une bonne tenue pour toute la journée. Vous pouvez ainsi sourire, parler, boire et manger en toute confiance. FIXODENT - ET LA VIE A DU MORDANT!]|"
84,25€ / L"|"
3,37 €"
2444|Crème fixative pour appareil, fixation forte et longue durée|Le tube de 40g|[Origine : IRAN, Assure une fixation forte et de longue durée. Evite l'infiltration de particules alimentaires en formant une barrière protectrice entre l'appareil et la gencive., Nettoyez votre appareil et séchez le. Appliquez la crème en bandes courtes en vous éloignant des bords. Rincez vous la bouche. Remettez l'appareil en le maintenant fermement en place et mordez pendant quelques secondes pour assurer la fixation. Tropde crème peut provoquer un débordement, diminuez la dose si cela se produit. Utilisez une fois par jour. Certaines personnes peuvent être aller allergiques à ce produit. En cas de réaction allergique, arrêtez l'utilisation immédiatement. Utilisé conformément au mode d'emploi, l'ingestion de petites quantités de crème peut avoir lieu et n'est pas nocive. Un appareil mal ajusté peut nuire à votre santé. Consultez régulièrement votre dentiste. Tenir hors de la portée des enfants., Calcium/sodium pvm/ma copolymer, petrolatum, cellulose gum, paraffinum liquidum, aroma, CI73360, CI15850:1. Ne contient pas de zinc., A conserver dans un endroit frais et sec.]|"
105,25€ / Kg"|"
4,21 €"
2445|Creme fixative pour appareil dentaire, hypoallergénique|Le tube de 40g|[Origine : IRAN, Assure une fixation forte et de longue durée. Evite l'infiltration de particules alimentaires en formant une barrière protectrice entre l'appareil et la gencive., Nettoyez votre appareil et séchez le. Appliquez la crème en bandes courtes en vous éloignant des bords. Rincez vous la bouche. Remettez l'appareil en le maintenant fermement en place et mordez pendant quelques secondes pour assurer la fixation. Lorsde la première utilisation, commencez avec une petite quantité de crème. Augmentez la quantité si besoin. Utilisez une fois par jour. Certaines personnes peuvent être allergiques à ce produit. En cas de réaction allergique, arrêtez l'utilisation immédiatement. Utilisé conformément au mode d'emploi, l'ingestion de petites quantités de crème peut avoir lieu et n'est pas nocive. Un appareil mal ajusté peut nuire à votre santé. Tenir hors de la portée des enfants.  Consultez régulièrement votre dentiste., Calcium/sodium pvm/ma copolymer, petrolatum, cellulose gum, paraffinum liquidum. Ne contient pas de zinc., A conserver dans un endroit frais et sec.]|"
109,50€ / Kg"|"
4,38 €"
2446|Crème fixative pour appareil partiel|Le tube de 40g|[Origine : ROYAUME UNI, Cellulose Gum, Petrolatum, Calcium/Sodium PVM/MA Copolymer, Paraffinum Liquidum. NE CONTIENT PAS DE ZINC.]|"
113,00€ / Kg"|"
4,52 €"
2447|Nettoyant pour appareils dentaires, anti-bacterien|La boîte de 36 comprimés|[Origine : IRAN, Cette formule contient des agents anti bactériens et anti plaque qui en libérant de l'oxygène actif aident à réduire les particules microbiennes prévenant ainsi les irritations des gencives., Mettez un comprimé Polident dans un verre d'eau tiède (pas chaude) jusqu'à ce que votre appareil dentaire (partiel ou complet) soit entièrement recouvert par la solution de trempage. Laissez tremper votre appareil dentaire environ 15 min. Vous pouvezégalement le laisser tremper toute la nuit. Pour un nettoyage optimal, brossez votre appareil avec la solution de trempage. Jetez la solution restante immédiatement après utilisation. Rincez soigneusement votre appareil dentaire à l'eau courante. Nepas porter les comprimés ou la solution à la bouche. Ne pas boire la solution ni l'utiliser comme un bain de bouche. Ne pas se toucher la bouche ou les yeux après avoir manipulé les comprimés ou la solution. Ne pas utiliser en cas d'allergie à l'undes ingrédients. Provoque une sévère irritation des yeux. Se laver soigneusement les mains après manipulation. En cas de contact avec les yeux : rincer avec précaution à l'eau pendant plusieurs minutes. Si l'irritation oculaire persiste : consulter un médecin. Tenir hors de la portée des enfants et des personnes risquant d'avaler accidentellement le comprimé ou la solution. En cas d'ingestion : appeler un centre antipoison ou un médecin. En cas d'irritation cutanée : arrêter l'utilisation et consulter un médecin., Sodium bicarbonate, citric acid, potassium caroate, sodium carbonate, sodium carbonate peroxide, taed, sodium benzoate, peg-180, sodium lauryl sulfoacetate, pvp/va copolymer, aroma, subtilisin, CI42090, CI73015., A conserver dans un endroit frais et sec à une température inférieure à 25°C.]|"
0,09€ / Pce"|"
3,14 €"
2448|Nettoyant pour appareils dentaires, anti-bactérien, anti-plaque|La boîte de 108 comprimés|[Origine : FRANCE]|"
0,05€ / Pce"|"
5,55 €"
2449|Comprimés nettoyants pour prothèses dentaires|La boîte de 128 comprimés|[Origine : ALLEMAGNE, Steradent Pureté Active agit même là ou votre brosse à dents ne peut aller. Sa formule nettoie votre prothèse dentaire en profondeur et élimine 50% de plaque de plus qu'un simple brossage., Rincez votre appareil à l'eau. Placez le dans un verre et ajoutez un comprimé Steradent. Remplissez le verre d'eau tiède et laissez agir 10 min. N'utilisez pas d'eau bouillante, cela pourrait endommager votre appareil. Rincez soigneusement votre appareil avec de l'eau avant de le remettre en bouche. Après usage, jetez la solution et rincez le verre. Ne pas mettre le comprimé dans la bouche. Ne pas boire la solution. Conserver hors de la portée et de la vue des enfants. En cas d'ingestion, consulter immédiatement un médecin. En cas d'éclaboussure, rincer abondamment avec de l'eau. Ne pas utiliser avec un autre nettoyant. Ne pas utiliser en cas d'hypersensibilité connue à l'un des ingrédients. En cas de contact avec les yeux, rincer immédiatement et abondamment avec de l'eau puis demander un avis médical. Jeter la solution et les résidus de comprimé dans un endroit approprié. Conserver la boite, la date de péremption, les précautions d'emploi et le mode d'emploi y figurent. Nettoyant pour prothèses dentaires uniquement., Sodium bicarbonate, sodium sulfate, citric acid, sodium carbonate peroxide, sodium carbonate, potassium caroate, malic acid, peg-150, peg-90, sodium cocoyl isethionate, aroma, glucose, sodium chloride, CI73015., Conserver dans un endroit frais et sec.]|"
0,06€ / Pce"|"
7,20 €"
2450|Comprimés nettoyants pour prothèses dentaires|La boîte de 36 comprimés|[Origine : ALLEMAGNE, Grâce à la puissance de sa formule, Steradent Pureté Active libère des milliers de microbulles contenant de l'oxygène actif pour éliminer 99,9% des bactéries présentes sur votre prothèse. Steradent Pureté Active agit même là ou votre brosse à dents ne peut aller., Rincez votre appareil à l'eau. Placez le dans un verre et ajoutez un comprimé Steradent. Remplissez le verre d'eau tiède et laissez agir 10 minutes. N'utilisez pas d'eau bouillante, cela pourrait endommager votre appareil. Rincez soigneusement votreappareil avec de l'eau avant de le remettre en bouche. Après usage, jetez la solution et rincez le verre. Ne pas mettre le comprimé dans la bouche. Ne pas boire la solution. Conserver hors de la portée et de la vue des enfants. En cas d'ingestion, consulter immédiatement un médecin. En cas d'éclaboussure, rincer abondamment avec de l'eau. Ne pas utiliser avec un autre nettoyant. Ne pas utiliser en cas d'hypersensibilité connue à l'un des ingrédients. En cas de contact avec les yeux, rincer immédiatement et abondamment avec de l'eau puis demander un avis médical. Jeter la solution et les résidus de comprimé dans un endroit approprié. Conserver la boite, la date de péremption, les précautions d'emploi et le mode d'emploi y figurent., Sodium bicarbonate, sodium sulfate, citric acid, sodium carbonate peroxide, sodium carbonate, potassium caroate, malic acid, peg-150, peg-90, sodium cocoyl isethionate, aroma, glucose, sodium chloride, CI73015., Conserver dans un endroit sec et frais.]|"
0,08€ / Pce"|"
2,83 €"
2451|Shampooing cheveux normaux aux extraits d'aloé vera bio|Le flacon de 250ml|[Origine : FRANCE, Enrichi en extrait de tilleul biologique, ce shampooing rend vos cheveux doux et brillants., Faire mousser puis rincer abondamment. Eviter le contact avec les yeux. En cas de contact avec les yeux, rincer immédiatement et abondamment à l'eau claire. Ne pas avaler et tenir hors de la portée des enfants., Aqua, aloe barbadensis leaf juice*, tilia cordata flower water*, ammonium lauryl sulfate, cocamidopropyl betaine, glycerin, decyl glucoside, sodium chloride, benzyl alcohol, parfum, coconut acid, benzoic acid, citric acid, dehydroacetic acid, potassium sorbate, sodium benzoate, sodium hydroxide, geraniol, limonene, linalool. *Ingrédients issus de l'agriculture biologique., 12 mois après ouverture.]|"
12,32€ / L"|"
3,08 €"
2452|Shampooing cheveux normaux aux extraits d'aloé vera bio|Le flacon de 250ml|[Origine : FRANCE, Enrichi en extrait de tilleul biologique, ce shampooing rend vos cheveux doux et brillants., Faire mousser puis rincer abondamment. Eviter le contact avec les yeux. En cas de contact avec les yeux, rincer immédiatement et abondamment à l'eau claire. Ne pas avaler et tenir hors de la portée des enfants., Aqua, aloe barbadensis leaf juice*, tilia cordata flower water*, ammonium lauryl sulfate, cocamidopropyl betaine, glycerin, decyl glucoside, sodium chloride, benzyl alcohol, parfum, coconut acid, benzoic acid, citric acid, dehydroacetic acid, potassium sorbate, sodium benzoate, sodium hydroxide, geraniol, limonene, linalool. *Ingrédients issus de l'agriculture biologique., 12 mois après ouverture.]|"
12,32€ / L"|"
3,08 €"
2453|Shampooing doux, Beurre de mangue et huile de riz, Cheveux secs|Le flacon de 100ml|[Origine : BELGIQUE, Shampooing doux pour cheveux secs., Evitez le contact avec les yeux. En cas de contact avec les yeux, rincez immédiatement et abondamment avec de l'eau., Aqua, sodium laureth sulfate, disodium cocoamphodiacetate, glycerin, sodium chloride, peg-40 hydrogenated castor oil, coco glucoside, peg-4 rapeseedamide, citric acid, parfum, sodium benzoate, polyquaternium-10, peg/ppg/14/4 dimethicone, potassium sorbate, mangifera indica seed butter, sodium styrene/acrylates copolymer, hexyl cinnamal, benzyl salicylate, tetrasodium edta, linalool, propylene glycol, oryza sativa bran oil, sodium lauryl sulfate, trideceth-7, pentaerythrityl tetra-di-t-butyl hydroxyhydrocinnamate, sodium hydroxide, CI15985, CI47005., 18 mois après ouverture.]|"
17,40€ / L"|"
1,74 €"
2454|Shampooing doux, Beurre de mangue et huile de riz, Cheveux secs|Le flacon de 250ml|[Origine : BELGIQUE, Enrichi en beurre de mangue et en huile de riz, le shampooing doux Monoprix cheveux secs nourrit vos cheveux jusqu'aux pointes sans les alourdir. Ils sont doux, légers et faciles à coiffer. Les cheveux secs retrouvent tout leur souplesse et leur brillance. Ce shampooing lave vos cheveux tout en douceur et respecte votre cuir chevelu., Pour usage fréquent. Appliquez le shampooing sur cheveux mouillés. Faites mousser et massez le cuir chevelu en douceur, puis rincez abondamment. Evitez le contact avec les yeux. En cas de contact avec les yeux, rincez immédiatement et abondamment avec de l'eau., Aqua, sodium laureth sulfate, disodium cocoamphodiacetate, glycerin, sodium chloride, peg-40 hydrogenated castor oil, coco-glucoside, peg-40 hydrogenated castor oil, coco-glucoside, peg-4 rapeseedamide, citric acid, parfum, sodium benzoate, polyquaternium-10, peg/ppg-14/4 dimethicone, potassium sorbate, mangifera indica seed butter, sodium styrene/acrylates copolymer, hexylcinnamal, benzyl salicylate, tetrasodium edta, linalool, propylene glycol, oryza sativa bran oil, sodium lauryl sulfate, trideceth-7, pentaerythrityl tetra-di-t-butyl hydroxyhydrocinnamate, sodium hydroxide, Cl15985, Cl47005., 18 mois après ouverture.]|"
9,48€ / L"|"
2,37 €"
2455|Shampooing doux, Camomille et mirabelle, Cheveux blonds|Le flacon de 250ml|[Origine : BELGIQUE, Enrichi en extraits de camomille et de mirabelle, le shampooing doux Monoprix pour les cheveux blonds préserve les beaux reflets naturels de vos cheveux. Ils sont doux, légers, brillants et faciles à coiffer. Les cheveux blonds sont sublimés et retrouvent tout leur éclat et leur luminosité. Ce shampooing lave vos cheveux tout en douceur et respecte votre cuir chevelu., Pour un usage fréquent. Appliquez le shampooing sur cheveux mouillés. Faites mousser et massez le cuir chevelu en douceur, puis rincez abondamment. Eviter le contact avec les yeux. En cas de contact avec les yeux, rincer abondamment avec de l'eau., 18 mois après ouverture.]|"
9,48€ / L"|"
2,37 €"
2456|Shampooing doux, Cédrat et anis, Cheveux à tendance grasse|Le flacon de 250ml|[Origine : BELGIQUE, Enrichi en extraits de cédrat, d'anis et d'ortie, le shampooing doux Monoprix pour les cheveux à tendance grasse purifie et rafraîchit votre cuir chevelu. Vos cheveux sont doux, légers et faciles à coiffer. Ils retrouvent tout leur tonus et leur brillance. Ce shampoing lave vos cheveux tout en douceur et respecte votre cuir chevelu., Appliquez le shampooing sur cheveux mouillés. Faites mousser et massez le cuir chevelu en douceur, puis rincez abondamment. Evitez le contact avec les yeux. En cas de contact avec les yeux, rincez immédiatement et abondamment avec de l'eau., Aqua, sodium laureth sulfate, cocamidopropyl betaine, peg-60 almond glycerides, sodium chloride, glycerin, parfum, sodium benzoate, citric acid, limonene, potassium sorbate, benzyl salicylate, propylene glycol, citral, tetra sodium edta, pimpinella anisum seed extract, urtica dioica leaf extract, citrus medica vulgaris fruit extract, hedera helix leaf/stem extract, eruca sativa leaf extract, nasturtium officinale flower/leaf extract, sodium hydroxide, Cl42090, Cl19140., 18 mois après ouverture.]|"
9,48€ / L"|"
2,37 €"
2457|Shampooing doux, Cheveux normaux, Goyave et fleur de tilleul|Le flacon de 500ml|[Origine : SUISSE, Enrichi en extraits de goyave et de leur de tilleul, le shampooing doux Monoprix cheveux normaux apporte force et éclat à vos cheveux. Ils sont doux, légers et faciles à coiffer. Vos cheveux retrouvent toute leur vitalité et leur brillance. Ce shampooing lave vos cheveux tout en douceur et respecte votre cuir chevelu., Pour un usage fréquent. Appliquez le shampooing sur cheveux mouillés. Faites mousser et massez le cuir chevelu en douceur, puis rincez abondamment. Evitez le contact avec les yeux. En cas de contact avec les yeux rincez immédiatement et abondamment avec de l'eau., Aqua, sodium laureth sulfate, cocamidopropyl betaine, sodium chloride, peg-7 glyceryl cocoate, parfum, hexyl cinnamal, sodium benzoate, citric acid, polyquaternium-10, hexylene glycol, potassium sorbate, butylene glycol, glycerin, tetrasodium edta, tilia cordata flower extract, psidium guajava fruit extract, sodium hydroxide, Cl47005, Cl15985, Cl42051., 18 mois après ouverture.]|"
6,32€ / L"|"
3,16 €"
2458|Shampooing doux, Goyave et fleur de tilleul, Cheveux normaux|Le flacon de 100ml|[Origine : BELGIQUE, Shampooing doux pour les cheveux normaux aux extraits de goyave et de fleur de tilleul., En cas de contact avec les yeux, rincer immédiatement et abondamment avec de l'eau., Aqua, sodium laureth sulfate, cocamidopropyl betaine, sodium chloride, peg-7 glyceryl cocoate, parfum, hexyl cinnamal, sodium benzoate, citric acid, polyquaternium-10, hexylene glycol, potassium sorbate, butylene glycol, glycerin, tetrasodium edta, tilia cordata flower extract, psidium guajava fruit extract, sodium hydroxide, CI47005, CI15985, CI42051., 18 mois après ouverture.]|"
17,40€ / L"|"
1,74 €"
2459|Shampooing doux, Goyave et fleur de tilleul, Cheveux normaux|Le flacon de 250ml|[Origine : BELGIQUE, Enrichi en extraits de goyave & fleur de tilleul, le shampooing doux Monoprix cheveux normaux apporte force et éclat à vos cheveux. Vos cheveux sont doux, brillants & faciles à coiffer. il lave vos cheveux tout en douceur et respecte votre cuir chevelu., Pour usage fréquent. Appliquez le shampooing sur cheveux mouillés. Faites mousser et massez le cuir chevelu en douceur, puis rincez abondamment. Evitez le contact avec les yeux. En cas de contact avec les yeux, rincez immédiatement et abondamment avec de l'eau., Aqua, sodium laureth sulfate, cocamidopropyl betaine, sodium chloride, peg-7 glyceryl cocoate, parfum, hexyl cinnamal, sodium benzoate, citric acid, polyquaternium-10, hexylene glycol, potassium sorbate, butylene glycol, glycerin, tetrasodium edta, tilia cordata flower extract, psidium guajava fruit extract, sodium hydroxide, Cl47005, Cl15985, Cl42051., 18 mois après ouverture.]|"
9,48€ / L"|"
2,37 €"
2460|Shampooing doux, Henné et huile de noix de macadamia, Cheveux bruns|Le flacon de 250ml|[Origine : BELGIQUE, Enrichi en extrait de henné et en huile de noix de macadamia, le shampooing doux Monoprix pour les cheveux bruns révèle toutes les nuances de vos cheveux. Ils sont doux, légers et faciles à coiffer. Les cheveux bruns sont sublimés et retrouvent toutleur éclat et leur brillance. Ce shampooing lave vos cheveux tout en douceur et respecte votre cuir chevelu., Pour usage fréquent. Appliquez le shampooing sur cheveux mouillés. Faites mousser et massez le cuir chevelu en douceur, puis rincez abondamment. Evitez le contact avec les yeux. En cas de contact avec les yeux, rincez immédiatement et abondamment avec de l'eau., 18 mois après ouverture.]|"
9,48€ / L"|"
2,37 €"
2461|Shampooing sec, Cédrat et fleur d'oranger|La bombe de 150ml|[Origine : FRANCE, Enrichi en extrait de cédrat et parfum de synthèse fleur d'oranger, le shampooing sec Monoprix absorbe l'excès de sébum et nettoie les cheveux sans les mouiller. Les cheveux sont souples et soyeux. Ils retrouvent toute la fraîcheur et la légèreté d'un cheveu propre. Elaboré pour un usage fréquent, ce shampooing respecte et purifie votre cuir chevelu et permet d'espacer les shampooings classiques. Testé sous contrôle dermatologique., Bien agiter avant emploi. A utiliser sur cheveux secs. Maintenir le flacon en position verticale à 15 cm des cheveux et pulvériser en insistant sur les racines. Laisser agir 2 minutes puis brosser pour enlever tout excédent de produit. En cas de non-fonctionnement, rincer le diffuseur à l'eau tiède. Utiliser et conserver à l'écart de toute flamme ou source d'ignition et d'étincelles, source de chaleur ou appareil électrique en fonctionnement. Ne pas fumer. Conserver hors de portée des enfants. Ne pas respirer les vapeurs. Utiliser seulement dans les zones bien ventilées. En cas d'ingestion, consulter immédiatement un médecin et lui montrer l'emballage ou l'étiquette. Récipient sous pression. A protéger contre les rayons solaires et à ne pasexposer à une température supérieure à 50°C. Ne pas percer ou brûler, même après usage. Ne pas vaporiser vers une flamme ou un corps incandescent. Procéder par de brèves pressions sans pulvérisations prolongées. Eviter le contact avec les yeux. En cas de contact avec les yeux, laver immédiatement et abondamment avec de l'eau. Ne pas utiliser pour un usage autre que celui pour lequel il est destiné.]|"
27,40€ / L"|"
4,11 €"
2462|Shampooing très doux à l'amande douce, Tous types de cheveux|Le flacon de 400ml|[Origine : FRANCE, Le shampooing très doux à l'amande douce Monoprix apporte douceur et brillance aux cheveux de toute la famille. Vos cheveux sont protégés., Appliquez sur cheveux mouillés. Massez en douceur. Rincez abondamment. Evitez le contact avec les yeux. En cas de contact avec les yeux, rincez immédiatement et abondamment avec de l'eau. Ne convient pas aux enfants de moins de 8 ans., Aqua, sodium laureth sulfate, sodium chloride, disodium cocoamphodiacetate, glycol distearate, laureth-3, parfum, laureth-4, potassium sorbate, citric acid, cocamidopropyl betaine, peg-60 almond glycerides, propylene glycol, polyquaternium-10, panthenol, glycerin, methylisothiazolinone, formic acid., 12 mois après ouverture.]|"
4,25€ / L"|"
1,70 €"
2463|Shampooing très doux au beurre de Karité, pour cheveux très secs ou frisés|Le flacon de 400ml|[Origine : FRANCE, Le shampooing très doux au beurre de karité Monoprix nourrit les cheveux très secs ou frisés de toute la famille. Vos cheveux sont doux et soyeux., Appliquez sur cheveux mouillés. Massez en douceur. Rincez abondamment.  Il peut être utilisé aussi souvent que vous le souhaitez. Evitez le contact avec les yeux. En cas de contact avec les yeux, rincez immédiatement et abondamment avec de l'eau. Neconvient pas aux enfants de moins de 8 ans., Aqua, sodium laureth sulfate, sodium chloride, disodium cocoamphodiacetate, glycol distearate, peg-40 hydrogenated castor oil, laureth-4, peg-7 glyceryl cocoate, parfum, citric acid, cocamidopropyl betaine, potassium sorbate, polyquaternium-10, butyrospermum parkii butter, glycerin, formic acid, methylisothiazolinone, sodium hydroxide, tocopherol., 12 mois après ouverture.]|"
4,10€ / L"|"
1,64 €"
2464|Shampooing, Nutri-régénérante pour cheveux dénaturés|Le flacon de 250ml|[Origine : EL SALVADOR, Sa formule shampooing, aux 3 huiles précieuses d'argan, de camélia et de pracaxi, nourrit, répare, protège et restaure la barrière lipidique de la fibre., En cas de contact avec les yeux, les rincer immédiatement., aqua, sodium laureth sulfate, coco-betaine, sodium chloride, pph-5-ceteth-20, peg-55 propylene glycol oleate, CI 14700/red 4, cocamide mipa, linalool, caramel, geraniol, argania spinosa oil/argania spinosa kernel oil, amodimethicone, camellia oleifera seed oil, methyl cocoate, sodium benzoate, salicylic acid, sodium cocoate, sodium hydroxide, coumarin, limonene, propylene glycol, laureth-5 carboxylic acid, citric acid, pentaclethra macroloba oil/pentaclethra macroloba seed oil, polyquaternium-10, hexyl cinnamal, benzyl salicylate, benzyl alcohol, parfum (FIL C53740/1)., 12 mois après ouverture.]|"
19,52€ / L"|"
4,88 €"
2465|Shampooing anti-dessèchement, cheveux secs désséchés|Le flacon de 250ml|[Origine : FRANCE, Sa formule enrichie en huile nutritive et en pro-vitamine B5 nourrit intensément, protège et redonne douceur à vos cheveux., Aqua, sodium laureth sulfate, disodium cocoamphodiacetate, dimethicone,sodium chloride, cetyl alcohol, hydroxystearyl cetyl ether, PPG-5-ceteth-20, cocamide mipa, carbomer, isobutylparaben, glycine, alpha-isomethyl ionone, methylparaben, sodium methylparaben, vitis vinifera, dmdm hydantoin, coumarin, phenoxyethanol, tocopheryl acetate, propylene glycol, propylparaben, guar hydroxypropyltrimonium chloride, citronellol, panthenol, ethylhexyl methoxycinnamate, butylphenyl methylpropional, ethylparaben, butylparaben, benzyl benzoate, benzyl salicylate, parfum, (FIL C19983/6).]|"
17,92€ / L"|"
4,48 €"
2466|Shampooing concentré de nutrition aux 2 huiles riches d'onagre et de sésame, cheveux très desséchés, rêches et ternes|Le flacon de 250ml|[Origine : FRANCE, Sa formule fondante et onctueuse, enrichie aux 2 huiles riches d'onagre et de sésame, imprègne généreusement la chevelure pour la nourrir et la regalber sur toute sa longueur.Jour après jour, intensément nourris, les cheveux retrouvent galbe, extrêmedouceur et éclat. Appréciez au toucher cette belle matière fluide et soyeuse., Emulsionnez en commençant par la nuque et répartissez en massant la chevelure à la racine avec des gestes circulaires. Rincez à l'eau tiède. En cas de contact avec les yeux, rincez immédiatement., Aqua / water, sodium laureth sulfate, disodium cocoamphodiacetate, glycerin, glycol distearate, sodium chloride, CI 19140 / yellow 5, CI 17200 / red 33, cocamide mea, sesamum indicum oil / sésame seed oil, carbomer, alpha-isomethyl ionone, sodium benzoate, salicylic acid, sodium hydroxide, coumarin, oenothera biennis oil / evening primrose oil, citronellol, citric acid, hexylene glycol, polyquaternium-10, butylphenyl methylpropional, benzyl benzoate, benzyl salicylate, parfum / fragrance.(FIL C34440/1)., 12 mois après ouverture.]|"
18,48€ / L"|"
4,62 €"
2467|Shampooing nutri-ensoleillant, Cheveux blonds naturels|Le flacon de 250ml|[Origine : FRANCE, Programme blond soleil : nourrit et éclaircit progressivement votre blond. Objectif éclaircissement : 1 ton.Sa formule enrichie en extraits de citron éclaircissants convient à tous types de blond naturel, ses extraits de camomille adoucissent et nourrissent jour après jour la fibre., Pour cheveux blonds naturels. En cas de contact avec les yeux, les rincer immédiatement., Aqua/water, sodium laureth sulfate, disodium cocoamphodiacetate, citric acid, glycol distearate, sodium chloride, ammonium hydroxide, peg-55 propylene glycol oleate, ppg-5-ceteth-20, Cl 19140/yellow 5, linalool, carbomer, sodium glycolate, sodium benzoate, salicylic acid, sodium hydroxide, chamomilla recutita extract/matricaria flower extract, limonene, propylene glycol, citrus medica limonum extract/lemon fruit extract, citronellol, hexylene glycol, polyquaternium-10, hexyl cinnamal, butylphenyl methylpropional, benzyl salicylate, benzyl alcohol, parfum/fragrance (FIL C50057/2)., 12 mois après ouverture.]|"
18,76€ / L"|"
4,69 €"
2468|Shampooing nutri-illuminant, Cheveux blonds colorés|Le flacon de 250ml|[Origine : FRANCE, Nourrit la fibre et illumine le blond. Eclat infaillible, comme un blond qui ne vire pas.Sa formule enrichie en huile de passiflore nourrit intensément la fibre capillaire sensibilisée par la coloration. Ses nacres anti-ternissement conservent intactl'éclat de votre couleur., Pour cheveux blonds colorés ou décolorés., Aqua/water, sodium laureth sulfate, dimethicone, coco-betaine, glycol distearate, sodium chloride, cocamide mipa, linalool, carbomer, alpha-isomethyl ionone, methyl cocoate, sodium benzoate, salicylic acid, sodium cocoate, sodium hydroxide, limonene,guar hydroxypropyltrimonium chloride, citronellol, citric acid, passiflora incarnata/passiflora incarnata seed oil, hexylene glycol, ethylhexyl methoxycinnamate, hexyl cinnamal, benzyl salicylate, benzyl alcohol, parfum/fragrance. (FIL C50058/1)., 12 mois après ouverture.]|"
18,76€ / L"|"
4,69 €"
2469|Shampooing nutri-lustrant, cheveux méchés ou balayés,|Le flacon de 250ml|[Origine : FRANCE, Le shampooing Mèches Lumière offre un véritable bain d'éclat à vos mèches. Sa formule enrichie en extrait de graines de tournesol nourrit et protège la fibre capillaire.Son filtre UV protecteur préserve les mèches des agressions quotidiennes. Jour après jour, vos mèches sont protégées, nourries, lustrées pour une véritable mise en lumière de la chevelure., Emulsionnez en commençant par la nuque et répartissez en massant votre chevelure à la racine, avec des gestes circulaires. Rincez à l'eau tiède pour éliminer les résidus et finissez par un rinçage à l'eau froide pour plus de brillance. En cas de contact avec les yeux, les rincer immédiatement., Aqua/water, sodium laureth sulfate, coco-betaine, sodium chloride, ppg-5-ceteth-20, peg-55 propylene glycol oleate, peg-60 hydrogenated castor oil, Cl19140/yellow 5, Cl 14700/red 4, cocamide mipa, linalool, isobutylparaben, amodimethicone, methylparaben, methyl cocoate, sodium benzoate, salicylic acid, sodium cocoate, helianthus annuus/sunflower seed extract, propylene glycol, camphor benzalkonium methosulfate, propylparaben, laureth-5 carboxylic acid, polyquaternium-10, butylparaben, ethylparaben, butylphenyl methylpropional, benzyl salicylate, parfum/fragrance. (F.I.L. C25618/1)., 12 mois après ouverture.]|"
17,92€ / L"|"
4,48 €"
2470|Shampooing nutri-repulpeur, Cheveux mature fragilisés|Le flacon de 250ml|[Origine : FRANCE, Le programme Age Sublime orchidée redonne matière et éclat à vos cheveux. La matière interne de la fibre est reconstituée, la chevelure visiblement plus dense et l'éclat somptueux., Pour cheveux matures, fragilisés. Appliquez le soins à rincer nutri-repulpeur après votre shampooing pour un effet injection de matière. En cas de contact avec les yeux, les rincer immédiatement., Aqua/water sodium laureth sulfate, disodium cocoamphodiacetate, glycol disterate, sodium chloride, sodium laureth-8 sulfate, cocamide mipa, linalool, carbomer, methyl cocoate, sodium benzoate, sodium oleth sulfate, salicylic acid, sodium hyaluronate,vanilla planifolia extract/vanillia planifolia fruit extract, sodium cocoate, sodium hydroxide, 2-oleamido-1, 3-octadecanediol, magnesium laureth-8 sulfate, magnesium  laureth sulfate, magnesium oleth sulfate, alcohol denat, hydroxypropyl guar hydroxypropyltrimonium chloride, citric acid, hexylene glycol, polyquarternium-30, benzyl salicylate, benzyl alcohol, parfum/fragrance (F.I.L. c1603312/2), 12 mois après ouverture.]|"
20,56€ / L"|"
5,14 €"
2471|Shampooing raviveur de couleur, Cheveux colorés|Le flacon de 250ml|[Origine : FRANCE, Sa nouvelle formule associe un AHA révélateur d'éclat qui restaure la fibre capillaire pour une matière lisse et brillante + un filtre UV qui assure une protection optimale à vos cheveux.Fini les couleurs endormies, votre couleur est réveillée, protégée et éclatante pour longtemps !, Massez doucement et rincez abondamment à l'eau tiède. En cas de projection dans les yeux, les rincer immédiatement, Aqua/water, sodium laureth sulfate, dimethicone, disodium cocoamphodiacetate, sodium chloride, cetyl alcohol, hydroxystearyl cetyl ether, guar hydroxypropyltrimonium chloride, cocamide mipa, sodium methylparaben, dmdm hydantoin, sodium cocoate, phenoxyethanol, PPG-5-ceteth-20, ethylparaben, camphor benzalkonium methosulfate, benzyl benzoate, benzyl salicylate, propylene glycol, propylparaben, isobutylparaben, alpha-isomethyl ionone, carbomer, citric acid, butylphenyl methylpropional, citronellol, methylparaben, methyl cocoate, butylparaben, coumarin, parfum (FIL C25409/2)., 12 mois après ouverture.]|"
18,32€ / L"|"
4,58 €"
2472|Shampooing régulateur, racines grasses, pointes sèches|Le flacon de 250ml|[Origine : FRANCE, Sa nouvelle formule enrichie en argile douce associée à un extrait de limette et à la pro-vitamine B5 régule le cuir chevelu, purifie les racines et adoucit les pointes.Vos cheveux sont légers, doux et brillants, comme à la sortie de mes salons., Appliquez sur cheveux mouillés, massez doucement et rincez abondamment à l'eau tiède. En cas de projection dans les yeux, rincez immédiatement., Aqua/water, sodium laureth sulfate, cocamidopropyl betaine, dimethicone, cetyl alcohol, cocamide mipa, hydroxystearyl cetyl ether, sodium chloride, Cl47005/yellow 10, Cl42090/blue 1, tocopheryl acetate, sodium methylparaben, dmdm hydantoin, phenoxyethanol, ppg-5-ceteth-20, ethylparaben, polyquaternium-10, limonene, benzyl salicylate, panthenol, linalool, propylene glycol, kaolin, propylparaben, isobutylparaben, carbomer, butylphenyl methylpropional, citrus aurantifolia/lime oil, litsea cubeba/litsea cubeba fruit oil, citral, methylparaben, butylparaben, glycine, parfum. (F.I.L. C22330/1)., 12 mois après ouverture.]|"
18,08€ / L"|"
4,52 €"
2473|Shampooing réparateur, cheveux abîmés et fragilisés|Le flacon de 250ml|[Origine : FRANCE, Action resurfaçante immédiate : elle cible et comble les zones abîmées et poreuses du cheveu pour en réparer parfaitement la surface. Action profonde jour après jour.Seul un grand coiffeur connait le secret d'une chevelure resplendissante, éclatantede santé et sélectionne les soins adaptés aux cheveux les plus abîmés, carencés, poreux. Découvrez Re-Structure, le nouveau programme Dessange combleur et réparateur., Appliquez sur cheveux mouillés, massez doucement et rincez abondamment à l'eau tiède. En cas de projection dans les yeux, rincez immédiatement., Aqua/water, sodium laureth sulfate, dimethicone, coco-betaine, cetyl alcohol, hydroxystearyl cetyl ether, sodium chloride, ppg-5-ceteth-20, cocamide mipa, carbomer, isobutylparaben, glycine, alpha-isomethyl ionone, methylparaben, sodium methylparaben, 2-oleamido-1,3-octadecanediol, dmdm hydantoin, coumarin, phenoxyethanol, tocopheryl acetate, propylene glycol, propylparaben, guar hydroxypropyltrimonium chloride, citronellol, panthenol, butylphenyl methylpropional, ethylparaben, butylparaben, benzyl benzoate, benzyl salicylate, parfum/fragrance. (F.I.L. C19018/6)., 12 mois après ouverture.]|"
18,84€ / L"|"
4,71 €"
2474|Shampooing sec, Retouche éclat, Idéal cheveux blonds et clairs|La bombe de 150ml|[Origine : FRANCE, Le shampooing sec Retouche Eclat, idéal cheveux blonds et clairs, vous apporte fraîcheur & volume dès la racine sans mouiller vos cheveux. Sa formule purifiante enrichie à l'extrait d'amla nettoie instantanément les cheveux tout en leur apportant ducorps dès la racine. Une formule douce qui préserve le toucher naturel de vos cheveux., Bien agiter avant emploi. Sur cheveux secs, diffusez le shampooing sec à environ 15 cm des cheveux en insistant sur les racines. Laissez agir 2 min puis brossez soigneusement des racines jusqu'aux pointes. Pour un volume renforcé, décoller vos racines en toute légèreté à l'aide du souffle du sèche-cheveux. En cas d'obstruction du système de diffusion, rincer simplement l'embout diffuseur à l'eau chaude. Récipient sous pression. Ne pas percer ou brûler même après usage. Ne pas vaporiser vers uneflamme ou un corps incandescent. Conserver à l'écart de toute flamme ou source d'étincelles ou d'ignition. Ne pas fumer. Conserver hors de la portée des enfants. Eviter de vaporiser vers les yeux ou sur une peau irritée et d'inhaler intentionnellement. Ne pas utiliser pour un usage autre que celui pour lequel le produit est destiné. Ne pas utiliser dans une atmosphère confinée., Butane, alcohol denat, isobutane, oryza sativa starch/rice starch, propane, isopropyl myristate, CI77492/iron oxides stearalkonium hectorite, linalool, dimethicone, alpha-isomethyl ionone, amyl cinnamal, phyllanthus emblica fruit extract, dicocoylethyl hydroxyethylmonium methosulfate, limonene, propylene glycol, propylene carbonate, citronellol, hexyl cinnamal, butylphenyl methylpropional, benzyl salicylate, benzyl alcohol, parfum/fragrance (fil C161612/2)., A protéger contre les rayons solaires et à ne pas exposer à une température supérieure à 50°C.]|"
58,73€ / L"|"
8,81 €"
2475|Shampooing sec, Retouche éclat, Idéal cheveux bruns et foncés|La bombe de 150ml|[Origine : FRANCE, Shampooing sec retouche éclat idéal cheveux bruns et foncés. A tout moment de la journée, vos cheveux retrouvent fraîcheur et volume, pour un résultat éclatant de beauté. Enrichie en pigments bruns subtils, sa formule ne laisse aucuns résidus blancsvisibles, pour un éclat infaillible des cheveux bruns ou foncés. Pratique, son format sac à main vous accompagne au quotidien pour une retouche éclat de tous les instants., Bien agiter avant emploi. Sur cheveux secs, diffusez le shampooing sec retouche éclat à environ 15 centimètres des cheveux en insistant sur les racines. Laissez agir 2 minutes puis brossez soigneusement des racines jusqu'aux pointes. Pour un volume renforcé, décoller vos racines en toute légèreté à l'aide du souffle du sèche-cheveux. En cas d'obstruction du système de diffusion, rincer simplement l'embout diffuseur à l'eau chaude. Récipient sous pression. A protéger contre les rayons solaires età ne pas exposer à une température supérieure à 50°C. Ne pas percer ou brûler même après usage. Ne pas vaporiser vers une flamme ou un corps incandescent. Conserver à l'écart de toute flamme ou source d'étincelles ou d'ignition. Ne pas fumer. Conserver hors de la portée des enfants. Eviter de vaporiser vers les yeux ou sur une peau irritée et d'inhaler intentionnellement. Ne pas utiliser pour un usage autre que celui pour lequel le produit est destiné. Ne pas utiliser dans une atmosphère confinée., Butane, alcohol denat., isobutane, propane, oryza sativa starch / rice starch, isopropyl myristate, Cl77491, Cl77499 / iron oxydes, Cl77492 / iron oxydes, stearalkonium hectorite, linalool, dimethicone, alpha-isomethyl ionone, amyl cinnamal, phyllanthus emblica fruit extract, dicocoylethyl hydroxyethylmonium methosulfate, limonene, propylene glycol, propylene carbonate, citronellol, hexyl cinnamal, butylphenyl methylpropional, benzyl salicylate, benzyl alcohol, parfum/fragrance (fil C161619/2).]|"
58,73€ / L"|"
8,81 €"
2476|Shampoing embellisseur Nutri Gloss|Les 2 flacons de 250ml|[Origine : FRANCE, Habillez vos cheveux d'une brillance miroir! L'Oréal Paris crée Elsève Nutri-Gloss à la protéine + perle. Vos cheveux sont plus doux et 3x plus brillants.* *Test instrumental après utilisationdu shampoing+ masque., Appliquer sur cheveux mouillés, masser soigneusement sur l'ensemble du cuir chevelu puis rincer. En cas de contact avec les yeux, les rincer immédiatement., Aqua/water, sodium laureth sulfate, sodium chloride, dimethicone, cocamidopropyl betaine, cyclodextrin, Cl17200/red 33, guar hydroxypropyltrimonium chloride, nacre powder, sodium benzoate, hydrolyzed wheat protein, hydrolyzed wheat starch, sodium hydroxide, PPG-5-ceteth-20, jojoba waxPEG-120 esters, salicylic acid , limonene, linalool, benzyl alcohol, alpha-isomeisomethyl ionone, carbomer, b utylphenyl methylpropional, citronellol, citric acid, hexyl cinnamal, parfum fragance (F.I.L. C46279/1)., 12 mois après ouverture.]|"
15,66€ / L"|"
7,83 €"
2477|Shampooing Anti-Casse|Le flacon de 250ml|[Origine : FRANCE, Le ciment-céramide est la réplique du ciment naturel du cheveu. Il est intégré dans cette formule qui cible les zones abîmées pour combler les brèches et sceller les écailles.Fortifiées, la fibre retrouve sa structure et sa résistance. Les cheveux retrouvent une surface lisse et brillante jusqu'aux pointes. Cheveux plus résistants jusqu'aux pointes., Appliquer sur cheveux mouillés, masser soigneusement sur l'ensemble du cuir chevelu puis rincer. En cas de contact avec les yeux, les rincer immédiatement., Aqua/water, sodium laureth sulfate, dimethicone, disodium cocoamphodiacetate, sodium chloride, cetyl alcohol, hydroxystearyl cetyl ether, guar hydroxypropyltrimonium chloride, cocamide mipa, sodium benzoate, sodium glyconate, sodium cocoate, sodium hydroxide, PPG-5-ceteth-20, salicylic acid, limonene, linalool, benzyl salicylate, propylene glycol, 2-oleamido-1,3-octadecanediol, carbomer, citronellol, butylphenyl methylpropional, methyl cocoate, citric acid, hexyl cinnamal, glyceryl linoleate, glyceryl oleate, glyceryl linolenate, parfum/fragrance. (F.I.L. C46917/2)., 12 mois après ouverture.]|"
13,72€ / L"|"
3,43 €"
2478|Shampooing Arginine Resist X3|Le flacon de 250ml|[Origine : FRANCE, Enrichie en Arginine + Protéine la nouvelle formule Elsève offre une triple action : nourrit la racine, renforce les longueurs, le cheveu pousse plus résistant. Résultats : vos cheveux sont plus forts, plus résistants dès la racine. Ils sont beaux eten pleine santé !, Appliquer sur cheveux mouillés, masser soigneusement sur l'ensemble du cuir chevelu pour stimuler la micro-circulation puis rincer. En cas de contact avec les yeux, les rincer immédiatement., Aqua/water, sodium laureth sulfate, dimethicone, sodium chloride, coco-betaine, glycol distearate, guar hydroxypropyltrimonium chloride, cocamide mipa, sodium benzoate, hydroxypropyltrimonium hydrolyzed wheat protein, sodium cocoate, sodium hydroxide, arginine, salicylic acid, limonene, linalool, 2-oleamido-1,3-octadecanediol, carbomer, methyl cocoate, citric acid, hexylene glycol, hexyl cinnamal, glyceryl linoleate, glyceryl oleate, glyceryl linolenate, parfum/fragrance (FIL C48232/1)., 12 mois après ouverture.]|"
14,52€ / L"|"
3,63 €"
2479|Shampooing Boucles Sublimes|Le flacon de 250ml|[Origine : FRANCE, Parce que les cheveux bouclés ou ondulés ont une structure en spirale, leurs écailles s'ouvrent plus facilement: Les boucles perdent définition et élasticité.                                                                Les Laboratoires de L'Oréalcréent ELSEVE BOUCLES SUBLIMES. Grâce à sa formule gorgée d'actifs hydratants, vos boucles deviennent rebondies, brillantes et sont protégées du dessèchement., Appliquer sur cheveux mouillés, masser en douceur puis rincer. Pour plus de soin, utiliser les autres produits de le gamme ELSEVE BOUCLES SUBLIMES.  En cas de contact avec les yeux, les rincer immédiatement., AQUA / WATER, SODIUM LAURETH SULFATE, DIMETHICONE COCAMIDOPROPYL BETAINE, DISTEARYL ETHER, SODIUM CHLORIDE, BEHENYL ALCOHOL, GLYCERIN, GUAR HYDROXYPROPYL TRIMONIUM CHLORIDE, COCAMIDE MIPA, SODIUM METHYLPARABEN, DMDM HYDANTOIN, HYDROXYPROPYLTRIMONIUMHYDROLYZED WHEAT PROTEIN, PPG-5-CETETH-20, P0LY0UATERNIUM-7, LIMONENE, LINALOOL, CARBOMER, LAURETH-2, HEXYL CINNAMAL, PARFUM / FRAGRANCE. (FIL. C19564/3)., Après ouverture à conserver pendant 12 mois]|"
16,44€ / L"|"
4,11 €"
2480|Shampooing Brillance|Le flacon de 250ml|[Origine : FRANCE, Le complexe polymères-jojoba enrobe et nourrit la fibre sans l'alourdir.  Il agit comme un véritable soin lissage-brillance. Lissage parfait de la racine à la pointe., Appliquer sur cheveux mouillés, masser en douceur puis rincer. En cas de projection dans les yeux, les rincer immédiatement., aqua / water, sodium laureth sulfate, coco betaine, cetyl alcohol, hydroxystearyl cetyl ether, sodium chloride, CI 47005/acid yellow 3, guar hydroxypropyltrimonium chloride, cocamide mipa, sodium benzoate, sodium cocoate, sodium hydroxide, ppg-5-ceteth-20, jojoba wax peg-120 esters, salicylic acid, limonene, linalool, propylene glycol, carbomer, methyl cocoate, citric acid, hexyl cinnamal, parfum/fragrance. (FIL  C36516/1)., Se conserve 12 mois après ouverture.]|"
15,40€ / L"|"
3,85 €"
2481|Shampooing cheveux normaux à gras Antipelliculaire|Le flacon de 250ml|[Origine : FRANCE, - Action rapide contre les pellicules persistantes                        - Action anti-récidive longue durée                                       - Élimine quasi-immédiatement les démangeaisons                           - Redonne force, brillance et beauté aux cheveux, Usage fréquent. Appliquer et masser en douceur le cuir chevelu. Rincer abondamment et recommencer si nécessaire. Formulé sur mesure pour les cheveux et cuir chevelu normaux à gras. Peut s'utiliser aussi souvent que vous le souhaitez. En cas de contact avec les yeux, les rincer immédiatement., Aqua/water, sodium laureth sulfate, polysorbate 21, cocamidopropyl betaine, dimethicone, cetyl alcohol, Cl47005/acid yellow 3, Cl42090/blue1, hydroxystearyl cetyl ether, sodium chloride, sodium methylparaben, dmdm hydantoin, phenoxyethanol, ppg-5-ceteth-20, ethylparaben, polyquaternium-10, propylene glycol, propylparaben, isobutylparaben, piroctone olamine, carbomer, methylparaben, butylparaben, parfum/fragrance. (F.I.L. C20454/1)., Conservation 12 mois après ouverture.]|"
17,92€ / L"|"
4,48 €"
2482|Shampooing Color Vive Maxi Format|Le flacon de 400ml|[Origine : FRANCE, Le Shampooing Soin Color Vive au Concentré Nutritif + filtres UVA/UVB est un shampooing soin protecteur spécialement conçu pour les cheveux colorés ou méchés: il lave en douceur, nourrit et protège la fibre capillaire des agressions extérieures. Résultat:Des cheveux colorés éclatants de santé et de couleur., Appliquer sur cheveux mouillés, masser en douceur puis rincer. Pour plus de soin et de protection, utiliser en complément les autres soins de la gamme Elsèvecolor-vive. En cas de contact avec les yeux, les rincer immédiatement., Aqua/water, sodium laureth sulfate, dimethicone, disodium cocoamphodiacetate, glycol distearate, propylene glycol, sodium chloride, guar hydroxypropyltrimonium chloride, tocopherol, sodium benzoate, sodium methylparaben, sodium hydroxide, ppg-5-ceteth-20, ethylparaben, ethylhexyl methoxycinnamate, salicylic acid, benzophenone-3, benzyl alcohol, benzyl salicylate, linalool, alpha-isomethyl ionone, carbomer, geraniol, butylphenyl methylpropional, citronellol, citric acid, hexyl cinnamal, parfum/fragrance. (F. I. L. C30408/1)., A utiliser dans les 12 mois après ouverture.]|"
12,70€ / L"|"
5,08 €"
2483|Shampooing Couleur & Hydratation EverPure|Le tube de 250ml|[Origine : ALLEMAGNE, Sa formule sans sulfates offre un lavage d'une douceur prodigieuse. Riche en soin concentré hydratant, elle nourrit et relipide la fibre capillaire.Spécialement conçu pour les cheveux colorés et fragilisés, le système soin couleur sans sulfates EverPure préserve l'intégrité de la fibre et assure une protection optimale des cheveux colorés, limitant leur affadissement., Appliquer sur cheveux mouillés une noisette de sa formule crème et masser délicatement en émulsionnant jusqu'à obtenir une mousse riche. Rincer abondamment., Aqua/water, sodium cocoyl isethionate, sodium lauryl sulfoacetate, disodium laureth sulfosuccinate, sodium lauroyl sarcosinate, cocamidopropyl betaine, glycol distearate, C11-15 pareth-7, C12-13 pareth-23, C12-13 pareth-3, decyl glucoside, tocopherol, hydrogenated coconut acid, sodium chloride, sodium isethionate, sodium benzoate, sodium hydroxide, phenoxyethanol, peg-5-ceteth-20, peg-55 propylene glycol oleate, trideceth-12, polyquaternium-7, polyquaternium-10, limonene, benzoic acid, benzophenone-4, benzyl salicylate, linalool, benzyl alcohol, juniperus communis oil/juniperus communis fruit oil, amodimethicone, propylene glycol, carbomer, rosmarinus officinalis leaf oil/rosemary leaf oil, methylparaben, methylchloroisothiazolinone, methylisothiazolinone, citric acid, laureth-9, divinyl dimethicone copolymer, hexyl cinnamal, glycereth-26, glycerin, parfum/fragrance. (F.I.L. C50114/1)., 12 mois après ouverture.]|"
35,24€ / L"|"
8,81 €"
2484|Shampooing Couleur & Lissage EverPure|Le tube de 250ml|[Origine : ALLEMAGNE]|"
34,16€ / L"|"
8,54 €"
2485|Shampooing Créateur de Matière Fibralogy|Le flacon de 250ml|[Origine : FRANCE]|"
17,68€ / L"|"
4,42 €"
2486|Shampooing Énergie|Le flacon de 250ml|[Origine : FRANCE, Gardez plus longtemps la sensation des cheveux fraîchement lavés !        Pollution, conditions de vie moderne, vos cheveux ont tendance à regraisser et à s'alourdir. Innovation des Laboratoires de L'Oréal, le Shampooing Energie retarde le regraissage des cheveux. Ils restent plus propres, plus longtemps., Appliquer sur cheveux mouillés, masser soigneusement sur l'ensemble du cuir chevelu puis rincer. En cas de contact avec les yeux, les rincer immédiatement., Aqua/water, sodium laureth sulfate, coco-betaine, dimethicone, cetyl alcohol, hydroxystearyl cetyl ether, cocamide mipa, sodium chloride, sodium benzoate, sodium cocoate, sodium hydroxide, PPG-5-ceteth-20, polyquaternium-10, salicylic acid, limonene,linalool, propylene glycol, 2-oleamido-1,3-octadecanediol, carbomer, citric acid, butylphenyl methylpropional, methyl cocoate, hexyl cinnamal, parfum/fragrance. (F.I.L. C46485/1)., 12 mois après ouverture.]|"
13,72€ / L"|"
3,43 €"
2487|Shampooing Force & Réparation EverForce|Le tube de 250ml|[Origine : ALLEMAGNE, Spécialement conçu pour les cheveux fragiles et abîmés, le système soin réparateur sans sulfates EverForce préserve l'intégralité de la fibre et la restaure pour la rendre plus forte.Sa formule sans sulfates offre un lavage d'une douceur absolue. Riche en soin concentré vitalité, elle nourrit la fibre et injecte une force nouvelle à vos cheveux. Réparée et pleine de vie, votre chevelure révèle une nouvelle beauté., Appliquer sur cheveux mouillés une noisette de sa formule crème et masser délicatement en émulsionnant jusqu'à obtenir un mousse riche. Rincer abondamment. En cas de contact avec les yeux, les rincer immédiatement., Aqua, sodium cocoyl isethionate, sodium lauryl sulfoacetate, disodium laureth sulfosuccinate, cocamidopropyl betaine, sodium lauroyl sarcosinate, glycol distearate, c11-15 pareth-7, c12-13 pareth-23, c12-13 pareth-3, decyl glucoside, tocophérol, hydrogenated coconut acid, sodium chloride, sodium isethionate, sodium benzoate, sodium hydroxide, phenoxyethanol, ppg-5-ceteth-20, peg-55 propylène glycol oleate, trideceth-12, polyquaternium-7, polyquaternium-10, limonene, benzoic acid, benzyl salicylate, linalool, benzyl alcohol, juniperus communis oil/juniperus communis fruit oil, amodimethicone propylène glycol, 2-oleamido-1,3-octadecanediol, carbomer, rosmarinus officinalis leaf oil/rosemary leaf oil, methylparaben, methylchloroisothiazolinone, methylisothiazolinone, citric acid, laureth-9, divinyldimethicone/dimethicone copolymer, hexyl cinnamal, glycereth-26, glycerin, parfum (FIL C49168/1)., 12 mois après ouverture.]|"
35,24€ / L"|"
8,81 €"
2488|Shampooing fortifiant Anti-Casse|Les 2 flacons 250ml|[Origine : FRANCE, Réparez vos cheveux abîmés avec le ciment naturel qu'ils ont perdu*. Abîmés, vos cheveux perdent le ciment naturel qui assure leur cohésion et leur résistance. Association de molécules brevetée par L'Oréal, le Ciment naturel du cheveux. Il cible leszones abîmées pour: 1. Combler les brèches: la fibre retrouve sa cohésion et sa résistance. 2. Sceller les écailles: la fibre retrouve une surface lisse et brillante. Résultats prouvés: jusqu'à -95% de casse au brossage**, * le ciment-Céramide est laréplique du ciment naturel du cheveu. ** test instrumental obtenus après utilisationdu sha mpoing + soin crème + lait thermo-actif vs shampooing classique., Appliquer sur cheveux mouillés, masser en douceur puis rincer. Pour plus de soin, utiliser les autres produits de la gamme Elsève anti-casse.                En cas de contact avec les yeux, rincer immédiatement., Aqua/ water, sodium laureth sulfate, dimethicone, disodium cocoamphodiacetate, sodium chloride, cetyl alcohol, hydroxystearyl cetyl ether, guar hydroxypropyltrimonium chloride, cocamide mipa, sodium methylparaben, dmdm hydantoin, sodium cocoate, sodium hydroxide, safflower glucoside, ppg, 5, ceteth, 20, limonene, linalool, benzyl salicylate, propylene glycol, 2, oleamido, 1, 3, octade, canediol, carbomer, citronellol, butylphenyl methylpropional, methyl cocoa, citrique acid, hexyl cinnamal, parfum/fragrance. (F. I. L. C29642/1)., A utiliser dans les 12 mois après ouverture.]|"
15,66€ / L"|"
7,83 €"
2489|Shampooing Huile extraordinaire Cheveux secs|Le flacon de 250ml|[Origine : FRANCE, Un shampooing soin, au parfum enivrant, enrichie en 6 micro huiles de fleurs rares. Les cheveux secs retrouvent une matière sublime douce, brillante et fluide. Chaque fibre est gorgée d'une nutrition intense, de la racine à la pointe., Appliquer sur cheveux mouillés, masser sur l'ensemble du cuir chevelu puis rincer. En cas de contact avec les yeux, les rincer immédiatement., Aqua/water, sodium laureth sulfate, coco betaine, laureth-5 carboxylic acid, cocamide mipa, sodium chloride, CI19140/yellow 5, chamomilla recutita extract/matricaria flower extract, cocos nucifera oil/coconut oil, sodium benzoate, sodium hydroxide cocoate, peg-55 propylene glycol oleate, peg-60 hydrogenated castor oil, polyquaternium-10, salicylic acid, helianthus annuus seed oil/sunflower seed oil, xylose, nelumbium speciosum flower extract, linium usitatissimum flower extract, isostearyl neopentanoate, amodimethicone, propylene glycol, caprylic/capric triglycerides, caramel, gardenia tahitensis flower extract, rosa canina flower extract, bisabolol, methyl cocoate, citric acid, hexylene glycol, glycine soja oil/soybean oil, parfum/fragrance (FIL C165637/4)., 12 mois après ouverture.]|"
17,68€ / L"|"
4,42 €"
2490|Shampooing Lissage & Hydratation EverLiss|Le tube de 250ml|[Origine : ALLEMAGNE, Spécialement conçu pour les cheveux frisottants et agressés, le système soin Anti-Frizz préserve l'intégrité de la fibre. Sans silicones. Sa formule n'alourdit pas la fibre.Incroyablement lissés et assouplis, vos cheveux retrouvent une matière soyeuse et légère, un toucher exceptionnel., Appliquer sur cheveux mouillés une noisette de sa formule crème et masser délicatement en émulsionnant jusqu'à obtenir une mousse riche. Rincer abondamment. En cas de contact avec les yeux, les rincer immédiatement., Aqua, cocamidopropyl betaine, sodium lauryl sulfoacetate, disodium laureth sulfosuccinate, sodium lauroyl sarcosinate, glycol distearate, sodium chloride, decyl glucoside, coco-betaine, sodium benzoate, sodium hydroxide, ppg-5-ceteth-20, peg-55 propylene glycol oleate,  polyquaternium-10, salicylic acid, helianthus annuus seed extract/sunflower seed extract, limonene, benzoic acid, linalool, benzyl salicylate, benzyl alcohol, propylène glycol, carbomer, citronellol, citric acid, hexyl cinnamal,parfum/fragrance (FIL C49180/1)., 12 mois après ouverture.]|"
34,40€ / L"|"
8,60 €"
2491|Shampooing Lissage & Réparation EverLiss|Le tube de 250ml|[Origine : ALLEMAGNE, Sa formule sans sulfates offre un lavage d'une douceur prodigieuse. Riche en soin concentré hydratant, elle nourrit et détend la fibre pour prévenir l'apparition de frisottis. Incroyablement lissés, non alourdis, vos cheveux retrouvent une matière soyeuse, un toucher exceptionnel. Profondément réparés, ils sont éclatants de beauté., Appliquer sur cheveux mouillés une noisette de sa formule crème et masser délicatement en émulsionnant jusqu'à obtenir une mousse riche. Rincer abondamment. En cas de contact avec les yeux, les rincer immédiatement., Aqua/water, cocamidopropyl betaine, sodium lauryl sulfoacetate, disodium laureth sulfosuccinate, sodium lauroyl sarcosinate, glycol distearate, sodium chloride, decyl glucoside, coco-betaine, sodium benzoate, sodium hydroxide, ppg-5-ceteth-20, peg-55propylene glycol oleate, polyquaternium-10, salicylic acid, helianthus annuus seed extract/sunflower seed extract, limonene, benzoic acid, linalool, benzyl salicylate, benzyl alcohol, propylene glycol, carbomer, citronellol, citric acid, hexyl cinnamal, parfum/fragrance (FIL C49166/1). Sans sulfates., 12 mois après ouverture.]|"
35,24€ / L"|"
8,81 €"
2492|Shampooing Liss-Caresse|Le flacon de 250ml|[Origine : FRANCE, Lissage fibre à fibre : la formule à la Micro-Kératine pénètre instantanément pour lisser avec une précision parfaite chaque fibre, une à une. Résultat fluide : enrichie en extrait de Camélia, elle assouplit le cheveu pour lui donner un tombé fluide.Formule non-alourdissante. Toucher soyeux : la surface de chaque fibre est parfaitement unifiée, le toucher est d'une extrême douceur d'un soyeux incomparable. Résultats : une nouvelle sensation de lissage. Fibre à fibre, la chevelure est parfaitement lissée, fluide, légère et douce comme une caresse., Appliquer sur cheveux mouillés, masser soigneusement sur l'ensemble du cuir chevelu puis rincer. En cas de contact avec les yeux, les rincer immédiatement., Aqua/water, sodium laureth sulfate, sodium lauryl sulfate, cocamide mipa, glycol distearate, dimethicone, sodium chloride, sodium benzoate, hydroxypropyltrimonium hydrolyzed wheat protein, sodium cocoate, sodium hydroxide, phenoxyethanol, arginine, polyquatenium-53, salicylic acid, limonene, camellia oleifera seed oil, linalool, benzyl salicylate, benzyl alcohol, carbomer, serine, methyl cocoate, citric acid, glutamic acid, hexylene glycol, hexyl cinnamal, parfum/fragrance (FIL C52798/3)., 12 mois après ouverture.]|"
17,68€ / L"|"
4,42 €"
2493|Shampooing Liss-Intense|Le flacon de 250ml|[Origine : FRANCE, Le Shampooing Liss-Intense se fond instantanément dans la matière du cheveuveu pour lassouplir et le détendre sur toute sa longueur. Nourrie et lissée, la chevelure est fluide et disciplinée.                               Vos cheveux se laissent lisser sans résistance, pour un effet anti-frizz longue durée., Appliquer sur cheveux mouillés, masser en douceur puis rincer. Convient parfaitement pour une utilisation avant brushing.  En cas de projection dans les yeux, les rincer immédiatement., Aqua/water, sodium laureth sulfate, coco-betaine, laureth-5 carboxylic acid, trimethylsilylamodimethicone, cocamide mipa, sodium chloride, Cl19140/ yellow 5, Cl14700/red 4, sodium methylparaben, dmdm hydantoin, sodium hydroxide, ppg-5-ceteth-20, peg-60 hydrogenated castor oil, polyquaternium-10, camelina sativa/camelina sativa seed oil, limonene, linalool, benzyl salicylate, alpha-isomethylionone, geraniol, butylphenyl methylpropional, citronellol, bht, laureth-2, hexyl cinnamal, amyl cinnamal,parfum/fragrance. (F.I.L. C20132/3)., 12 mois après ouverture.]|"
13,72€ / L"|"
3,43 €"
2494|Shampooing Multivitaminé 2 en 1|Le flacon de 250ml|[Origine : FRANCE, Innovation des Laboratoires de L'Oréal Paris, la nouvelle formule du shampooing Elsève Multivitaminé a été renforcée en vitamines pro-B5, PP et E*. Avec le shampooing Elsève Multivitaminé, vos cheveux deviennent visiblement plus brillants., En cas de contact avec les yeux, les rincer immédiatement., Aqua / water, sodium laureth sulfate, dimethicone, coco-betaine, cetyl alcohol, hydroxystearyl ether, sodium chloride, niacinamide, guar hydroxypropyltrimonium chloride, tocopheryl acetate, cocamide mipa, sodium benzoate, sodium methylparaben, sodiumcocoate, sodium hydroxyde, PPG-5-ceteth-20, magnesium gluconate, ethylparaben, salicylic acid, limonene, panthenol, benzyl benzoate, linalool, benzyl salicylate, propylene glycol, carbomer, citronellol, butylphenyl methylpropional, methyl cocoate, citric acid, hexyl cinnamal, parfum fragrance. (FIL C31680/1). Pro-B5, PP et E1., A utiliser dans les 12 mois après ouverture.]|"
13,72€ / L"|"
3,43 €"
2495|Shampooing Nutri-Gloss|Le flacon de 250ml|[Origine : FRANCE, Habillez vos cheveux d'une brillance miroir! L'Oréal Paris crée Elsève Nutri-Gloss à la protéine + perle. Vos cheveux sont plus doux et 3x plus brillants.*                                                                   *Test instrumental après utilisation du shampoing+ masque., Appliquer sur cheveux mouillés, masser soigneusement sur l'ensemble du cuir chevelu puis rincer. En cas de contact avec les yeux, les rincer immédiatement., Aqua/water, sodium laureth sulfate, sodium chloride, dimethicone, cocamidopropyl betaine, cyclodextrin, Cl17200/red 33, guar hydroxypropyltrimonium chloride, nacre powder, sodium benzoate, hydrolyzed wheat protein, hydrolyzed wheat starch, sodium hydroxide, PPG-5-ceteth-20, jojoba wax PEG-120 esters, salicylic acid, limonene, linalool, benzyl alcohol, alpha-isomethyl ionone, carbomer, butylphenyl methylpropional, citronellol, citric acid, hexyl cinnamal, parfum fragrance (F.I.L. C46279/1)., 12 mois après ouverture.]|"
13,80€ / L"|"
3,45 €"
2496|Shampooing Nutri-Gloss Maxi Format|Le flacon de 400ml|[Origine : FRANCE]|"
14,13€ / L"|"
5,65 €"
2497|Shampooing Nutrition & Réparation EverRiche|Le tube de 250ml|[Origine : ALLEMAGNE, Spécialement conçu pour les cheveux desséchés et sensibilisés, le Système Soin Nutrition sans sulfates EverRiche assure une nutrition et une réparation durables, tout en fluidité. Pleinement nourris et réparés, vos cheveux desséchés retrouvent une matière incroyablement soyeuse et un toucher exceptionnel. Ils sont fluides, faciles à coiffer et révèlent une brillance absolue., Cheveux desséchés & sensibilisés. Appliquer sur cheveux mouillés sa formule crème et masser délicatement en émulsionnant jusqu'à obtenir une mousse riche. Rincer abondamment. En cas de contact avec les yeux, les rincer immédiatement., Aqua/water, sodium cocoyl isethionate, sodium lauryl sulfoacetate, disodium laureth sulfosuccinate, sodium lauroyl sarcosinate, glycol distearate, cocamidopropyl betaine, decyl glucoside, hydrogenated coconut acid, sodium chloride, sodium isethionate, sodium benzoate, sodium hydroxide, ppg-5-ceteth-20, peg-55 propylene glycol oleate, trideceth-6, polyquaternium-7, polyquaternium-10, camelina sativa oil/camelina sativa seed oil, benzoic acid, linalool, amodimethicone, propylene glycol, carbomer,cetrimonium chloride, vitis vinifera seed oil/grape seed oil, methylchloroisothiazolinone, methylisothiazolinone, citric acid, prunus armeniaca kernel oil/apricot kernel oil, hexyl cinnamal, glycereth-26, glycerin, parfum/fragrance (FIL C158170/1). Sans sulfates* (*sans tensio-actifs sulfatés)., 12 mois après ouverture.]|"
35,24€ / L"|"
8,81 €"
2498|Shampooing reconstituant, Total repair 5|Les 2 flacons de 250ml|[Origine : FRANCE, 5 actions réparatrices : matière reconstituée, vitalité, douceur, résistance, brillance. Nouvelle formule renforcée en Actifs. La Pro-kératine répare la fibre, le cheveu est renforcé dans sa structure, il retrouve la résistance d'un cheveu neuf. Le Céramide, réplique du ciment intercellulaire, transforme, transforme la surface du cheveu en une matière régulière., Appliquer sur cheveux mouillés, masser soigneusement sur l'ensemble du cuir chevelu puis rincer. En cas de contact avec les yeux, les rincer immédiatement., Aqua/water, sodium laureth sulfate, coco-betaine, dimethicone, glycol distearate, sodium chloride, guar hydroxypropyltrimonium chloride, sodium benzoate, hydroxypropyltrimonium hydrolyzed wheat protein, sodium hydroxide, ppg-5-ceteth-20, arginine, salicylic acid, polyquaternium-7, limonene, linalool, benzyl salicylate, 2-oleamido-1,3-octadecanediol, carbomer, serine, butylphenylmethylpropion al, citric acid, glutamic acid, hexyl cinnamal, glyceryl linoleate, parfum/fragance (F.I.L. C46263/1)., 12 mois après ouverture.]|"
12,64€ / L"|"
6,32 €"
2499|Shampooing Re-Nutrition|Le flacon de 250ml|[Origine : FRANCE, Les Laboratoires de L'Oréal ont intégré de la Gelée Royale pour la 1ère fois dans un shampooing formule crème qui gorge la fibre de nutriments essentiels.                                                                    La fibre est repulpée immédiatement, comme régénérée. Son parfum gourmand vous plonge dans une douceur olfactive pure., Appliquer sur cheveux mouillés, masser en douceur puis rincer.  En cas de contact avec les yeux, les rincer immédiatement., Aqua / water, sodium laureth sulfate, dimethicone, glycol distearate, disodium cocoamphodiacetate, sodium chloride, CI 15985 / yellow 6, CI 19140 / yellow 5, guar hydroxypropyltrimonium chloride, sodium benzoate, sodium methylparaben, sodium hydroxide, safflower glucoside, PPG-5- ceteth-20, arginine, ethylparaben, salicylic acid, benzyl benzoate, benzyl alcohol, linalool, carbomer, butylphenyl methylpropional, citric acid, coumarin, hexyl cinnamal, royal jelly / royal jelly extract, parfum / fragrance. (FIL C29620/1)., A utiliser dans les 12 mois après ouverture.]|"
17,16€ / L"|"
4,29 €"
2500|Shampooing Soin 2 en 1 Antipelliculaire|Le flacon de 250ml|[Origine : FRANCE, - Action rapide contre les pellicules persistantes                        - Action anti-récidive longue durée                                       - Élimine quasi-immédiatement les démangeaisons                           - Redonne force, brillance et beauté aux cheveux, Appliquer et masser en douceur le cuir chevelu. Rincer abondamment et recommencer si nécessaire. Peut s'utiliser aussi souvent que vous le souhaitez. En cas de contact avec les yeux, les rincer immédiatement., Aqua/water, sodium laureth sulfate, polysorbate 21, dimethicone, cocamidopropyl betaine, cetyl alcohol, Cl47005/acid yellow 3, Cl42090/blue1, guar hydroxypropyltrimonium chloride, hydroxystearyl cetyl ether, sodium benzoate, sodium hydroxide, peg-55propylene glycol oleate, salicylic acid, linalool, benzyl alcohol, propylene glycol, piroctone olamine, carbomer, geraniol, butylphenyl methylpropional, citronellol, citric acid, hexylene glycol, parfum/fragrance. (F.I.L. C36750/1)., 12 mois après ouverture.]|"
18,20€ / L"|"
4,55 €"
2501|Shampooing soin Color Vive|Le flacon de 250ml|[Origine : FRANCE, Nouvelle formule avec élixir fixateur de couleur : fixe et prolonge la couleur, protège le cheveu et préserve l'éclat. Couleur intense longue tenue, cheveu protégé 80% de couleur préservée après 28 shampooing., Appliquer sur cheveux mouillés, masser soigneusement sur l'ensemble  du cuir chevelu puis rincer. En cas de contact avec les yeux, les rincer immédiatement., Aqua/water, sodium laureth sulfate, dimethicone, coco betaine, glycol distearate, sodium chloride, guar hydroxypropyltrimonium chloride, cocamide mea, tocopherol, sodium benzoate, sodium cocoate, sodium hydroxide, ethylhexyl methoxycinnamate, salicylic acid, poly(linseed oil), benzophenone-4, benzyl alcohol, benzyl salicylate, linalool, alpha isomethyl ionone, carbomer, geraniol, butylphenyl methylpropional, citronellol, methyl cocoate, citric acid, hexylene glycol, hexyl cinnamal, parfum (fil C54884/4)., 12 mois après ouverture.]|"
12,76€ / L"|"
3,19 €"
2502|Shampooing soin Liss Intense|Les 2 flacons de 250ml|[Origine : FRANCE, Le Shampooing Liss-Intense se fond instantanément dans la matière du cheveu pour l'assouplir et le détendre sur toute sa longueur. Nourrie et lissée, la chevelure est fluide et disciplinée. Vos cheveux se laissent lisser sans résistance, pour un effet anti-frizz longue durée., Appliquer sur cheveux mouillés, masser en douceur puis rincer. Convient parfaitement pour une utilisation avant brushing. En cas de projection dans les yeux, les rincer immédiatement., Aqua/water, sodium laureth sulfate, coco-betaine, laureth-5 carboxylic acid, trimethylsilylamodimethicone, cocamide mipa, sodium chloride, Cl19140/ yellow 5, Cl14700/red 4, sodium methylparaben, dmdm hydantoin, sodium hydroxide, ppg-5-ceteth-20, peg-60 hydrogenated castor oil, polyquaternium-10, camelina sativa/camelina/ sativa seed oil, limonene, linalool, benzyl salicylate, alpha-isomethylionone, geraniol, butylphenyl methylpropional, citronellol, bht, laureth-2, hexyl cinnamal, amyl cinnamal,parfum/fragrance. (F.I.L. C20132/3)., 12 mois après ouverture.]|"
15,66€ / L"|"
7,83 €"
2503|Shampooing Sun Repair|Le flacon de 250ml|[Origine : FRANCE]|"
20,56€ / L"|"
5,14 €"
2504|Shampooing Total Repair 5|Le flacon de 250ml|[Origine : FRANCE, Votre cheveu saffine, saffaiblit, devient plat, rêche et terne ? 5 probl  èmes, 1 solution, Elsève Total Repair 5 est la 1ère réparation totales des cheveux abîmés. Les Laboratoires de L'Oréal ont développé une formule à la Pro-Kératine et au Céramide pour une action re-constituante et re-surfaçante. Jour après jour, le cheveu est totalement réparé., Appliquer sur cheveux mouillés, masser en douceur puis rincer. En cas de contact avec les yeux, les rincer immédiatement., Aqua/water, sodium laureth sulfate, coco-betaine, dimethicone, glycol distearate, sodium chloride, guar hydroxypropyltrimonium chloride, sodium benzoate, hydroxypropyltrimonium hydrolyzed wheat protein, sodium hydroxide, PPG-5-ceteth-20, arginine, salicylic acid, polyquaternium-7, limonene, linalool, benzyl salicylate, 2-oleamido-1,3-octadecanediol, carbomer, serine, butylphenyl methylpropional, citric acid, glutamic acid, hexyl cinnamal, glyceryl linoleate, glyceryl oleate, glyceryl linolenate,parfum/fragrance. (F.I.L. C46263/1)., Se conserve 12 mois après ouverture.]|"
13,40€ / L"|"
3,35 €"
2505|Shampooing  Total Repair 5 Maxi Format|Le flacon 400ml|[Origine : BELGIQUE, 5 actions réparatrices : matière reconstituée, vitalité, douceur, résistance, brillance. Nouvelle formule renforcée en Actifs. La Pro-kératine répare la fibre, le cheveu est renforcé dans sa structure, il retrouve la résistance d'un cheveu neuf. Le Céramide, réplique du ciment intercellulaire, transforme la surface du cheveu en une matière régulière et lisse., Appliquer sur cheveux mouillés, masser soigneusement sur l'ensemble du cuir chevelu puis rincer. En cas de contact avec les yeux, les rincer immédiatement., Aqua/water, sodium laureth sulfate, coco-betaine, dimethicone, glycol distearate, sodium chloride, guar hydroxypropyltrimonium chloride, sodium benzoate, hydroxypropyltrimonium hydrolyzed wheat protein, sodium hydroxide, ppg-5-ceteth-20, arginine, salicylic acid, polyquaternium-7, limonene, linalool, benzyl salicylate, 2-oleamido-1,3-octadecanediol, carbomer, serine, butylphenyl methylpropional, citric acid, glutamic acid, hexyl cinnamal, glyceryl linoleate, glyceryl oleate, glyceryl linolenate,parfum/fragrance. (F.I.L. C46263/1)., 12 mois après ouverture.]|"
13,88€ / L"|"
5,55 €"
2506|Shampooing Total Repair Extrême|Le flacon de 250ml|[Origine : FRANCE, Enrichie en céramide, sa formule comble les fissures externes de la fibre et renforce son maillage protecteur de la racine jusqu'au dernier millimètre des pointes., Appliquer sur cheveux mouillés, masser soigneusement sur l'ensemble du cuir chevelu puis rincer. En cas de contact avec les yeux, les rincer immédiatement., Aqua, sodium laureth sulfate, coco betaine, dimethicone, glycol distearate, sodium chloride, lactic acid, sodium benzoate, sodium hydroxide, ppg-5-ceteth-20, salicylic acid, polyquaternium-6, limonene, linalool, benzyl salicylate, benzyl alcohol, 2-oleamido-1,3-octadecanediol, carbomer, butylphenyl methylpropional, citric acid, hexyl cinnamal, parfum. (FIL C55550/1)., 12 mois après ouverture.]|"
17,52€ / L"|"
4,38 €"
2507|Shampooing Traitant au Selenium S Actif Antipelliculaire|Le flacon de 250ml|[Origine : FRANCE, - Action rapide contre les pellicules persistantes                        - Action anti-récidive longue durée                                       - Élimine quasi-immédiatement les démangeaisons                           - Redonne force, brillance et beauté aux cheveux, Usage fréquent. Appliquer et masser en douceur le cuir chevelu. Laisser pauser quelques instants. Rincer abondamment et recommencer si nécessaire. Formulé pour respecter les cheveux et le cuir chevelu. Peut s'utiliser aussi souvent que vous le souhaitez. En cas de contact avec les yeux, les rincer immédiatement. Contient du disulfure de sélénium, éviter le contact avec les yeux et la peau endommagée., Aqua/water, sodium laureth sulfate, coco-betaine, dimethicone, distearyl ether, behenyl alcohol, sodium chloride, sodium methylparaben, sodium hypochlorite, sodium hydroxide, ppg-5-ceteth-20, sélénium sulfide, benzyl alcohol, carbomer, citric acid, butylphenyl methylpropional, laureth-2, hexyl cinnamal, parfum/fragrance. (F.I.L. C32105/2)., Conservation 12 mois après ouverture.]|"
18,32€ / L"|"
4,58 €"
2508|Shampooing et après-shampooing, usage fréquuent,cheveux normaux|Le flacon de 250ml|[Origine : ITALIE, Enrichie en essence de pamplemousse, sa formule fortifie et tonifie la fibre dès la fibre dès la racine pour des cheveux résistants, frais et brillants toute la journée.Vos cheveux sont forts à l'intérieur, brillants à l'extérieur. Cheveux parfaitement démêlés, sans alourdissement., En cas de contact avec les yeux, les rincer immédiatement., Aqua/water, sodium laureth sulfate, glycol distearate, coco-betaine, dimethicone, sodium chloride, cocamide mipa, niacinamide, guar hydroxypropyltrimonium chloride, saccharum officinarum extract/sugar cane extract, sodium methylparaben, dmdm hydantoin, sodium cocoate, sodium hydroxide, camellia sinensis extract/camellia sinensis leaf extract, benzyl alcohol, linalool, pyrus malus extract/apple fruit extract, carbomer, pyridoxine HCI, citric acid, methyl cocoate, citrus grandis oil/grapefruit peel oil, citrus medica limonum peel extract/lemon peel extract, hexylene glycol, hexyl cinnamal, amyl cinnamal, parfum/fragrance, (FIL C43625/1)., 12 mois après ouverture.]|"
14,20€ / L"|"
3,55 €"
2509|Shampooing fortifiant, cheveux normaux regraissant vi       te, concentré actif de fruits renforcé|Le flacon de 250ml|[Origine : FRANCE, Vous aimez vos cheveux juste après le shampooing, mais très vite ils regraissent ? FRUCTIS FRESH. 1) assainit le cheveu dès la racine 2) rééquilibre le cuir chevelu. Résultat: cuir chevelu purifié. Cheveux frais et légers., En cas de projection dans les yeux, les rincer immédiatement., Aqua / water, sodium laureth sulfate, glycol distearate, coco-betaine, sodium chloride, cocamide mipa, niacinamide, saccharum officinarum / sugar cane extract, sodium methylparaben, DMDM hydantoin, polyquaternium-10, dimethicone, camellia sinensis /camellia sinensis leaf extract, linalool, 2-oleamido-1, 3-octadecanediol, pyrus malus / apple fruit extract, carbomer, pyridoxine HCI, disodium cocoamphodiacetate, citric acid, methylparaben, butylphenyl methylpropional, citrus limonum / lemon peel extract, hexylene glycol, parfum / fragrance (fil C24864/1).]|"
15,44€ / L"|"
3,86 €"
2510|Shampooing fortifiant, Cheveux secs, Abîmés|Le flacon de 250ml|[Origine : ITALIE, Les 3 huiles nutritives pénètrent chaque couche du cheveu et le nourrissent à l'intérieur. Nourris, réparés, fortifiés, vos cheveux sont plus souples, plus soyeux et plus lumineux., En cas de contact avec les yeux, les rincer immédiatement., Aqua/water, sodium laureth sulfate, disodium cocoamphodiacetate, sodium chloride, dimethicone, glycerin, glycol distearate, Cl19140/yellow 5, Cl15985/yellow 6, guar hydroxypropyltrimonium chloride, niacinamide, ribes nigrum oil/black currant seed oil, cocamide mipa, saccharum officinarum extract/sugar cane extract, sodium benzoate, sodium cocoate, olea europaea oil/olive fruit oil, salicylic acid, camellia sinensis extract/camellia sinensis leaf extract, benzyl alcohol, linalool, pyrus malus extract/apple fruit extract, pyridoxine hci, carbomer, persea gratissima oil/avocado oil, citric acid, butyrospermum parkii butter/shea butter, methyl cocoate, butylphenyl methylpropional, citrus medica limonum peel extract/lemon peel extract, hexyleneglycol, parfum/fragrance. (FIL C35106/1)., 12 mois après ouverture.]|"
15,20€ / L"|"
3,80 €"
2511|Shampooing fortifiant, Matière & densité|Le flacon de 250ml|[Origine : FRANCE, Créez une superbe masse capillaire que vous pouvez voir, sentir et toucher. Chevelure plus abondante et plus épaisse au toucher souple, effet velours. Résultat : instantanément : vos cheveux sont plus épais, plus forts et plus beaux. Application après application : votre masse capillaire est plus dense, comme si vous aviez plus de cheveux., En cas de contact avec les yeux, les rincer immédiatement., Aqua/water sodium laureth sulfate, coco-betaine, sodium lauryl sulfate, sodium chloride, glycol distearate, niacinamide, alcohol denat., saccharum officinarum extract/sugar cane extract, hydroxypropyl guar hydroxypropyltrimonium chloride, sodium hydroxide, aminopropyl triethoxysilane, polyquaternium-30, camellia sinensis leaf extract, benzyl alcohol, linalool, punica granatum extract, 2-oleamido-1,3-octadecanediol, acrylates copolymer, pyrus malus extract/apple fruit extract, pyridoxine hci, citric acid, methylchloroisothiazolinone, methylisothiazolinone, citrus medica limonum peel extract/lemon peel extract, hexylene glycol, hexyl cinnamal, amyl cinnamal, parfum/fragrance (f.i.l. c163107/2)., 12 mois après ouverture.]|"
15,44€ / L"|"
3,86 €"
2512|shampooing fortifiant, rompt le cycle des pellicules, concentré actif de fruits renforcé|Le flacon de 250ml|[Origine : FRANCE, Vous avez des pellicules et rien n'y fait : elles ne disparaissent jamais vraiment ? FRUCTIS ANTI-PELLICULAIRE 2EN1 ANTI-RÉCIDIVE. 1) élimine les pellicules 2) action anti-récidive 4 semaines. Résultat: sa formule au Zinc Pyrithione agit visiblementcontre les pellicules dès la 1ère application. Grâce à son action anti-récidive, elle prévient leur réapparition pendant 4 semaines. Cheveux parfaitement démêlés, sans alourdissement., En cas de projection dans les yeux, les rincer immédiatement., Aqua / water, sodium laureth sulfate, coco-betaine dimethicone, cetyl alcohol, hydroxystearyl cetyl ether, sodium chloride, niacinamide, cocamide mipa, saccharum officinarum / sugar cane extract, sodium methylparaben, DMDM hydantoin, sodium cocoate,phenoxyethanol, ethylparaben, polyquaternium-10, camellia sinensis / camellia sinensis leaf extract, zinc pyrithione, linalool, propylene glycol, 2  oleamido-1, 3  octadecanediol, propylparaben, isobutylparaben, pyrus malus / apple fruit extract, carbomer, pyridoxine HCI, citric acid, methylparaben, butylphenyl methylpropional, methyl cocoate, butylparaben, citrus limonum / Lemon peel extract, parfum / fragrance (fil C25732/1).]|"
14,36€ / L"|"
3,59 €"
2515|Shampooing fortifiant cheveux normaux|Le flacon de 250ml|[Origine : ITALIE, Enrichie en essence de pamplemousse, sa formule fortifie et tonifie la fibre dès la racine pour des cheveux résistants, frais et brillants toute la journée.Vos cheveux sont forts à l'intérieur, brillants à l'extérieur., En cas de contact avec les yeux, les rincer immédiatement., Aqua/water, sodium laureth sulfate, coco-betaine, glycerin, glycol distearate, sodium chloride, niacinamide, cocamide mipa, saccharum officinarum extract/sugar cane extract, sodium benzoate, sodium cocoate, sodium hydroxide, ppg-5-ceteth-20, polyquaternium-10, salicylic acid, dimethicone, camellia sinensis extract/camellia sinensis leaf extract, benzyl alcohol, linalool, pyrus malus extract/apple fruit extract, carbomer, pyridoxine hci, citric acid, methyl cocoate, citrus grandis oil/grapefruitpeel oil, citrus medica limonum peel extract/lemon peel extract, hexyl cinnamal, amyl cinnamal, parfum/fragrance, (FIL C43752/1)., 12 mois après ouverture.]|"
14,60€ / L"|"
3,65 €"
2516|Shampooing fortifiant pure brillance, agent anti-calcaire|Le flacon de 250ml|[Origine : ITALIE, Une formule 94% biodégradable contenant un agent anti-calcaire pour empêcher l'accumulation des dépôts calcaires sur les cheveux. Purifiés et 10x plus résistants ils brillent de toute leur force., Usage fréquent. Appliquer sur cheveux mouillés, masser en douceur puis rincer. En cas de contact avec les yeux, les rincer immédiatement., Aqua/water, ammonium lauryl sulfate, cocamidopropyl betaine, sodium chloride, niacinamide, saccharum officinarum extract/sugar cane extract, sodium benzoate, hydroxypropyl guar hydroxypropyltrimonium chloride, sodium hydroxide, salicylic acid, malpighia punicifolia/acerola fruit extract, camellia sinensis extract/camellia sinensis leaf extract, benzoic acid, linalool, caprylic/capric triglyceride, pyrus malus extract/apple fruit extract, pyridoxine HCl, citric acid, citrus medica limonum peel extract/lemon peel extract, hexylene glycol, hexyl cinnamal, parfum/fragrance. (FIL C44554/1)., 12 mois après ouverture.]|"
14,24€ / L"|"
3,56 €"
2517|Shampooing Pure Volume|Le flacon de 250ml|[Origine : FRANCE]|"
14,80€ / L"|"
3,70 €"
2518|Shampooing sec pure volume|Spray 150ml|[Origine : FRANCE, Rapide et pratique, il nettoie les cheveux, les texturise et leur redonne du volume pour 24h sans avoir à les relaver., A utiliser sur cheveux secs. Bien agiter avant emploi. Maintenir le flacon en position verticale à 15 cm des cheveux et pulvériser généreusement en insistant sur les racines. Laisser agir 2 min puis brosser jusqu'à élimination de la poudre pour leurredonner du volume. Récipient sous pression. Ne pas percer ou brûler même après usage. Ne pas vaporiser vers une flamme ou un corps incandescent. Conserver à l'écart de toute flamme ou source d'étincelles ou d'ignition. Ne pas fumer. Conserver hors de la portée des enfants. Eviter de vaporiser vers les yeux ou sur une peau irritée et d'inhaler intentionnellement. Ne pas utiliser pour un usage autre que celui pour lequel le produit est destiné. Ne pas utiliser dans une atmosphère confinée., Butane, alcohol denat, isobutane, oryza sativa starch/rice starch, propane, isopropyl myristate, dicocoylethyl hydroxyethylmonium methosulfate, stearalkonium hectorite, limonene, linalool, propylene glycol, propylene carbonate, citrus limonium oil/lemon seed oil, citral, hexyl cinnamal, parfum (FIL C51215/3). Formule sans silicone et sans colorant., A protéger contre les rayons solaires et à ne pas exposer à une température supérieure à 50°C.]|"
51,40€ / L"|"
7,71 €"
2519|Shampooing, Million Gloss|Le flacon de 250ml|[Origine : ALLEMAGNE, La nouvelle formule aux constituants capillaires liquides identiques à ceux du cheveu comble précisément les zones endommagées pour une réparation intense. Vos cheveux sont ternes, éteints, sans éclat ? Gliss Million Gloss : sa formule réparatrice contient de l'Élixir-Gloss concentré. Résultats prouvés : formule innovante qui scelle la brillance autour de la fibre capillaire. Éclat longue durée sans alourdir. Reflets éclatants comme millionisés., Pour cheveux ternes, éteints, sans éclat. Conseils Professionnels Schwarzkopf : appliquez sur cheveux mouillés puis rincez soigneusement. À utiliser régulièrement., 12 mois après ouverture.]|"
17,00€ / L"|"
4,25 €"
2520|Cheveux longs, cassants/fourchus, huile d'argan, shampooing  oléo nutrition|Le flacon de 250ml|[Origine : ALLEMAGNE, Vos cheveux sont longs, cassants et fourchus ? La formule aux 7 huiles nutritives restructure les cheveux jusqu'aux pointes et les protège contre les fourches.Réduit les fourches jusqu'à 85% et apporte une brillance éclatante. Répare et nourrit les cheveux jusqu'aux pointes. Adapté à un usage quotidien., Aqua, sodium laureth sulfate, disodium cocoamphodiacetate, laureth-2, PEG-40 hydrogenated castor oil, PEG-7 glyceryl cocoate, argania spinosa kernel oil, macadamia ternifolia seed oil, olea europaea fruit oil, prunus amygdalus dulcis oil, prunus armeniaca kernel oil, sclerocarya birrea seed oil, sesamum indicum seed oil, panthenol, laurdimonium hydroxypropyl hydrolyzed wheat protein, hydrolyzed keratin, sodium chloride, citric acid, peg-12 dimethicone, propylène glycol, sodium benzoate, peg-55 propylène glycol oleate, polyquaternium-10, parfum, salicylic acid, peg-14m, linalool, limonene, hexyl cinnamal, benzyl salicylate, citronellol, Cl 47005, Cl 15985., 12 mois après ouverture.]|"
16,04€ / L"|"
4,01 €"
2521|Hair repair, asia liss, shampooing lissage parfait, cheveux rebelles, difficiles à lisser, lissage longue durée|Le flacon de 250ml|[Origine : ALLEMAGNE, Le Shampooing Gliss Asia Liss aux extraits de Bambou et d'Orchidée lisse intensément la fibre capillaire et offre à vos cheveux un lissage longue durée. Répare la fibre capillaire., Lavez la chevelure les mains à plat. Massez du bout des doigts puis rincez soigneusement., Aqua, sodium laureth sulfate, disodium cocoamphodiacetate, sodium chloride, polyquaternium-10, citric acid, sodium benzoate, peg-7 glyceryl cocoate, peg-40 hydrogenated castor oil, parfum, laureth-2, salicylic acid, propylene glycol, panthenol, prunus armeniaca kernel oil, glycerin, peg-55 propylene glycol oleate, butylphenyl methylpropional, laurdimonium hydroxypropyl hydrolyzed wheat protein, linalool, hexyl cinnamal, benzyl alcohol, geraniol, citronellol, sodium acétate, hydrolyzed keratin, orchis mascula extract, bambusa vulgaris extract, Cl60730, Cl17200., A utiliser dans les 12 mois après ouverture.]|"
16,04€ / L"|"
4,01 €"
2522|Hair repair, shampooing couleur protect, filtre UV, usage fréquent, pour cheveux colorés ou balayés|Le flacon de 250ml|[Origine : ALLEMAGNE, Vos cheveux sont colorés ou balayés ? Le shampooing Gliss Color & Brillance au Cristal Liquéfié et au Complexe UV sublime vos cheveux d'un éclat intense.Protégée, votre chevelure resplendit d'une brillance éclatante. Couleur préservée et lumineuse. Brillance intense., Lavez la chevelure les mains à plat. Massez du bout des doigts puis rincez soigneusement. Usage quotidien., Aqua, sodium laureth sulfate, disodium cocoamphodiacetate, PEG-7 glyceryl cocoate, sodium chloride, citric acid, polyquaternium-10, sodium benzoate, laureth-2, parfum, propylene glycol, hydrogenated castor oil, salicylic acid, panthenol, PEG-55 propylene glycol oleate, benzophenone-4, laurdimonium hydroxypropyl hydrolyzed wheat protein, mica, linalool, limonene, benzyl salicylate, hexyl cinnamal, benzyl alcohol, hydrolyzed keratin, quartz, Cl77891., A utiliser dans les 12 mois après ouverture.]|"
16,04€ / L"|"
4,01 €"
2523|Hair repair, shampooing soie liquide gloss, cheveux rebelles, rêches, sans éclat|Le flacon de 250ml|[Origine : ALLEMAGNE, Innovation Schwarzkopf : alliance exclusive de la technologie Soie Liquide à un gloss capteur de lumière, la gamme Soie Liquide Gloss lisse et illumine les cheveux rêches et sans éclat. Son Système Scan Repair détecte et répare toutes les zones fragilisées du cheveu : en pleine santé, les cheveux révèlent alors une brillance éclatante. Le Shampooing Soie Liquide Gloss : grâce a sa formule inédite enrichie en Soie Liquide et en agent de brillance, le Shampooing Liquide Gloss lisse la fibre capillaire et apporte à vos cheveux une brillance éblouissante. Résultat : lisses et souples, vos cheveux sont doux comme de la soie et sublimés d'une brillance Gloss., Lavez la chevelure les mains à plat. Massez du bout des doigts, puis rincez soigneusement. Pour une action renforcée, utilisez en complément l'Après-shampooing Soie Liquide Gloss., Aqua, sodium laureth sulfate, disodium cocoamphodiacetate, sodium chloride, peg-7 glyceryl cocoate, citric acid, polyquaternium-10, sodium benzoate, parfum, hydrogenated castor oil, salicylic acid, panthenol, laurdimonium hydroxypropyl, hydrolyzed wheat protein, prunus armeniaca kernel oil, mica, hydrolyzed wheat protein, limonene, phenoxyethanol, hexyl cinnamal, coumarin, citronellol, linalool, hydrolyzed silk, sericin, Cl17200, Cl77891., A utiliser dans les 12 mois après ouverture.]|"
16,28€ / L"|"
4,07 €"
2524|Shampooing, réparation ultra-ciblée, résistance et brillance, cheveux extrêmement abîmés, secs|Le flacon de 250ml|[Origine : ALLEMAGNE, La nouvelle formule aux constituants capillaires liquides identiques à ceux du cheveu comble précisément les zones endommagées pour une réparation intense.Sa formule répare même les zones extrêmement abîmées. Jusqu'à 95% de cheveux cassés en moins. Pour plus de résistance et de brillance., Appliquez sur cheveux mouillés en massant du bout des doigts et rincez soigneusement., Aqua, sodium laureth sulfate, disodium cocoamphodiacetate, sodium chloride, PEG-12 dimethicone, polyquaternium-10, cocodimonium hydroxypropyl hydrolyzed keratin, hydrolyzed keratin, panthenol, citric acid, laureth-12, sodium benzoate, PEG-7 glycerylcocoate, parfum, propylene glycol, PEG-55 propylene glycol oleate, hydrogenated castor oil, PEG-14M, mica, hexyl cinnamal, linalool, limonene, sodium sulfate, CI77891., 12 mois après ouverture.]|"
14,48€ / L"|"
3,62 €"
2525|Shampooing à l'huile précieuse nourrissante                       Cheveux secs, fourchus, sur-sollicités|Le flacon 250 ml|[Origine : ALLEMAGNE, La nouvelle formule aux constituants capillaires liquides identiques à ceux du cheveu comble précisément les zones endommagées pour une réparation intense. Sa formule réparatrice est enrichie en huile précieuse nourrissante. Résultats : Nourrit intensément et renforce la fibre capillaire, pour des cheveux sublimés. Redonne souplesse & luminosité aux cheveux très secs, fourchus et sur-sollicités., Pour cheveux secs, fourchus, sur-sollicités., Aqua, sodium laureth sulfate, disodium cocoamphodiacetate, sodium chloride, peg-12 dimethicone, peg-7 glyceryl cocoate, argania spinosa kernel oil, hydrolyzed keratin, cocodimonium hydroxypropyl hydrolyzed keratin, panthenol, citric acid, laureth-2,polyquaternium-10, sodium benzoate, parfum, propylene glycol, peg-55 propylene glycol oleate, peg-40 hydrogenated castor oil, hydrogenated castor oil, PEG-14M, mica, hexyl cinnamal, linalool, limonene, sodium acetate, phenoxyethanol, Cl 77891, Cl 77491., 12 mois après ouverture.]|"
16,44€ / L"|"
4,11 €"
2526|Shampooing Karite Cashmere, cheveux secs ou desséchés|Le flacon de 250ml|[Origine : ALLEMAGNE, Le Shampooing Gliss Karité Cashmere enrichi en beurre de Karité nourrit la fibre capillaire et offre à vos cheveux souplesse et toucher cashmere. Soin intense. Souplesse et toucher cashmere.Sans alourdir., Lavez la chevelure les mains à plat. Massez du bout des doigts puis rincez soigneusement., Aqua, sodium laureth sulfate, disodium cocoamphodiacetate, peg-7 glyceryl cocoate, sodium chloride, citric acid, polyquaternium-10, glycol distearate, sodium benzoate, peg-40 hydrogenated castor oil, laureth-2, peg-12 dimethicone, laureth-4, parfum,hydrogenated castor oil, salicylic acid, propylene glycol, cocamidopropyl betaine, panthenol, peg-55 propylene glycol oleate, laurdimonium hydroxypropyl hydrolyzed wheat protein, benzyl salicylate, peg-14m, hexyl cinnamal, butylphenyl methylpropional, hydrolyzed keratin, linalool, limonene, mica, glycerin, benzyl alcohol, alpha-isomethyl ionone, butyrospermum parkii butter, Cl77891, Cl47005, Cl17200., Conservation 12 mois après ouverture.]|"
16,96€ / L"|"
4,24 €"
2527|Shampooing, Biotine+ volume, Cheveux fins, Sans volume|Le flacon de 250ml|[Origine : ALLEMAGNE]|"
22,88€ / L"|"
5,72 €"
2528|Shampooing, Cheveux colorés ou méchés|Le flacon de 250ml|[Origine : ALLEMAGNE]|"
22,88€ / L"|"
5,72 €"
2529|Shampooing, Crystal brillance, Cheveux normaux, Ternes|Le falcon de 250ml|[Origine : ALLEMAGNE]|"
22,88€ / L"|"
5,72 €"
2530|Shampooing, Mineral force, Cheveux fatigués, Fragilisés|Le falcon de 250ml|[Origine : ALLEMAGNE]|"
22,88€ / L"|"
5,72 €"
2531|Shampooing, Omega repair, Cheveux abîmés, Secs|Le falcon de 250ml|[Origine : ALLEMAGNE]|"
22,88€ / L"|"
5,72 €"
2532|Shampooing antipelliculaire traitement intensif pour pellicules sévères|Le flacon de 400ml|[Origine : ETATS-UNIS AMERIQUE]|"
22,13€ / L"|"
8,85 €"
2533|Shampooing Force & Densité|Le flacon de 300ml|[Origine : FRANCE]|"
18,37€ / L"|"
5,51 €"
2534|Shampooing 2 en 1 Force et Densité|Le flacon de 270ml|[Origine : FRANCE]|"
20,41€ / L"|"
5,51 €"
2535|Shampooing antipelliculaire, anti-chute|Le flacon de 300ml|[Origine : LUXEMBOURG]|"
18,03€ / L"|"
5,41 €"
2536|Shampooing antipelliculaire, apple fresh|Le flacon de 300ml|[Origine : FRANCE, Protection antipelliculaire efficace avec formule Hydrazinc et combinée à notre technologie Scent Burst qui s'active au contact de l'eau. Notre formule HydraZinc agit sur la cause des pellicules dès la 1ère utilisation, élimine les pellicules visibles et résidus et aide à apaiser les sensations de sécheresse du cuir chevelu., Agitez avant usage. Appliquez sur le cuir chevelu et massez des racines jusqu'aux pointes. Rincez et recommencez si nécessaire. Eviter tout contact avec les yeux. En cas de contact, rincer abondamment avec de l'eau., Aqua, sodium lauryl sulfate, sodium laureth sulfate, glycol distearate, zinc carbonate, sodium chloride, sodium xylenesulfonate, zinc pyrithione, cocamidopropyl betaine, dimethicone, parfum, sodium benzoate, guar hydroxypropyltrimonium chloride, hydrochloric acid, magnésium carbonate hydroxide, hexyl cinnamal, magnésium nitrate, sodium polynaphthalene sulfonate, methylchloroisothiazolinone, Cl42090, Cl 19140, magnésium chloride, methylisothiazolinone., 12 mois après ouverture.]|"
18,37€ / L"|"
5,51 €"
2537|Shampooing antipelliculaire, citrus fresh|Le flacon de 500ml|[Origine : FRANCE, Ce shampooing fruité, avec un mélange d'extraits d'agrumes, lave votre cuir chevelu et vos cheveux gras, les laissant avec un look naturel et un parfum durable. Notre formule HydraZinc agit sur la cause des pellicules dès la 1ère utilisation, élimineles pellicules visibles et résidus et aide à apaiser les sensations de sécheresse du cuir chevelu., Agitez avant usage. Appliquez sur le cuir chevelu et massez des racines jusqu'aux pointes. Rincez et recommencez si nécessaire. Eviter tout contact avec les yeux. En cas de contact, rincer abondamment avec de l'eau., 12 mois après ouverture.]|"
16,46€ / L"|"
8,23 €"
2538|Shampooing antipelliculaire, classic, pour cheveux normaux|Le flacon de 500ml|[Origine : FRANCE, Ce shampooing simple est spécialement formulé pour laver intensément votre cuir chevelu et vos cheveux, les laissant propres et revitalisés. Notre formule HydraZinc agit sur la cause des pellicules dès la 1ère utilisation, élimine les pellicules visibles et résidus et aide à apaiser les sensations de sécheresse du cuir chevelu., Agitez avant usage. Appliquez sur le cuir chevelu et massez des racines jusqu'aux pointes. Rincez et recommencez si nécessaire. Eviter tout contact avec les yeux. En cas de contact, rincer abondamment avec de l'eau., 12 mois après ouverture.]|"
16,46€ / L"|"
8,23 €"
2539|Shampooing antipelliculaire, lisse et soyeux|Le flacon de 300ml|[Origine : FRANCE]|"
18,20€ / L"|"
5,46 €"
2540|Shampooing antipelliculaire, menthol fresh|Le flacon de 300ml|[Origine : FRANCE]|"
18,03€ / L"|"
5,41 €"
2541|Shampooing antipelliculaire, pour cheveux gras, citrus fresh|Le flacon de 300ml|[Origine : FRANCE, Protection antipelliculaire efficace avec formule Hydrazinc et combinée à notre technologie Scent Burst qui s'active au contact de l'eau. Notre formule HydraZinc agit sur la cause des pellicules dès la 1ère utilisation, élimine les pellicules visibles et résidus et aide à apaiser les sensations de sécheresse du cuir chevelu., Agitez avant usage. Appliquez sur le cuir chevelu et massez des racines jusqu'aux pointes. Rincez et recommencez si nécessaire. Eviter tout contact avec les yeux. En cas de contact, rincer abondamment avec de l'eau., Aqua, sodium lauryl sulfate, sodium laureth sulfate, glycol distearate, zinc carbonate, sodium chloride, sodium xylenesulfonate, zinc pyrithione, cocamidopropyl betaine, parfum, dimethicone, menthol, sodium benzoate, guar hydroxypropyltrimonium chloride, hydrochloric acid, magnésium carbonate hydroxide, hexyl cinnamal, limonène, benzyl salicylate, propylène glycol, citronellol, magnésium nitrate, citrus limon fruit extract, sodium polynaphthalene sulfonate, Cl 19140, methylchloroisothiazolinone,magnésium chloride, methylisothiazolinone, Cl 42090., 12 mois après ouverture.]|"
17,13€ / L"|"
5,14 €"
2542|Shampooing antipelliculaire, pour homme, cheveux normauc|Le flacon de 300ml|[Origine : FRANCE]|"
17,13€ / L"|"
5,14 €"
2543|Shampooing antipelliculaire, sensitive, à l'aloé vera|Le flacon de 500ml|[Origine : FRANCE, Sa formule enrichie en agents de soin est spécialement conçue pour apporter un soin doux à votre cuir chevelu sensible en gardant vos cheveux doux au toucher. Notre formule HydraZinc agit sur la cause des pellicules dès la 1ère utilisation, élimine les pellicules visibles et résidus et aide à apaiser les sensations de sécheresse du cuir chevelu., Agitez avant usage. Appliquez sur le cuir chevelu et massez des racines jusqu'aux pointes. Rincez et recommencez si nécessaire. Eviter tout contact avec les yeux. En cas de contact, rincer abondamment avec de l'eau., Aqua, sodium lauryl sulfate, sodium laureth sulfate, glycol distearate, zinc carbonate, sodium chloride, dimethicone, sodium xylenesulfonate, zinc pyrithione, cocamidopropyl betaine, sodium benzoate, parfum, guar hydroxypropyltrimonium chloride, hydrochloric acid, magnésium carbonate hydroxide, linalool, magnésium nitrate, hexyl cinnamal, aloe barbadensis leaf juice, sodium polynaphthalenesulfonate, methylchloroisothiazolinone, magnésium chloride, methylisothiazolinone, ascorbic acid, citric acid, sodium sulfite, potassium sorbate., 12 mois après ouverture.]|"
16,46€ / L"|"
8,23 €"
2544|Shampooing antipelliculaire, soin du cuir chevelu sec, huile d'amde douce|Le flacon de 300ml|[Origine : FRANCE, Protection antipelliculaire efficace avec formule Hydrazinc et combinée à notre technologie Scent Burst qui s'active au contact de l'eau. Notre formule HydraZinc agit sur la cause des pellicules dès la 1ère utilisation, élimine les pellicules visibles et résidus et aide à apaiser les sensations de sécheresse du cuir chevelu., Agitez avant usage. Appliquez sur le cuir chevelu et massez des racines jusqu'aux pointes. Rincez et recommencez si nécessaire. Eviter tout contact avec les yeux. En cas de contact, rincer abondamment avec de l'eau., 12 mois après ouverture.]|"
18,37€ / L"|"
5,51 €"
2545|Shampooing antipelliculaire + après-shampooing, 2en1, classic, pour cheveux normaux|Le flacon de 450ml|[Origine : FRANCE, Protection antipelliculaire efficace avec formule Hydrazinc et combinée à notre technologie Scent Burst qui s'active au contact de l'eau. Notre formule HydraZinc agit sur la cause des pellicules dès la 1ère utilisation, élimine les pellicules visibles et résidus et aide à apaiser les sensations de sécheresse du cuir chevelu., Agitez avant usage. Appliquez sur le cuir chevelu et massez des racines jusqu'aux pointes. Rincez et recommencez si nécessaire. Eviter tout contact avec les yeux. En cas de contact, rincer abondamment avec de l'eau., Aqua, sodium lauryl sulfate, sodium laureth sulfate, glycol distearate, zinc carbonate, sodium chloride, sodium xylenesulfonate, dimethicone, zinc pyrithione, cocamidopropyl betaine, parfum, sodium benzoate, guar hydroxypropyltrimonium chloride, hydrochloric acid, hexyl cinnamal, linalool, magnésium carbonate hydroxide, magnésium nitrate, sodium polynaphthalenesulfonate, methylchloroisothiazolinone, magnésium chloride, Cl 42090, methylisothiazolinone, Cl 17200., 12 mois après ouverture.]|"
18,29€ / L"|"
8,23 €"
2546|Shampooing antipelliculaire + après shampooing 2 en 1 anti-démangeaisons|Le flacon de 270ml|[Origine : FRANCE]|"
20,56€ / L"|"
5,55 €"
2547|Shampooing antipelliculaire + après shampooing 2 en 1 citrus fresh, pour cheveux gras|Le flacon de 270ml|[Origine : FRANCE, Protection antipelliculaire efficace avec formule Hydrazinc et combinée à notre technologie Scent Burst qui s'active au contact de l'eau. Notre formule HydraZinc agit sur la cause des pellicules dès la 1ère utilisation, élimine les pellicules visibles et résidus et aide à apaiser les sensations de sécheresse du cuir chevelu., Agitez avant usage. Appliquez sur le cuir chevelu et massez des racines jusqu'aux pointes. Rincez et recommencez si nécessaire. Eviter tout contact avec les yeux. En cas de contact, rincer abondamment avec de l'eau., Aqua, sodium lauryl sulfate, sodium laureth sulfate, glycol distearate, zinc carbonate, sodium chloride, sodium xylenesulfonate, zinc pyrithione, cocamidopropyl betaine, dimethicone, parfum, menthol, sodium benzoate, guar hydroxypropyltrimonium chloride, hydrochloric acid, magnésium carbonate hydroxide, hexyl cinnamal, limonène, benzyl salicylate, propylène glycol, citronellol, magnésium nitrate, citrus limon fruit extract, sodium polynaphthalenesulfonate, cl19140, methylchloroisothiazolinone, magnésium chloride, methylisothiazolinone, cl42090., 12 mois après ouverture.]|"
20,56€ / L"|"
5,55 €"
2548|Shampooing antipelliculaire + après shampooing 2 en 1 classic|Le flacon de 270ml|[Origine : FRANCE]|"
19,04€ / L"|"
5,14 €"
2549|Shampooing antipelliculaire + après shampooing 2 en 1 sensitive|Le flacon de 270ml|[Origine : FRANCE]|"
20,41€ / L"|"
5,51 €"
2550|Shampooing antipelliculaire anti-démangeaisons, eucalyptus|Le flacon de 300ml|[Origine : FRANCE]|"
18,03€ / L"|"
5,41 €"
2551|Shampooing antipelliculaire classic cheveux normaux|Le flacon de 300ml|[Origine : FRANCE, Protection antipelliculaire efficace avec formule HydraZinc et combinée à notre technologie Scent Burst qui sactive au contact de leau Notre formule HydraZinc agit sur la cause des pellicules dès la 1ère utilisation, élimine les pellicules visibleset résidus et aide à apaiser les sensations de sécheresse, de démangeaisons, et de tiraillements du cuir chevelu, laissant vos cheveux agréablement parfumés., Agitez avant usage. Appliquez sur le cuir chevelu et massez des racines jusquaux pointes. Rincez et recommencez si nécessaire. Eviter tout contact avec les yeux. En cas de contact, rincer abondamment avec de leau., Aqua, sodium lauryl sulfate, sodium laureth sulfate, glycoldistearate, zinc carbonate, sodium chloride, sodium xylenesulfonate, zinc pyrithione, cocamidopropyl betaine, dimethicone, parfum, sodium benzoate, guar hydroxypropyltrimonium chloride, hydrochloric acid, hexyl cinnamal, linalool, magnesium carbonate hydroxide, magnesium nitrate, sodium polynaphthalene sulfonate, methylchloroisothiazolinone, magnesium chloride, ci 42090, methylisothiazolinone, ci 17200., 12 mois après ouverture.]|"
17,13€ / L"|"
5,14 €"
2552|Shampooing antipelliculaire réparation et soin|Le flacon de 300ml|[Origine : FRANCE, Notre formule hydra zinc agit sur la cause des pellicules dès la 1ère utilisation. Elimine les pellicules visibles et résidus et aide à apaiser les sensations de sécheresse, de démangeaisons, et de tiraillements du cuir chevelu, laissant vos cheveuxagréablement parfumés., Agitez avant usage. Appliquez sur le cuir chevelu et massez des racines jusqu'aux pointes. Rincez et recommencez si nécessaire. Eviter tout contact avec les yeux. En cas de contact, rincer abondamment avec de l'eau., Aqua, sodium laureth sulfate, sodium lauryl sulfate, dimethicone, cocamide mea, zinc carbonate, glycol distearate, zinc pyrithione, sodium xylenesulfonate, cetyl alcohol, parfum, guar hydroxypropyltrimonium chloride, sodium chloride, hydrochloric acid, glycerin, magnesium sulfate sodium benzoate, linalool, magnesium carbonate hydroxide, butylphenyl methylpropional, limonène, hydroxyisohexyl 3-cyclohexene carboxaldehyde, benzyl alcohol, hexyl cinnamal, citronellol, magnesium nitrate, sodium hydroxide, tocopheryl acétate, sodium polynaphthalenesulfonate, paraffinum liquidum, cl 19140, cl 15510, methylchloroisothiazolinone, magnesium chloride, methylisothiazolinone., 12 mois après ouverture.]|"
18,17€ / L"|"
5,45 €"
2553|Shampooing antipelliculaire sensitive|Le flacon de 300ml|[Origine : FRANCE, Protection antipelliculaire efficace avec formule Hydrazinc et combinée à notre technologie Scent Burst qui s'active au contact de l'eau. Notre formule HydraZinc agit sur la cause des pellicules dès la 1ère utilisation, élimine les pellicules visibles et résidus et aide à apaiser les sensations de sécheresse du cuir chevelu., Agitez avant usage. Appliquez sur le cuir chevelu et massez des racines jusqu'aux pointes. Rincez et recommencez si nécessaire. Eviter tout contact avec les yeux. En cas de contact, rincer abondamment avec de l'eau., 12 mois après ouverture.]|"
17,33€ / L"|"
5,20 €"
2554|Tonique anti-chute|Le facon de 125ml|[Origine : FRANCE]|"
93,04€ / L"|"
11,63 €"
2555|Traitement extra épaississant|Le flacon de 125ml|[Origine : FRANCE]|"
92,24€ / L"|"
11,53 €"
2556|Cheveux longs, extrait de lin et lait d'amande douce, shampooing|Le flacon de 250ml|[Origine : FRANCE, Pour hydrater et faire briller vos cheveux longs, Le Petit Marseillais a développé une recette enrichie en ingrédients simples sélectionnés pour leurs propriétés naturelles.Le lin est reconnu pour ses propriétés adoucissantes. Le lait d'amande douce,riche en lipides végétaux, apporte ses vertus nourrissantes. La texture crémeuse et onctueuse apporte soin et douceur à vos cheveux, sans les alourdir., Appliquez le shampooing, massez le cuir chevelu en douceur puis rincez., Aqua, sodium laureth sulfate, cocamidopropyl betaine, glycerin, dimethiconol, sodium chloride, disodium cocoamphodiacetate, lecithin, prunus amygdalus dulcis oil, linum usitatissimum seed extract, di-PPG-2 myreth-10 adipate, polyquaternium-10, panthenol, acrylates copolymer, cinnamic acid, levulinic acid, sodium levulinate, PEG-150 pentaerythrityl tetrastearate, PEG-6 caprylic/capric glycerides, propylene glycol, polyglyceryl-3 diisostearate, glyceryl caprylate, glyceryl stearate, TEA-dodecylbenzene sulfonate, carbomer, styrene/acrylates copolymer, xanthan gum, isopropyl alcohol, tetrasodium EDTA, sodium phytate, sodium hydroxide, sodium acetate, methylchloroisothiazolinone, methylisothiazolinone, sodium benzoate, parfum, butylphenyl methylpropional, hexyl cinnamal., 12 mois après ouverture.]|"
12,32€ / L"|"
3,08 €"
2557|Cheveux normaux, extraits de pomme et d'olivier, shampooing|Le flacon de 250ml|[Origine : FRANCE, Pour apporter force et éclat aux cheveux normaux, Le Petit Marseillais a associé des ingrédients naturels, simples et efficaces, inspirés d'authentiques recettes méditerranéennes.Vos cheveux sont fortifiés et brillants. Ils sont légers, faciles à coiffer et à démêler. Naturellement., Aqua, sodium laureth sulfate, cocamidopropyl betaine, decyl glucoside, peg-12 dimethicone, olea europaea leaf extract, pyrus malus extract, parfum, hexyl cinnamal, peg-120 methyl glucose dioleate, polyquaternium-10, propylene glycol, sorbitol, sodiumchloride, dmdm hydantoin, sodium methylparaben, sodium propylparaben, citric acid, Cl19140, Cl42090., 12 mois après ouverture.]|"
10,76€ / L"|"
2,69 €"
2558|Cheveux normaux regraissant vite, extraits naturels d'ortie et de citron|Le flacon de 250ml|[Origine : FRANCE, Pour empêcher les cheveux de regraisser, Le Petit Marseillais a associé des ingrédients naturels, simples et efficaces, inspirés d'authentiques recettes méditerranéennes., Brossez régulièrement vos cheveux pour les aérer et chasser la poussière qui les graisse et les ternit., Aqua, Sodium Laureth Sulfate, Cocamidopropyl Betaine, PEG-12 Dimethicone, Citrus Medica Limonum Extract, Lamium Album extract, Zinc PCA, Parfum, Limonene, Linalool, Hexyl cinnamaldehyde, 2-(4-tert-butylbenzyl) propionaldehyde, PEG-120 Methyl GlucoseDioleate, Polyquaternium-10, Propylene Glycol, Sodium Chloride, DMDM Hydantoin, Sodium Methylparaben, Sodium Propylparaben, Citric Acid. Cl 19140., 12 mois après ouverture.]|"
12,16€ / L"|"
3,04 €"
2559|Shampooing, Anti-Pelliculaire|Le flacon de 250ml|[Origine : FRANCE, Association unique de 4 huiles essentielles : le thym pour ses propriétés assainissantes, le romarin pour ses vertus purifiantes, le citron pour l'excès de sébum et la camomille pour apaiser. L'équilibre naturel du cuir chevelu est respecté. Les pellicules visibles sont éliminées, les démangeaisons sont soulagées immédiatement., Laissez poser 1 à 2 minutes avant de rincer., Aqua, sodium laureth sulfate, cocamidopropyl betaine, sodium chloride, glycol distearate, glycerin, citric acid, anthemis nobilis flower oil, citrus medica limonum peel oil, pinus pinaster bark extract, rosmarinus officinalis leaf oil, thymus vulgaris flower/leaf oil, polyquaternium-10, myristyl alcohol, stearyl alcohol, carbomer, cetyl alcohol, etidronic acid, sodium hydroxide, piroctone olamine, sodium benzoate, cetrimonium chloride, parfum, benzyl salicylate, hexyl cinnamal, limonene, linalool., 12 mois après ouverture.]|"
14,20€ / L"|"
3,55 €"
2560|Shampooing, Nutrition intense, Cheveux très secs, Frisés|Le flacon de 250ml|[Origine : GRECE, Depuis des générations, les femmes méditerranéennes utilisent les huiles végétales pour prendre soin de leurs cheveux. Pour sa recette, Le Petit Marseillais s'est inspiré de leurs rituels de beauté et a sélectionné deux huiles : l'huile de karité, issue des noix broyée, réputée pour ses bienfaits nourrissants. L'huile d'argan, rare et précieuse, reconnue pour ses vertus adoucissantes et protectrices. Intensément nourris, vos cheveux sont réparés. Ils retrouvent douceur, souplesse et brillance., Appliquez le shampooing, massez pour libérer une mousse onctueuse puis rincez., Aqua, ammonium lauryl sulfate, glycerin, cocamidopropyl betaine, sodium chloride, citric acid, argania spinosa kernel oil, dicaprylyl ether, hydroxypropyl guar hydroxypropyltrimonium chloride, butyrospermum parkii oil, polyglyceryl-4 laurate/sebacate, polyglyceryl-6 caprylate/caprate, lauryl alcohol, glyceryl oleate, decyl glucoside, ammonium chloride, ammonium sulfate, sodium benzoate, benzoic acid, parfum, geraniol, hexyl cinnamal, benzyl salicylate, limonene, linalool, Cl 14700, Cl 19140. Sans paraben. Sans silicone., 12 mois après ouverture.]|"
12,68€ / L"|"
3,17 €"
2561|Shampooing abricot, Cheveux normaux|Le flacon de 500ml|[Origine : GRECE, Dans ce shampooing vous trouverez : un parfum ensoleillé : fruit jaune très apprécié en été, l'abricot révèle un parfum doux, gorgé de soleil. 5 00ml de douceur : avec sa base lavante d'origine végétale, ce shampooing laisse vos cheveux doux et brillants, tout simplement !, Aqua, ammonium lauryl sulfate, glycerin, cocamidopropyl betaine, hydroxypropyl guar hydroxypropyltrimonium chloride, prunus armeniaca fruit extract, propylene glycol, glyceryl oleate, hydrogenated palm glycerides, citrate, lauryl alcohol, caprylyl/capryl glucoside, coco-glucoside, sodium chloride, ammonium chloride, ammonium sulfate, citric acid, tocopherol, sodium benzoate, parfum, limonene, hexyl cinnamal, Cl15985, Cl47005. Sans paraben, sans silicone., 12 mois après ouverture.]|"
11,84€ / L"|"
5,92 €"
2562|Shampooing anti-pelliculaire, 4 huiles essentielles et menthe verte|Le flacon de 250ml|[Origine : FRANCE, Le Petit Marseillais a sélectionné et assemblé des ingrédients du Sud reconnus pour leur efficacité naturelle.L'association unique de 4 huiles essentielles : de thym connue pour ses propriétés assainissantes, de romarin réputée pour ses vertus purifiantes, de citron reconnue pour aider à réguler le sébum, de camomille aux bienfaits apaisants avec de la menthe verte, ce shampooing procure une vraie sensation de fraîcheur et de légèreté., Usage régulier. Laissez pauser 1 à 2 minutes avant de rincer., Aqua, sodium, laureth sulfate, cocamidopropyl betaine, sodium chloride, citric acid, anthemis nobilis flower oil, citrus medica limonum peel oil, rosmarinus officinalis leaf oil, thymus vulgaris flower/leaf oil, mentha spicata flower/leaf/stem extract, glycerin, polyquaternium-10, acetic acid, hydrochloric acid, phosphoric acid, etidronic acid, sodium hydroxide, piroctone olamine, cetrimonium chloride, sodium benzoate, parfum, benzyl salicylate, limonene, Cl 19140, Cl 42090. Sans paraben., 12 mois après ouverture.]|"
12,28€ / L"|"
3,07 €"
2563|Shampooing au miel, Cheveux normaux|Le flacon de 500ml|[Origine : GRECE, Dans ce shampooing vous trouverez : de la gourmandise : apprécié pour sa douceur, le miel révèle un parfum riche et gourmand. 500ml de douceur : avec sa base lavante d'origine végétale, ce shampooing laisse vos cheveux doux et hydratés, tout simplement !, Aqua, ammonium lauryl sulfate, glycerin, cocamidopropyl betaine, hydroxypropyl guar hydroxypropyltrimonium chloride, glyceryl oleate, hydrogenated palm glycerides citrate, mel, lauryl alcohol, coco-glucoside, caprylyl/capryl glucoside, ammonium chloride, citric acid, tocopherol, sodium benzoate, parfum, Cl17200, Cl47005. Sans paraben. Sans silicone., 12 mois après ouverture.]|"
11,84€ / L"|"
5,92 €"
2564|Shampooing aux extraits d'argile blanche et de lait de jasmin, cheveu regraissant vite|Le flacon de 250ml|[Origine : FRANCE, Pour des cheveux légers et propres plus longtemps Le Petit Marseillais a développé une recette enrichie en ingrédients simples, sélectionnés pour leurs propriétés naturelles.Les propriétés naturelles des ingrédients : l'argile blanche est reconnue pour ses vertus purifiantes et équilibrantes. Le lait de Jasmin est réputé pour ses propriétés hydratantes. Les racines sont purifiées et les longueurs sont hydratées. Vos cheveux restent beaux et propres plus longtemps., Appliquez le shampooing, massez votre cuir chevelu en douceur, puis rincez. La texture crémeuse apporte soin et douceur aux longueurs sans les alourdir., Aqua, sodium laureth sulfate, cocamidopropyl betaine, disodium cocoamphodiacetate, glycerin, helianthus annuus seed oil, jasminum officinale extract, zinc pca, lecithin, cocamide mea, polysorbate 20, sodium lauryl sulfate, glyceryl stearate, sodium chloride, acrylates copolymer, styrene/acrylates copolymer, polyquaternium-10, kaolin, polyglyceryl-3 diisostearate, disodium edta, citric acid, sodium glycolate, sodium benzoate, piroctone olamine, salicylic acid, parfum, butylphenyl methylpropional,hexyl cinnamal, citronellol., 12 mois après ouverture.]|"
12,28€ / L"|"
3,07 €"
2565|Shampooing éclat couleur à l'huile de Carthame et à l'extrait naturel de Myrtille, Nourrit et renforce le cheveu|Le flacon de 250ml|[Origine : FRANCE, Pour renforcer vos cheveux fragilisés par la coloration et prolonger l'éclat de votre couleur, Le Petit Marseillais a sélectionné des ingrédients du Sud reconnus pour leur efficacité naturelle.Intensément nourris, vos cheveux sont plus doux et leur protection naturelle est renforcée. Mieux protégée, votre couleur conserve son éclat plus longtemps., Appliquez le shampooing, massez puis rincez., Aqua, ammonium lauryl sulfate, glycerin, cocamidopropyl betaine, decyl glucoside, carthamus tinctorius seed oil, vaccinium myrtillus fruit extract, hydroxypropyl guar hydroxypropyltrimonium chloride, dimethicone, hydrogenated palm glycerides citrate,glyceryl oleate, lauryl alcohol, styrene/acrylates copolymer, coco-glucoside, ethylhexyl salicylate, acrylates/c10-30 alkyl acrylate crosspolymer, ammonium chloride, ammonium sulfate, sodium chloride, peg-150 distearate, citric acid, sodium benzoate, benzoic acid, parfum, geraniol, hexyl cinnamal, citronellol, linalool, benzyl salicylate, alpha-isomethyl ionone. Sans paraben., 12 mois après ouverture.]|"
12,96€ / L"|"
3,24 €"
2566|Shampooing lait d'olive, Cheveux normaux|Le flacon de 500ml|[Origine : GRECE, Enrichi en lait végétal, obtenu à partir de l'huile d'olives, ce shampooing crémeux laisse vos cheveux doux et démêlés tout simplement., Aqua, sodium laureth sulfate, cocamidopropyl betaine, glycerin, dimethicone, c12-15 pareth-3, hydroxypropyl guar hydroxypropyltrimonium chloride, olea europaea fruit oil, guar hydroxypropyltrimonium chloride, levulinic acid, sodium levulinic, cinnamic acid, butyrospermum parkii butter, glyceryl caprylate, glyceryl stearate, lecithin, myristyl alcohol, stearyl alcohol, sodium lauryl sulfate, polyglyceryl-3 diisostearate, carbomer, sodium chloride, styrène/acrylates copolymer, xanthan gum, cetyl alcohol, sodium phytate, sodium hydroxide, citric acid, tocopherol, sodium benzoate, potassium sorbate, dmdm hydantoin, iodopropynyl butylcarbamate, mdm hydantoin, parfum, limonene, linalool., 12 mois après ouverture.]|"
11,64€ / L"|"
5,82 €"
2567|Shampooing protection & réparation, Sève d'olivier et au lait d'acacia|Le flacon de 250ml|[Origine : ITALIE, Pour nourrir et protéger vos cheveux abîmés et fragilisés, Le Petit Marseillais a développé une recette de soin unique. Une sélection de 2 ingrédients récoltés sous le soleil du bassin méditerranéen : l'extrait de sève d'olivier, liquide vital de l'arbre, reconnu pour sa résistance, l'acacia, arbuste dont les feuilles sont récoltées à la main dans le sud de la France, puis transformées en une onctueuse texture lait. Protégés et nourris de la racine jusqu'aux pointes, vos cheveux sont éclatants de santé. Ils sont plus beaux et plus doux., Cheveux abîmés, fragilisés. Appliquez le shampooing, massez puis rincez. Sa texture crémeuse apporte soin et douceur à vos cheveux sans les alourdir et les laisse parfumés., Aqua, ammonium lauryl sulfate, glycerin, cocamidopropyl betaine, acacia saligna leaf extract, olea europaea sap extract, amodimethicone, hydroxypropyl guar hydroxypropyltrimonium chloride, bis(c13-15 alkoxy) pg-amodimethicone, polyquaternium-39, polyquaternium-7, lauryl alcohol, c14-15 alcohols, isotridecyl alcohol, styrene/acrylates copolymer, zea mays starch, cocamide mea, ammonium chloride, ammonium sulfate, sodium chloride, xanthan gum, acrylates copolymer, sodium hydroxide, citric acid, sodium benzoate, parfum, benzyl salicylate, hexyl cinnamal, linalool, ci 15985, ci 19140., 12 mois après ouverture.]|"
12,32€ / L"|"
3,08 €"
2568|Shampooing reflets bruns à l'extrait de henné et à l'huile de    noix, cheveux châtains à bruns|Le flacon de 250ml|[Origine : FRANCE, Découvrez son parfum aux notes chaudes et gourmandes et sa texture crémeuse qui apporte soin et douceur à vos cheveux. Vos cheveux sont nourris. Leurs reflets sont beaux, lumineux et ravivés. Pour raviver vos reflets et apporter un soin nourrissant àvos cheveux, Le Petit Marseillais a développé une recette arec des ingrédients sélectionnés pour leurs propriétés naturelles. Les propriétés naturelles des ingrédients : le henné est traditionnellement utilisé pour raviver les reflets des cheveux bruns. L'huile de noix est reconnue pour ses vertus nourrissantes., Appliquez le shampooing, massez en douceur puis rincez., Aqua, sodium laureth sulfate, cocamidopropyl betaine, decyl glucoside, indigofera tinctoria leaf extract, juglans regia seed oil, panthenol, butylene glycol, glycol distearate, glycerin, peg/ppg acetate, peg/ppg allyl ether acetate, carbomer, hydroxypropyl guar hydroxypropyltrimonium chloride, lactic acid, laureth-2, coconut acid, laureth-4, peg/ppg-120/10, trimethylolpropane trioleate, peg/ppg-15/15 dimethicone, disodium edta, citric acid, sodium hydroxide, sodium benzoate, parfum, butylphenylmethylpropional, coumarin, limonene, linalool, Cl14700, Cl19140, Cl42090., 12 mois après ouverture.]|"
13,40€ / L"|"
3,35 €"
2569|Shampooing Reflets dorés à la camomille et au blé                cheveux blonds à châtains clairs|Le flacon de 250ml|[Origine : FRANCE, Pour raviver vos reflets blonds et apporter un soin hydratant à vos cheveux, Le Petit Marseillais a développé une recette avec des ingrédients sélectionnés pour leurs propriétés naturelles. Les propriétés naturelles des ingrédients : la camomille esttraditionnellement utilisée pour illuminer les reflets des cheveux blonds. L'huile de germe de blé est reconnue pour ses propriétés nourrissantes et adoucissantes. Vos cheveux sont hydratés. Illuminés, ils se parent de beaux reflets dorés et naturels., Appliquez le shampooing, faites mousser et massez le cuir chevelu en douceur puis rincez., Aqua, sodium laureth sulfate, cocamidopropyl betaine, decyl glucoside, laureth-2, peg/ppg-120/10 trimethylolpropane trioleate, chamomilla recutita extract, triticum vulgare germ oil, panthenol, propylene glycol, glycol distearate, glycerin, peg/ppg acetate, peg/ppg allyl ether acetate, carbomer, hydroxypropyl guar hydroxypropyltrimonium chloride, lactic acid, laureth-4, peg/ppg-15/15 dimethicone, coconut acid, disodium edta, citric acid, sodium hydroxide, sodium benzoate, parfum, linalool, butylphenyl methylpropional, CI19140, CI15985., 12 mois après ouverture.]|"
12,24€ / L"|"
3,06 €"
2570|Shampooing soin au lait de karité et au miel|Le flacon de 250ml|[Origine : FRANCE, Pour des cheveux nourris et réparés, Le Petit Marseillais a développé une recette enrichie en ingrédients simples, sélectionnés pour leurs propriétés naturelles.Les propriétés naturelles des ingrédients : le lait de karité, riche en lipides végétaux,est reconnu pour ses vertus hydratantes, le miel est réputé pour ses propriétés nourrissantes et adoucissantes., Appliquez le shampooing, massez en douceur puis rincez. Découvrez le plaisir de son parfum riche et de sa texture onctueuse., Aqua, sodium laureth sulfate, disodium cocoamphodiacetate, glycerin, glycol distearate, dimethicone, citric acid, butyrospermum parkii, mel, cocamidopropyl betaine, hydroxypropyl guar hydroxypropyltrimonium chloride, salicylic acid, lecithin, glyceryl stearate, myristyl alcohol, polyglyceryl-3 diisostearate, stearyl alcohol, C12-15 pareth-3, coco-glucoside, carbomer, cetyl alcohol, guar hydroxypropyltrimonium chloride, sodium chloride, sodium hydroxide, dmdm hydantoin, iodopropynyl butylcarbamate, methylisothiazolinone, sodium benzoate, parfum, alpha-isomethyl ionone, benzyl salicylate, butylphenyl methylpropional, coumarin, hexyl cinnamal, Cl17200, Cl19140. Sans paraben., 12 mois après ouverture.]|"
12,04€ / L"|"
3,01 €"
2571|Shampooing, cheveux normaux, lait végétal, 100% naturel|Le flacon de 250ml|[Origine : FRANCE, Le shampooing Garnier Ultra Doux associe le lait végétal hydratant reconnu pour ses propriétés hydratantes à une texture onctueuse et légère qui n'alourdit pas vos cheveux.Véritable recette de souplesse pour les cheveux normaux et cuirs chevelus secs. Pour Ultra DOUX, Garnier a sélectionné et optimisé des agents lavants d'origine végétale dans une formule unique qui apporte douceur et respect au cheveu., En cas de contact avec les yeux, les rincer immédiatement., Aqua/water, sodium laureth sulfate, dimethicone, glycerin, coco-betaine, sodium chloride, cetyl alcohol, hydroxystearyl cetyl ether, guar hydroxypropyltrimonium chloride, sodium benzoate, sodium hydroxide, ppg-5-ceteth-20, salicylic acid, limonene, propylene glycol, carbomer, butyrospermum parkii butter/shea butter, citric acid, coumarin, parfum / fragrance (FIL C32758/1). Sans paraben., 12 mois après ouverture.]|"
13,40€ / L"|"
3,35 €"
2572|Shampooing à la camomille et miel de fleurs|Le flacon de 400ml|[Origine : FRANCE, Pour les cheveux blonds, Garnier Ultra Doux associe la Camomille reconnue pour ses propriétés éclaircissantes et adoucissantes au Miel de Fleurs réputé pour ses vertus nourrissantes.Résultat : illuminés comme au retour de vacances, vos cheveux se parent de beaux reflets très naturels et ont un éclat incomparable. Finis les blonds ternes, votre chevelure est incroyablement brillante et lumineuse. Parfaitement soignés sans être alourdis, les cheveux blonds retrouvent souplesse et douceur au toucher., En cas de contact avec les yeux, les rincer immédiatement., Aqua/water, sodium laureth sulfate, disodium cocoamphodiacetate, glycerin, sodium chloride, disodium laureth sulfosuccinate, Cl19140/yellow 5, chamomilla recutita extract/matricaria flower extract, cocamidopropyl betaine, cocamide mipa, sodium benzoate, sodium glycolate, sodium hydroxide, peg-55 propylene glycol oleate, polyquaternium-10, salicylic acid, mel/honey, linalool, benzyl alcohol, propylene glycol, isopropanolamine, caramel, citric acid, butylphenyl methylpropional, hexylene glycol, hexyl cinnamal, glyceryl laurate, parfum/fragrance (FIL C46036/1). Sans paraben et sans silicone., 12 mois après ouverture.]|"
12,50€ / L"|"
5,00 €"
2573|Shampooing à la mangue et fleur de tiaré, cheveux secs, abîmés, extraits naturels|Le flacon de 250ml|[Origine : FRANCE, Nourris, vos cheveux sont comme repulpés, réparés jusquaux pointes. Ils retrouvent toute leur souplesse et leur vitalité. Ils sont brillants, doux au toucher, comme satinés.Véritable recette de nutrition et réparation pour les cheveux secs, abîmés,le shampooing Garnier Ultra Doux associe la mangue reconnue pour ses vertus nourrissantes et réparatrices, à la Fleur de Tiaré réputée pour ses propriétés adoucissantes et satinantes, dans une formule onctueuse sans silicone qui n'alourdit pas vos cheveux., En cas de contact avec les yeux, les rincer immédiatement., Aqua/water, sodium laureth sulfate, coco-betaine, glycerin, glycol distearate, propylene glycol, sodium chloride, Cl19140/yellow 5, Cl17200/red 33, cocos nucifera oil/coconut oil, sodium benzoate, sodium hydroxide, polyquaternium-10, salicylic acid,limonene, benzyl alcohol, benzyl salicylate, linalool, mangifera indica seed oil/mango seed oil, carbomer, gardenia tahitensis flower, citric acid, coumarin, hexylene glycol, hexyl cinnamal, parfum/fragrance. (FIL C36464/1). Formulé sans paraben et sans silicone., 12 mois après ouverture.]|"
12,72€ / L"|"
3,18 €"
2574|Shampooing au lait de vanille, cheveux longs|Le flacon de 250ml|[Origine : FRANCE, Résultat : démêlés des racines jusqu'aux pointes, vos cheveux sont plus beaux et extrêmement doux au toucher.Véritable recette de démêlage pour les cheveux longs, le shampooing Garnier Ultra Doux 2 en 1 associe la vanille, reconnue pour sa grande douceur et son parfum délicieux, à une texture douce et crémeuse qui n'alourdit pas vos cheveux., Aqua/water, sodium laureth sulfate, dimethicone, coco-betaine, glycerin, sodium chloride, cetyl alcohol, hydroxystearyl cetyl ether, guar hydroxypropyltrimonium chloride, sodium benzoate, sodium hydroxide, ppg-5-ceteth-20, salicylic acid, limonene, linalool, vanilla planifolia extract/vanilla planifolia fruit extract, propylene glycol, carbomer, carica papaya extract/papaya fruit extract, citronellol, citric acid, hexyl cinnamal, parfum/fragrance. (FIL C49040/1). Sans paraben., 12 mois après ouverture.]|"
13,00€ / L"|"
3,25 €"
2575|Shampooing doux biodégradable à l'amande douce et fleur de lotus|Le flacon de 250ml|[Origine : FRANCE, Les cheveux de toute la famille, même les plus délicats, sont doux, brillants et éclatants de santé. Sa formule 97% biodégradable contribue à respecter l'environnement.Véritable recette de douceur et de protection pour toute la famille, le shampooingGarnier Ultra Doux associe l'amande douce reconnu pour ses propriétés adoucissantes, à la fleur de Lotus réputée pour sa délicatesse, dans une texture légère qui n'alourdit pas les cheveux., En cas de contact avec les yeux, les rincer immédiatement., Aqua/water, ammonium lauryl sulfate, cocamidopropyl betaine, sodium chloride, sodium benzoate, hydroxypropyl guar hydroxypropyltrimonium chloride, sodium hydroxide, salicylic acid, polysorbate 20, nelumbo nucifera flower extract, benzoic acid, linalool, citric acid, coumarin, prunus amygdalus dulcis oil/sweet almond oil, hexylene glycol, parfum/fragrance. (FIL C45532/1). Sans paraben, sans silicone, sans colorant., 12 mois après ouverture.]|"
12,92€ / L"|"
3,23 €"
2576|Shampooing merveilleux, Huiles d'argan et camélia, pour cheveux secs|Le flacon de 250ml|[Origine : FRANCE, Nourris en profondeur, vos cheveux retrouvent une souplesse et une douceur incomparables. Ils redeviennent brillants et resplendissent de beauté. Dans sa nouvelle recette de soin pour les cheveux secs, Garnier Ultra Doux associe 2 huiles précieuses aux vertus merveilleuses. Héritée des secrets de beauté des femmes marocaines, l'huile d'argan, aux propriétés hautement nutritives se mêle à l'huile de camélia, réputée pour apporter éclat et douceur à vos cheveux., En cas de contact avec les yeux, les rincer immédiatement., Aqua/water, sodium laureth sulfate, coco-betaine, cocamide mipa, sodium chloride, sodium benzoate, sodium cocoate, sodium hydroxide, ppg-5-ceteth-20, peg-55 propylene glycol oleate, peg-60 hydrogenated castor oil, argania spinosa oil/argania spinosakernel oil, polyquaternium-10, salicylic acid, limonene, camellia oleifera seed oil, linalool, benzyl alcohol, amodimethicone, propylene glycol, geraniol, citronellol, methyl cocoate, citric acid, laureth-5 carboxylic acid, hexyl cinnamal, parfum/fragrance (FIL C55019/2). Formulé sans paraben., 12 mois après ouverture.]|"
13,80€ / L"|"
3,45 €"
2577|Shampooing purifiant, Cheveux à tendance grasse|Le flacon de 250ml|[Origine : FRANCE, Le shampooing associe les bienfaits de l'argile douce au cédrat reconnu pour son action purifiante et rafraichissante. Sa formule ultra douce et légère respecte le cuir chevelu., En cas de projection dans les yeux, les rincer immédiatement., Aqua/water, ammonium lauryl sulfate, sodium laureth sulfate, kaolin, sodium chloride, glycerin, Cl19140/yellow 5, Cl42090/blue 1, sodium benzoate, sodium hydroxide, salicylic acid, limonene, benzoic acid, linalool, benzyl salicylate, benzyl alcohol,alpha-isomethyl ionone, acrylates copolymer, citric acid, citrus medica vulgaris fruit extract, hexylene glycol, hexyl cinnamal, parfum/fragrance (FIL C53141/1). Formulé sans paraben., 12 mois après ouverture.]|"
12,96€ / L"|"
3,24 €"
2578|Shampooing reconstituant, Cheveux fragiles cassants|Le flacon de 250ml|[Origine : POLOGNE, Mieux nourris, mieux protégés et réparés jusqu'aux pointes, vos cheveux sont renforcés. Ils sont plus résistants et plus brillants vraiment plus faciles à coiffer. Garnier Ultra Doux crée sa nouvelle recette reconstituante spécialement conçue pour les cheveux fragiles, cassants. Elle associe 3 trésors issus de la ruche : la gelée royale réparatrice, la propolis protectrice et le miel nourricier., Attention à ne pas avaler. Ne pas laisser à la portée des enfants. En cas de contact avec les yeux, les rincer immédiatement., 12 mois après ouverture.]|"
14,36€ / L"|"
3,59 €"
2579|Shampooing sec à la vanille|Le spray de 150ml|[Origine : FRANCE]|"
49,07€ / L"|"
7,36 €"
2580|Shampooing soleil, à l'huile de Monïo|Le flacon de 250ml|[Origine : POLOGNE, Garnier Ultra Doux crée une recette de soin délicieusement ensoleillée, idéale pour garder des cheveux sublimes tout l'été. L'huile de Monoï, réputée pour ses puissantes vertus nourrissantes, réparatrices et protectrices, se mêle au Néroli, huile précieuse de la fleur d'oranger, reconnue pour son arôme floral exquis et ses propriétés relaxantes., Attention à ne pas avaler. Ne pas laisser à la portée des enfants. En cas de contact avec les yeux, les rincer immédiatement., 12 mois après ouverture.]|"
14,36€ / L"|"
3,59 €"
2581|Shampooing vitalité aux 5 plantes|Le flacon de 250ml|[Origine : FRANCE, Sa texture gel fondante respecte vos cheveux sans les alourdir. Son parfum délicat aux notes vertes et fraîches vous procure une sensation de bien-être., En cas de contact avec les yeux, les rincer immédiatement., Aqua, sodium laureth sulfate, citric acid, cocamidopropyl betaine, ammonium hydroxide, sodium chloride, eucalyptus globulus extract/eucalyptus globulus leaf extract, sodium benzoate, sodium hydroxide, polyquaternium-10, salicylic acid, limonene, camelia sinensis leaf extract, lamium album flower/leaf/sterm extract, linalool, lippia citriodora leaf extract, citrus medica limonum extract/lemon fruit extract, citral, hexylene glycol, hexyl cinnamal, glycerin, parfum (FIL C52099/3)., 12 mois après ouverture.]|"
13,00€ / L"|"
3,25 €"
2582|S.O.S.Help Me!, Shampooing réparateur|Le flacon de 400ml|[Origine : ROYAUME UNI, SOS Help Me ! Shampooing réparateur. Formule ultra hydratante qui nourrit et répare les cheveux secs et abimés. A base d'extraits d'encens et de protéines de karité.Les cheveux deviennent ainsi soyeux et lumineux., Appliquer le shampooing sur cheveux mouillés et masser doucement. Rincer soigneusement. Eviter le contact avec les yeux, si cela se produit, rincer abondamment à l'eau., Aqua (water), ammonium lauryl sulfate, sodium laureth sulfate, cocamidopropyl betaine, decyl glucoside, ammonium chloride, parfum (fragrance), dipropylene glycol, sodium chloride, glycol distearate, butyrospermum parkii (shea butter), laureth-4, menthol polyquaternium-39, boswellia serrata (olibanum) extract, tetrasodium edta, citric acid, magnesium nitrate, benzyl alcohol, glycerin, formic acid, methylparaben, magnesium chloride, methylchloroisothiazolinone, propylparaben, methylisothiazolinone., 12 mois après ouverture.]|"
15,43€ / L"|"
6,17 €"
2583|Shampooing, Booster de couleur|Le flacon de 400ml|[Origine : ROYAUME UNI, Shampooing Blondes Have More Fun, une formule enrichie en camomille et citron, pour booster et préserver l'intensité de votre blond jour après jour., Appliquer le shampooing sur cheveux mouillés et masser doucement. Rincer soigneusement. Eviter le contact avec les yeux. Si cela se produit, rincer abondamment à l'eau., Aqua (water), sodium laureth sulfate, ammonium lauryl sulfate, sodium chloride, cocamidopropyl betaine, coco-glucoside, chamomilla recutita (matricaria) flower/leaf extract, silk amino acids, lauryl alcohol, C10-40 isoalkylamidopropylethyldimonium ethosulfate, dicaprylyl ether, parfum (fragrance), citral, limonene, linalool, tetrasodium edta, dipropylene glycol, propylene glycol, citric acid, magnesium nitrate, magnesium chloride, imidazolidinyl urea, benzyl alcohol, benzoic acid, methylchloroisothiazolinone, methylisothiazolinone, methylparaben, Cl19140 (yellow 5)., 12 mois après ouverture.]|"
20,57€ / L"|"
6,17 €"
2584|Shampooing, Booster de volume|Le flacon de 400ml|[Origine : ROYAUME UNI, Vous allez apprécier les bulles énergisantes enrichies en protéines de ce shampooing. Il renforcera et apportera du volume à vos cheveux. Vous allez l'adorer !, Appliquer le shampooing sur cheveux mouillés et masser doucement. Rincer soigneusement. Eviter le contact avec les yeux, si cela se produit, rincer abondamment à l'eau., Aqua (water), sodium laureth sulfate, ammonium lauryl sulfate, sodium chloride, cocamidopropyl betaine, coco-glucoside, hydroxypropyltrimonium hydrolyzed corn starch, laurdimonium hydroxypropyl hydrolyzed soy protein, panthenol, laureth-4, parfum (fragrance), butylphenyl methylpropional, limonene, glycol distearate, glycerin, tetrasodium edta, citric acid, magnesium nitrate, magnesium chloride, phenoxyethanol, benzyl alcohol, methylchloroisothiazolinone, methylisothiazolinone., 12 mois après ouverture.]|"
20,57€ / L"|"
6,17 €"
2585|Shampoing, Aussome volume|Le flacon de 300ml|[Origine : FRANCE, Notre formule unique, à l'extrait de houblon d'Australie, donne du corps et de l'ampleur aux cheveux des racines jusqu'aux pointes., Ouvrir la bouteille. Masser profondément le cuir chevelu et les pointes avec le shampoing. Rincer. Pour des résultats énormes, compléter par l'après-shampoing Aussie Aussome Volume., 12 mois après ouverture.]|"
24,00€ / L"|"
7,20 €"
2586|Shampoing, Colour mate|Le flacon de 300ml|[Origine : FRANCE, Notre formule spéciale à l'extrait de pêche sauvage d'Australie, nettoie en douceur pour aider à protéger les cheveux abîmés par les produits chimiques et à les garder éclatants., Mouiller et masser profondément le cuir chevelu et les racines. Rincer. Pour de meilleurs résultats, utiliser l'après-shampoing Colour Mate., 12 mois après ouverture.]|"
24,00€ / L"|"
7,20 €"
2587|Shampoing, Frizz miracle|Le flacon de 300ml|[Origine : FRANCE, Notre formule à l'extrait de feuilles d'eucalyptus bleu d'Australie aide à contrôler l'électricité statique et les frisottis laissant les cheveux lisses et brillants., Mouiller les cheveux et masser le cuir chevelu et les racines. Rincer. Miracle, si vous être sévèrement atteinte de frisottis. Continuer avec l'après-shampoing Aussie Frizz., 12 mois après ouverture.]|"
24,00€ / L"|"
7,20 €"
2588|Shampoing, Luscious long|Le flacon de 300ml|[Origine : FRANCE, Notre collection Luscious Long avec un mélange Blue Mountain d'Australie aide à apporter douceur et satiné aux cheveux longs. Et contrôle tous les petits cheveux rebelles., Ramassez-moi cette crinière et gorgez-la d'eau. Bien masser le cuir chevelu et les racines avec le shampoing. N'oubliez pas de rincer. Et pour un résultat complètement dingue, utilisez aussi l'après-shampoing Aussie Luscious Long., 12 mois après ouverture.]|"
24,00€ / L"|"
7,20 €"
2589|Shampoing, Miracle moist|Le flacon de 300ml|[Origine : FRANCE, Notre formule spéciale à l'extrait d'huile de noix de macadamia d'Australie aide à hydrater et adoucir les cheveux., Mouiller abondamment les cheveux. Masser profondément le cuire chevelu et les pointes avec le shampoing. Rincer. Pour de meilleurs résultats, il y a aussi l'après-shampoing Aussie Miracle Moist., 12 mois après ouverture.]|"
24,00€ / L"|"
7,20 €"
2590|Shampoing, Miracle shine|Le flacon de 300ml|[Origine : FRANCE, Inspirée par d'anciens secrets de beauté australiens, cette formule de brillance micracle vous permettra, à vous et à vos cheveux, de briller de manière sensationnelle. Les perles scintillent et le ginseng est connu pour booster l'énergie., Mouiller les cheveux. Laisser le miracle s'accomplir en massant. Rincer. Passer à l'après-shampoing Miracle Shine., Aqua, sodium laureth sulfate, sodium lauryl sulfate, glycol distearate, dimethicone, cocamidopropyl betaine, sodium citrate, cocamide mea, sodium xylenesulfonate, parfum, citric acid, sodium benzoate, sodium chloride, glycerin, tetrasodium edta, guarhydroxypropyltrimonium chloride, linalool, benzyl salicylate, hexyl cinnamal, sodium oxide, butylene glycol, magnesium nitrate, panax ginseng root extract, margarita powder, alcohol denat, methylchloroisothiazolinone, magnesium chloride, methylisothiazolinone., 12 mois après ouverture.]|"
24,00€ / L"|"
7,20 €"
2591|Shampooing sec, Blush|La bombe de 200ml|[Origine : ROYAUME UNI, Quelques vaporisations suffisent pour revitaliser instantanément vos cheveux et absorber l'excès de sébum. Vos cheveux sont plus propres et plus frais et retrouvent volume et texture., Bien secouer avant chaque utilisation. Vaporiser à 30 cm vers les racines. Masser du bout des doigts. Bien brosser puis coiffer comme d'habitude. Récipient sous pression. Ne pas percer ou brûler même après usage. Ne pas vaporiser vers une flamme ou un corps incandescent. Conserver à l'écart des sources d'ignition. Ne pas fumer près du produit. Eviter de pulvériser dans les yeux. Garder hors de la portée des enfants. Produit non destiné à l'hygiène intime. Employer uniquement comme indiqué. La concentration ou l'inhalation abusive et intentionnellement du contenu peut être nocive ou fatale., Protéger contre les rayons du soleil et à ne pas exposer à une température supérieure à 50°C.]|"
25,10€ / L"|"
5,02 €"
2592|Shampooing sec, Original|La bombe 200ml|[Origine : ROYAUME UNI, Quelques vaporisations suffisent pour revitaliser instantanément vos cheveux et absorber l'excès de sébum. Vos cheveux sont plus propres et plus frais et retrouvent volume et texture., Bien secouer avant chaque utilisation. Vaporiser à 30 cm vers les racines. Masser du bout des doigts. Bien brosser puis coiffer comme d'habitude. Récipient sous pression. Ne pas percer ou brûler même après usage. Ne pas vaporiser vers une flamme ou un corps incandescent. Conserver à l'écart des sources d'ignition. Ne pas fumer près du produit. Eviter de pulvériser dans les yeux. Garder hors de la portée des enfants. Produit non destiné à l'hygiène intime. Employer uniquement comme indiqué. La concentration ou l'inhalation abusive et intentionnelle du contenu peut être nocive ou fatale., A protéger contre les rayons du soleil et ne pas exposer à une température supérieure à 50°C.]|"
26,75€ / L"|"
5,35 €"
2593|Shampooing sec, xxl volume|Le spray de 200ml|[Origine : ROYAUME UNI, Le shampooing sec Batiste XXL Volume absorbe l'excès de sébum et rafraîchit les cheveux, sans nécessiter d'eau. En quelques secondes les cheveux retrouvent un volume glamour, avec une incroyable sensation de propreté., Bien secouer avant chaque utilisation. Vaporiser à 30 cm vers les racines. Masser du bout des doigts. Bien brosser, puis coiffer comme d'habitude. Récipient sous pression. Ne pas percer ou brûler même après usage. Ne pas vaporiser vers une flamme ouun corps incandescent. Tenir à l'écart de toute source d'étincelles. Ne pas fumer. Eviter de vaporiser dans les yeux. Tenir hors de portée des enfants. Ne pas appliquer sur une plaie ouverte ou une peau irritée. Ne pas utiliser pour l'hygiène intime.Ne pas utiliser pour un autre usage que celui pour lequel le produit est destiné. La concentration ou l'inhalation abusive et intentionnelle du contenu peut être nocive ou fatale., Butane, isobutane, propane, oryza sativa (rice) starch, alcohol denat, silica, talc, parfum (fragrance), limonene, linalool, distearyldimonium chloride, cetrimonium chloride., A protéger contre les rayons solaires et à ne pas exposer à une température supérieure à 50°C.]|"
24,95€ / L"|"
4,99 €"
2594|Shampooing sec brit|Le spray de 200ml|[Origine : ROYAUME UNI, Ce shampooing sec Batiste absorbe l'excès de sébum et rafraîchit les cheveux, sans nécessiter d'eau. En quelques secondes les cheveux retrouvent leur vitalité, gagnent en volume, avec une agréable sensation de propreté et de fraîcheur., Bien secouer avant chaque utilisation. Vaporiser à 30 cm vers les racines. Masser du bout des doigts. Bien brosser, puis coiffer comme d'habitude. Récipient sous pression. Ne pas percer ou brûler même après usage. Ne pas vaporiser vers une flamme ouun corps incandescent. Tenir à l'écart de toute source d'étincelles. Ne pas fumer. Eviter de vaporiser dans les yeux. Tenir hors de portée des enfants. Ne pas appliquer sur une plaie ouverte ou une peau irritée. Ne pas utiliser pour l'hygiène intime.Ne pas utiliser pour un autre usage que celui pour lequel le produit est destiné. La concentration ou l'inhalation abusive et intentionnelle du contenu peut être nocive ou fatale., Butane, isobutane, propane, oryza sativa (rice) starch, alcohol denat, parfum (fragrance), butylphenyl methylpropional, hydroxyisohexyl 3-cyclohexene carboxaldehyde, distearyldimonium chloride, cetrimonium chloride., A protéger contre les rayons solaires et à ne pas exposer à une température supérieure à 50°C.]|"
25,00€ / L"|"
5,00 €"
2595|Shampooing sec Dark & Brunette|Le spray de 200ml|[Origine : ROYAUME UNI, Le shampooing sec Batiste pour cheveux bruns et foncés est la solution idéale entre 2 shampooings. Quelques vaporisations suffisent pour revitaliser vos cheveux et absorber l'excès de sébum. Vos cheveux sont plus et plus frais et retrouvent volume ettexture. Sa poudre colorée ravive les cheveux foncés et aide à masquer les racines des cheveux colorés., Bien secouer avant chaque utilisation. Vaporiser à 30 cm vers les racines. Masser du bout des doigts. Bien brosser, puis coiffer comme d'habitude. Sur les vêtements, les traces éventuelles de couleurs s'éliminent facilement à l'eau et au savon. Récipient sous pression.  Ne pas percer ou brûler, même après usage. Ne pas vaporiser vers une flamme ou un corps incandescent. Conserver à l'écart des sources d'ignition. Ne pas  fumer près du produit. Eviter de pulvériser dans les yeux. Garder hors de la portée des enfants. Produit non destiné à l'hygiène intime. Employer uniquement comme indiqué. La concentration ou l'inhalation abusive et intentionnelle du contenu peut être nocive ou fatale., Butane, isobutane, propane, oryza sativa (rice) starch, alcohol denat, parfum (fragrance), limonene, linalool, distearyl dimonium chloride, cetrimonium chloride, CI77491, CI77492, CI77499 (iron oxides)., Protéger contre les rayons du soleil et ne pas exposer à une température supérieure à 50°C.]|"
27,25€ / L"|"
5,45 €"
2596|Shampooing cheveux gras, Vinaigre de romarin|Le flacon de 250ml|[Origine : FRANCE]|"
26,56€ / L"|"
6,64 €"
2597|Shampooing cheveux gras, Vinaigre de romarin|Le flacon de 250ml|[Origine : FRANCE]|"
26,56€ / L"|"
6,64 €"
2598|Shampooing extra-doux, usage quotidien, protéines de blé, cosmétique bio|Le flacon de 1l|[Origine : FRANCE, Ce shampooing Extra-Doux, riche en protéines de blé, apporte douceur et brillance à tous les types de cheveux, il les fortifie et facilite leur démêlage. Sa formule ultra-douce au pH équilibré, permet un usage quotidien., Aqua, lavandula angustifolia extract*, ammonium lauryl sulfate, sodium cocoamphoacetate, parfum, cocamidopropyl betaine, phospholipids, glycolipids, soybean (glycine soja) oil, soybean sterols, vinegar, glycerin, lavandula angustifolia extract, rosmarinus officinalis leaf extract, salvia officinalis leaf extract, thymus vulgaris extract, xanthan gum, hydrolyzed wheat protein, sodium benzoate, sodium chloride, phytic acid, benzyl alcohol, potassium sorbate, yogourt extract, lactic acid, limonene,linalool. *Ingrédients issus de l'agriculture biologique. 27% du total des ingrédients sont issus de l'agriculture biologique. 99% du total des ingrédients sont d'origine naturelle. Garanti sans paraben et sans phenoxyethanol., A utiliser dans les 12 mois après ouverture.]|"
13,44€ / L"|"
13,44 €"
2599|Shampooing extra-doux, usage quotidien, protéines de blé, cosmétique bio|Le flacon de 1l|[Origine : FRANCE, Ce shampooing Extra-Doux, riche en protéines de blé, apporte douceur et brillance à tous les types de cheveux, il les fortifie et facilite leur démêlage. Sa formule ultra-douce au pH équilibré, permet un usage quotidien., Aqua, lavandula angustifolia extract*, ammonium lauryl sulfate, sodium cocoamphoacetate, parfum, cocamidopropyl betaine, phospholipids, glycolipids, soybean (glycine soja) oil, soybean sterols, vinegar, glycerin, lavandula angustifolia extract, rosmarinus officinalis leaf extract, salvia officinalis leaf extract, thymus vulgaris extract, xanthan gum, hydrolyzed wheat protein, sodium benzoate, sodium chloride, phytic acid, benzyl alcohol, potassium sorbate, yogourt extract, lactic acid, limonene,linalool. *Ingrédients issus de l'agriculture biologique. 27% du total des ingrédients sont issus de l'agriculture biologique. 99% du total des ingrédients sont d'origine naturelle. Garanti sans paraben et sans phenoxyethanol., A utiliser dans les 12 mois après ouverture.]|"
13,44€ / L"|"
13,44 €"
2600|Shampooing usage fréquent, soluté de yoghourt, cosmétique bio|Le flacon de 250ml|[Origine : FRANCE, Le shampooing Cattier au soluté de yogourt et aux huiles essentielles, à la texture onctueuse et à la mousse légère, apporte souplesse, douceur et brillance à tous les types de cheveux. Sa formule ultra douce au pH équilibré permet un usage fréquent.Riche en protéines de blé, il nourrit et fortifie les cheveux dès la racine et facilite leur démêlage., Aqua, lavandula angustifolia extract*, ammonium lauryl sulfate, sodium cocoamphoacetate, parfum, cocamidopropyl betaïne, phospholipids, glycolipids, soybean (glycine soja) oil, soybean sterols, acl : 4730474 vinegar, glycerin, lavandula angustifoliaextract, rosmarinus officinalis leaf extract, salvia officinalis leaf extract, thymus vulgaris extract, xanthan gum, hydrolyzed wheat protein, sodium benzoate, sodium chloride, phytic acid, benzyl alcohol, potassium sorbate, yogurt extract, lactic acid, limonene, linalool. *Ingrédients issus de l'agriculture biologique. 27% du total des ingrédients sont issus de l'agriculture biologique. 99% du total des ingrédients sont d'origne naturelle. Garanti sans paraben et sans phénoxyethanol., A utiliser dans les 12 mois après ouverture.]|"
26,56€ / L"|"
6,64 €"
2601|Shampooing usage fréquent, soluté de yoghourt, cosmétique bio|Le flacon de 250ml|[Origine : FRANCE, Le shampooing Cattier au soluté de yogourt et aux huiles essentielles, à la texture onctueuse et à la mousse légère, apporte souplesse, douceur et brillance à tous les types de cheveux. Sa formule ultra douce au pH équilibré permet un usage fréquent.Riche en protéines de blé, il nourrit et fortifie les cheveux dès la racine et facilite leur démêlage., Aqua, lavandula angustifolia extract*, ammonium lauryl sulfate, sodium cocoamphoacetate, parfum, cocamidopropyl betaïne, phospholipids, glycolipids, soybean (glycine soja) oil, soybean sterols, acl : 4730474 vinegar, glycerin, lavandula angustifoliaextract, rosmarinus officinalis leaf extract, salvia officinalis leaf extract, thymus vulgaris extract, xanthan gum, hydrolyzed wheat protein, sodium benzoate, sodium chloride, phytic acid, benzyl alcohol, potassium sorbate, yogurt extract, lactic acid, limonene, linalool. *Ingrédients issus de l'agriculture biologique. 27% du total des ingrédients sont issus de l'agriculture biologique. 99% du total des ingrédients sont d'origne naturelle. Garanti sans paraben et sans phénoxyethanol., A utiliser dans les 12 mois après ouverture.]|"
26,56€ / L"|"
6,64 €"
2602|Shampooing, Huiles de soin|Le flacon de 250ml|[Origine : FRANCE, Dove Oil Nutrition associe des huiles de soin légères, extraites de l'amande douce et de la noix de coco. Elles sont connues pour renforcer la fibre capillaire et pour nourrir les cheveux., Aqua, sodium laureth sulfate/sodium C12-13 pareth sulfate, cocamidopropyl betaine, glycerin, sodium chloride, dimethiconol, parfum, glycol distearate, carbomer, guar hydroxypropyltrimonium chloride, cocos nucifera oil, prunus amygdalus dulcis oil, sodium laureth sulfate, tea dodecylbenzenesulfonate, disodium edta, triethanolamine, peg-45m, mica, citric acid, sodium hydroxide, ppg-12, dmdm hydantoin, sodium benzoate, tea-sulfate, methylchloroisothiazolinone, methylisothiazolinone, amyl cinnamal,benzyl alcohol, benzyl salicylate, butylphenyl methylpropional, citronellol, hexyl cinnamal, hydroxycitronellal, limonene, linalool, CI 17200, CI 19140, CI 42090, CI 77891., 12 mois après ouverture.]|"
14,36€ / L"|"
3,59 €"
2603|Shampooing 2 en 1, tous types de cheveux|Le flacon de 250ml|[Origine : FRANCE, Le sérum nutritif forme une protection autour de la fibre capillaire pour la protéger des dégâts causés par les agressions quotidiennes et préserver son équilibre naturel sans les alourdir.Pratique, la technologie 2en1 lave et prend soin de vos cheveux en un seul geste., Aqua, sodium laureth sulfate (A)/sodium C12-13 pareth sulfate (B)*, cocamidopropyl betaine, sodium chloride, dimethiconol, parfum, glycol distearate, glycerin, carbomer, sodium hydroxide, guar hydroxypropyltrimonium chloride, sodium laureth sulfate (B)*, dmdm hydantoin, TEA-dodecylbenzenesulfonate, amodimethicone, PPG-12, citric acid, disodium EDTA, PEG-45M, MICA, sodium benzoate, TEA-sulfate, triethanolamine, trideceth-12, cetrimonium chloride, methylchloroisothiazolinone, methylisothiazolinone, amyl cinnamal, benzyl alcohol, benzyl salicylate, butylphenyl methylpropional, citronellol, hexyl cinnamal, hydroxycitronellal, limonene, linalool, Cl15985, Cl19140, Cl77891. *Voir le code de production., 12 mois après ouverture.]|"
13,80€ / L"|"
3,45 €"
2604|Shampooing expert cheveux courts, à l'aloe vera hydratante, hydrate sans alourdir et facilite le coiffage|Le flacon de 750ml|[Origine : FRANCE, Sa formule sans silicone, sans paraben et enrichie en Aloé Vera, élimine en douceur tous les résidus de produits coiffants et hydrate vos cheveux sans les alourdir jour après jour., Appliquez quotidiennement le shampooing sur cheveux mouillés, massez doucement et rincez à l'eau tiède. n cas de contact avec les yeux, les rincer immédiatement E., Aqua/water, sodium laureth sulfate, citric acid, coco-betaine, sodium chloride, ammonium hydroxide, Cl 17200/red 33, Cl 42090/blue 1, linalool, geraniol, aloe barbadensis/aloe barbadensis leaf juice, salicylic acid, sodium benzoate, sodium hydroxide,limonene, citronellol, hexylene glycol, polyquaternium-10, hexyl cinnamal, benzyl alcohol, parfum/fragrance. (FIL C164344/2)., 12 mois après ouverture.]|"
9,88€ / L"|"
7,41 €"
2605|Shampooing professionnel, brillance & vitalité, cheveux ternes, vitamine B3 pure|Le flacon de 750ml|[Origine : FRANCE, Ma passion, mon métier: sublimer vos cheveux. C'est pourquoi aujourd'hui, je mets tout mon savoir-faire au service de votre beauté. Je vous accompagne avec ma 1ère gamme de shampooings et après-shampooings soins au format professionnel, testée dans mon centre technique, pour retrouver la qualitésalon chez vous. J'utilise Expert Brillance pour les femmes aux cheveux ternes. Sa formule sans silicone, enrichie en vitamine B3 pure, a été conçue pour apporter vitalité et brillance à vos cheveux. Laissez-vous prendre en charge par un professionnel pour une chevelure éclatante et lumineuse., Appliquez sur cheveux mouillés, massez doucement et rincez abondamment à l'eautiède. Pour encore plus d'efficacité et de soin, utilisez l'après-shampooing soin Expert Brillance. En cas de contact avec les yeux, les rincer immédiatement., Aqua/ Water, sodium laureth sulfate, sodium chloride, coco betaine, CI 14700/r ed 4, CI 47005/acid yellow 3, cocamide mea, linalool, geraniol, caramel, niacinamide, mangifera indica extract/mango fruit extract, sodium benzoate, sodium methylparaben,salicylic acid, sodium hydroxide, limonene, citric acid, hexylene glycol, polyquaternium-10, ethylparaben  hexyl cinnamal, parfum/fragrance. (F. I.L. C36537/1)., A utiliser dans les 12 mois après ouverture.]|"
9,55€ / L"|"
7,16 €"
2606|Shampooing professionnel, Cheveux épais, très ou frisés|Le flacon de 750ml|[Origine : FRANCE, Expert nutrition pour les cheveux épais, très secs ou frisés. Sa formule sans silicone, enrichie en beurre de karité et en huile de coco, a été conçue pour nourrir intensément vos cheveux., Appliquez sur cheveux mouillés, massez doucement et rincez abondamment à l'eau tiède. En cas de contact avec les yeux, les rincer immédiatement., Aqua / water, sodium laureth sulfate, disodium cocoamphodiacetate, glycol distearate, CI 198140/yellow 5, CI 14700/red 4, cocamide mea, carbomer, sodium benzoate, sodium chloride, salicylic acid, cocos nucifera oil/coconut oil citric acid, polyquaternium-10, hexylene glycol, hexyl cinnamal, butyrospermum parkii butter/shea butter, benzyl alcohol, benzyl salicylate, parfum/fragrance (F.I.L. C51262/1)., 12 mois après ouverture.]|"
9,96€ / L"|"
7,47 €"
2607|Shampooing professionnel, Expert protection 230°c|Le flacon de 750ml|[Origine : FRANCE, AQUA / WATER ? SODIUM LAURETH SULFATE ? COCO-BETAINE ? GLYCOL DISTEARATE ? SODIUM CHLORIDE ? COCAMIDE MEA ? LINALOOL ? SODIUM BENZOATE ? SALICYLIC ACID ? ARGININE ? SERINE ? SODIUM HYDROXIDE ? XYLOSE ? GUAR HYDROXYPROPYLTRIMONIUM CHLORIDE ? HYDROXYPROPYLTRIMONIUM HYDROLYZED WHEAT PROTEIN ? CITRIC ACID ? GLUTAMIC ACID ? HEXYLENE GLYCOL ? HEXYL CINNAMAL ? BENZYL SALICYLATE ? BENZYL ALCOHOL ? PARFUM / FRAGRANCE ?]|"
9,73€ / L"|"
7,30 €"
2608|Shampooing professionnel, lissage salon, anti-frizz, cheveux difficiles à lisser|Le flacon de 750ml|[Origine : FRANCE, Sa formule sans silicone, enrichie en lait hydratant, a été conçue pour détendre vos cheveux et discipliner les frisottis., Appliquez sur cheveux mouillés, massez doucement et rincez abondamment à l'eau tiède. En cas de contact avec les yeux, les rincer immédiatement., Aqua / water, sodium laureth sulfate, coco-betaine, sodium chloride, glycol distearate, cocamide MEA, linalool, carbomer, elaeis guineensis oil / palm oil, sodium benzoate, sodium methylparaben, salicylic acid, sodium hydroxide, guar hydroxypropyltrimonium chloride, citric acid, hexylene glycol, ethylparaben, hexyl cinnamal, butylphenyl methylpropional, benzyl salicylate, benzyl alcohol, parfum / fragrance. (F.I.L. C36445/1)., 12 mois après ouverture.]|"
9,73€ / L"|"
7,30 €"
2609|Shampooing professionnel, nutrition intense, beurre de karité, cheveux secs, rêches|Le flacon de 750ml|[Origine : FRANCE, Sa formule sans silicone, enrichie en beurre de karité, a été conçue pour apporter une nutrition intense à vos cheveux.Laissez-vous prendre en charge par un professionnel pour une chevelure souple et soyeuse., Appliquez sur cheveux mouillés, massez doucement et rincez abondamment à l'eau tiède. En cas de contact avec les yeux, les rincer immédiatement., Aqua/water, sodium laureth sulfate, coco-betaine, sodium chloride, glycol distearate, Cl17200/red 33, cocamide mea, caramel, carbomer, sodium benzoate, sodium methylparaben, salicylic acid, sodium hydroxide, coumarin, limonene, guar hydroxypropyltrimonium chloride, citric acid, hexylene glycol, ethylparaben, butyrospermum parkii butter/shea butter, parfum/fragrance. (F.I.L. C40191/1)., 12 mois après ouverture.]|"
9,47€ / L"|"
7,10 €"
2610|Shampooing professionnel, protection & éclat, cheveux colorés|Le flacon de 750ml|[Origine : FRANCE, Sa formule sans silicone, enrichie en anti-oxydant protecteur, a été conçue pour protéger vos cheveux et sublimer l'éclat de votre couleur.Laissez-vous prendre en charge par un professionnel pour une couleur éclatante, pour longtemps., Appliquez sur cheveux mouillés, massez doucement et rincez abondamment à l'eau tiède. En cas de contact avec les yeux, les rincer immédiatement., Aqua/water, sodium laureth sulfate, coco-betaine, sodium chloride, glycol distearate, Cl17200/red 33, cocamide mea, carbomer, euterpe oleracea pulp powder, sodium benzoate, sodium methylparaben, salicylic acid, sodium hydroxide, limonene, guar hydroxypropyltrimonium chloride, citric acid, hexylene glycol, ethylparaben, hexyl cinnamal, parfum/fragrance. (F.I.L. C36443/1)., 12 mois après ouverture.]|"
9,55€ / L"|"
7,16 €"
2611|Shampooing professionnel, restaure & renforce, cheveux abîmés, cassants|Le flacon de 750ml|[Origine : FRANCE, Sa formule sans silicone, enrichie en céramide reconstituant, a été conçue pour fortifier et réparer les cheveux., Appliquez sur cheveux mouillés, massez doucement et rincez abondamment à l'eau tiède. En cas de contact avec les yeux, les rincer immédiatement., Aqua/water, sodium laureth sulfate, coco-betaine, sodium chloride, glycol distearate, Cl17200/red 33, cocamide mea, carbomer, sodium benzoate, sodium methylparaben, salicylic acid, sodium hydroxide, 2-oleamido-1,3-octadecanediol, guar hydroxypropyltrimonium chloride, citric acid, hexylene glycol, ethylparaben, hexyl cinnamal, butylphenyl methylpropional, parfum/fragrance. (F.I.L. C40212/1)., 12 mois après ouverture.]|"
9,47€ / L"|"
7,10 €"
2612|Cuir chevelu irrité, antipelliculaire, usage fréquent, shampooing|Le flacon de 300ml|[Origine : FRANCE, Apaise le cuir chevelu dès les premières utilisations. Véritable soin apaisant le shampooing antipelliculaire Neutralia soulage dès les premières utilisations les irritations et démangeaisons liées a l'état pelliculaire. Testé dermatologiquement, depH neutre, anti calcaire, il respecte l'hydratation naturelle de votre cuir chevelu, et peut être utilisé aussi souvent que vous le souhaitez., Pour optimiser l'action antipelliculaire, appliquez sur cheveux mouillés avec un léger massage, laissez agir 5 minutes sur le cuir chevelu, puis rincez abondamment., AQUA / WATER, SODIUM LARETH SULFATE, PEG-200 HYDROGENATED GLYCERYL PALMATE, LAURETH-5 CARBOXYLIC ACID, GLYCERIN, GLYCOL DISTEARATE, HEXYLENE GLYCOL, SODIUM CHLORIDE, SODIUM HYDROXIDE, PEG-7 GLYCERYL COCOATE, ETHYLPARABEN, POLYQUATERNIUM-10, SALICYLICACID, BENZOIC ACID, PROPYLPARABEN, ISOBUTYLPARABEN, PIROCTONE OLAMINE, CARBOMER, TARTARIC ACID, DISODIUM COCOAMPHODIACETATE, METHYLPARABEN, BUTYLPARABEN, PARFUM / FRAGRANCE. (FIL C17207/2)., 12 mois après ouverture.]|"
16,03€ / L"|"
4,81 €"
2613|Shampooing équilibre, douceur totale, cheveux normaux|Le flacon de 300ml|[Origine : FRANCE, Purifie et redonne légèreté et volume aux cheveux. Ce shampooing Neutraliaest spécialement formulé pour éliminer les impuretés de vos cheveux avec extrême douceur. Parfaitement propres, aérés, vos retrouvent légèreté, volume et vitalité., AQUA / WATER, SODIUM LAURETH SULFATE, LAURETH-5 CARBOXYLIC ACID, COCAMIDE MIPA, CETEARETH-60 MYRISTYL GLYCOL, SODIUM CHLORIDE, HEXYLENE GLYCOL, SODIUM HYDROXIDE, SODIUM METHYLPARABEN, DMDM HYDANTOIN, POLYQUATERNIUM-10, PARFUM / FRAGRANCE. (FL C196032)., 12 mois après ouverture.]|"
16,03€ / L"|"
4,81 €"
2614|Shampooing baume, Monoî de tahiti ao|Le tube de 150ml|[Origine : FRANCE, Le shampooing baume contient du Monoï de Tahiti reconnu pour réparer et lisser les cheveux secs et abîmés. Sa base lavante douce sans savon respecte le cuir chevelu., Appliquez sur cheveux humides, faites mousser pour nettoyer puis rincez. Ne pas avaler. Eviter le contact avec les yeux. En cas de contact, rincer abondamment à l'eau claire., Aqua, magnesium laureth sulfate, laureth-4, laureth-2, disodium cocoamphodiacetate, magnesium sulfate, peg-90 glyceryl isostearate, parfum, cocos nucifera (coconut) oil, gardenia tahitensis flower extract, polyquaternium-10, sodium cocoyl, hydrolyzedwheat protein, tocopherol, peg-4 distearyl ether, sodium laureth sulfate, distearyl ether, dicaprylyl ether, propylene glycol, sodium acetate, sodium citrate, isopropyl alcohol, sodium chloride, citric acid, potassium sorbate, formaldehyde, sodium benzoate, methylisothiazolinone, benzyl salicylate, amyl cinnamal, linalool, geraniol., 12 mois après ouverture. Eviter l'exposition prolongée à la chaleur et à la lumière.]|"
53,47€ / L"|"
8,02 €"
2615|Shampooing, hydrate et répare|Le tube de 250ml|[Origine : ROYAUME UNI, Répare les cheveux à l'aspect et au toucher abîmés, nourrissant les mèches avec une formule hydratante légère pour restaurer douceur et brillance., Appliquez le shampooing sur cheveux mouillés, faites mousser et rincez bien., Aqua, sodium laureth sulfate, sodium lauryl sulfate, cocamidopropyl betaine, glycol distearate, cetyl alcohol, parfum, cocamide mea, sodium chloride, silicone, quaternium-18, guar hydroxypropyltrimonium chloride, benzyl alcohol, trideceth-6, disodiumedta, malic acid, trideceth-12, glycine, plukenetia volubilis seed oil, ppg-9, stearoxypropyl dimethylamine, c14-28 isoalkyl acid, sodium hydroxide, c14-28 alkyl acid, methylchloroisothiazolinone, stearyl alcohol, methylisothiazolinone, tocopherol,hexyl cinnamal, limonene, linalool, citronellol., 12 mois après ouverture.]|"
34,60€ / L"|"
8,65 €"
2616|Shampooing, lave et ajoute de l'hydratation aux cheveux naturellement bouclés, définit et sublime les boucles|Le flacon de 250ml|[Origine : ALLEMAGNE, Définit et sublime les boucles pour un coiffage instantanément plus facile qui dure jusqu'à 24 heures., Peut être utilisé sur cheveux colorés. Appliquez le shampooing sur cheveux mouillés, faites mousser et rincez bien., Aqua, sodium laureth sulfate, sodium lauryl sulfate, glycol distearate, dimethicone, cetyl alcohol, betaine, laureth-23, laureth-3, cocamide mea, polyquaternium-47, simmondsia chinensis, tocopheryl acetate, glycine, cocamidopropyl betaine, sodium hydroxide, methylchloroisothiazolinone, methylisothiazolinone, sodium xylenesulfonate, malic acid, benzyl alcohol, guar hydroxypropyltrimonium chloride, sodium chloride, disodium edta, parfum., 12 mois après ouverture.]|"
34,60€ / L"|"
8,65 €"
2617|Shampooing, Volume matière|Le flacon de 500ml|[Origine : UNION EUROPEENNE, Prépare les cheveux fins à un style volumineux. Les lave en douceur pour un toucher naturellement doux., Appliquez sur cheveux mouillés, faites mousser, rincez bien., 12 mois après ouverture.]|"
28,42€ / L"|"
14,21 €"
2618|Shampooing éclaircissant pour toutes les blondes|Le tube de 250ml|[Origine : FRANCE, Formule douce au citron et à la camomille, éclaircit visiblement pour un blond étincelant et ensoleillé. Redonne aux cheveux un aspect et un toucher sain. Sans ammoniaque ni peroxyde., Appliquez sur cheveux mouillés, faites mousser, rincez bien. Utilisez quotidiennement pour de meilleurs résultats. Attention : pour usage externe uniquement. Eviter le contact avec le yeux. Si cela se produit, rincer immédiatement et abondamment avecde l'eau., Aqua, sodium laureth sulfate, sodium lauryl sulfate, lactic acid, glycol distearate, cetyl alcohol, betaine, chamomilla recutita flower extract, citrus medica limonum peel extract, curcuma longa root extract, crocus sativus flower extract, helianthusannuus seed extract, vitis vinifera juice extract, vitis vinifera seed extract, benzyl alcohol, cocamidopropyl betaine, glycine, guar hydroxypropyltrimonium chloride, cocamide mea, peg-40 hydrogenated castor oil, sodium hydroxyde, glycerin, alcohol,butylene glycol, sodium chloride, propylene glycol, sodium xylenesulfonate, malic acid, tocopherol, disodium edta, methylchloroisothiazolinone, methylisothiazolinone, parfum, acid yellow 3, limonene, butylphenyl methylpropional, linalool, hexyl cinnamal., 12 mois après ouverture.]|"
34,60€ / L"|"
8,65 €"
2619|Shampooing gloss-brillance, cheveux châtains et bruns|Le tube de 250ml|[Origine : FRANCE, Formule illuminatrice avec complexe infusion de brillance, apporte aux cheveux un bain de brillance pour un effet gloss longue durée. Sans dépôt de colorants., Pour tous les châtains et bruns. Appliquer sur cheveux mouillés, faites mousser, rincer bien., Aqua, sodium laureth sulfate, sodium lauryl sulfate, cocamidopropyl betaine, cocamide MEA, hydrolyzed silk, olea europaea fruit oil, amodimethicone, benzyl alcohol, polyquaternium-10, cetrimonium chloride, trideceth-12, disodium EDTA, malic acid, sodium chloride, glycine, PPG-9, methylchloroisothiazolinone, methylisothiazolinone, butylphenyl methylpropional, hydroxyisohexyl 3-cyclohexene carboxaldehyde, coumarin, parfum, Cl 60730., 12 mois après ouverture.]|"
34,60€ / L"|"
8,65 €"
2620|shampooing hydrate+répare pour cheveux secs et abîmés|Le flacon de 500ml|[Origine : FRANCE, Formule hydratante à l'huile d'Inca inchi riche en oméga 3, répare les cheveux à l'aspect et au toucher abîmés, nourrissant les mèches pour restaurer douceur et brillance., Appliquez le shampooing sur cheveux mouillés, faites mousser et rincez bien., 12 mois après ouverture.]|"
28,42€ / L"|"
14,21 €"
2621|Shampooing lisse idéal à la kératine, lutte contre les frisottis et l'humidité|Le tube de 250ml|[Origine : ALLEMAGNE, Lutte contre les frisottis et l'humidité pour un style lisse impeccable. Il lisse et adoucit la fibre, et aligne les cheveux frisottants pour un résultat lissage instantanément plus facile qui dure jusqu'à 24 heures., Appliquez le shampooing sur cheveux mouillés, faites mousser et rincez bien. Peut être utilisé sur cheveux colorés., Aqua, sodium laureth sulfate, sodium lauryl sulfate, glycol distearate, dimethicone, cocamidopropyl betaine, cetyl alcohol, betaine, cocamide mea, glyceryl oleate, parfum, guar hydroxypropyltrimonium chloride, benzyl alcohol, sodium chloride, disodium edta, malic acid, laureth-23, laureth-4, glycine polyquaternium-7, tocopheryl acetate, simmondsia chinensis seed oil, hydrolyzed keratin, ppg-9, methylchloroisothiazolinone, sodium hydroxide, methylisothiazolinone, linalool, hexyl cinnamal, butylphenyl methylpropional, limonene., 12 mois après ouverture.]|"
34,60€ / L"|"
8,65 €"
2622|shampooing nutrition Blonde Sheer|Le flacon de 500ml|[Origine : UNION EUROPEENNE, Formule hydratante à l'huile de jojoba, au tournesol et au thé blanc, adoucit les mèches tout en éliminant les résidus qui obscurcissent et ternissent le cheveu. Illumine les reflets blonds., Appliquez le shampooing sur cheveux mouillés, faites mousser et rincez bien., 12 mois après ouverture.]|"
28,42€ / L"|"
14,21 €"
2623|Shampooing nutrition illumine les reflets de tous les blonds     clairs|Le tube de 250ml|[Origine : FRANCE, Formule hydratante à l'huile de jojoba, au tournesol et au thé blanc, adoucit les mèches tout en éliminant les résidus qui obscurcissent et ternissent le cheveu. Illumine tous les reflets blonds. Sans dépôt de colorants., Appliquez sur cheveux mouillés, faites mousser, rincez bien., Aqua, sodium laureth sulfate, sodium lauryl sulfate, glycol distearate, dimethicone, cetyl alcohol, betaine, cocamide mea, glyceryl oleate, cocamidopropyl betaine, parfum, polyquaternium-10, benzyl alcohol, disodium edta, malic acid, laureth-4, laureth-23, sodium xylenesulfonate, sodium chloride, glycine, helianthus annuus seed oil, simmondsia chinensis seed oil, caramel, stearamidopropyl dimethylamine, propylene glycol, C14-28 iso alkyl acid, C14-28 alkyl acid, methylchloroisothiazolinone, stearyl alcohol, methylisothiazolinone, camellia sinensis leaf extract, butylphenyl methylpropional, limonene, hexyl cinnamal, linalool., 12 mois après ouverture.]|"
34,60€ / L"|"
8,65 €"
2624|Shampooing nutrition protection couleur pour châtains et bruns.|Le flacon de 500ml|[Origine : UNION EUROPEENNE, Formule hydratante aux éclats de perle et à l'huile d'amande protège et préserve la couleur et les reflets multi-tons des brunettes, réhydratant et régénérant les cheveux secs., Appliquez sur cheveux mouillés, faites mousser, rincez bien., 12 mois après ouverture.]|"
28,42€ / L"|"
14,21 €"
2625|Cheveux très secs ou frisés, karité, shampooing très doux 2 en 1|Le flacon de 400ml|[Origine : FRANCE, Pour en finir avec les cheveux cassants, fragiles et sans souplesse, DOP invente DOP 2 en 1 au Karité, un shampooing spécialement conçu pour les cheveux très secs ou frisés. Il leur apporte un soin nourrissant qui les assouplit et les nourrit jour après jour. Résultat: parfaitement nourris, vos  cheveux retrouvent une douceur naturelle, ils sont vraiment plus souples, plus brillants et pus faciles à coiffer., En cas de projection dans les yeux, les rincer immédiatement., AQUA / WATER, SODIUM LAURETH SULFATE, DISODIUM COCOAMPHODIACETATE, GLUCOL DISTEARATE, SODIUM CHLORIDE, COCAMIDE MEA, HEXYLENE GLYCOL, CARBOMER, METHYLPARABEN, SODIUM METHYLPARABEN, DMDM HYDANTOIN, COUMARIN, TARTARIC ACID, POLYQUATERNIUM-10, BUTYROSPERMUM PARKII / SHEA BUTTER, PARFUM / FRAGANCE. C90923/1, 12 mois après ouverture.]|"
5,63€ / L"|"
2,25 €"
2626|Shampooing amande douce|Bouteille 400 ml|[Origine : FRANCE, AQUA / WATER SODIUM LAURETH SULFATE COCO-BETAINE GLYCERIN GLYCOL DISTEARATE SODIUM CHLORIDE CARBOMER SODIUM BENZOATE SALICYLIC ACID ARGILLA / MAGNESIUM ALUMINUM SILICATE SODIUM HYDROXIDE PRUNUS AMYGDALUS DULCIS EXTRACT / SWEET ALMOND FRUIT EXTRACT CITRIC ACID XANTHAN GUM POLYQUATERNIUM-10 HEXYLENE GLYCOL BENZYL ALCOHOL PARFUM / FRAGRANCE]|"
5,80€ / L"|"
2,32 €"
2627|Shampooing aux oeufs|Bouteille 400ml|[Origine : FRANCE, AQUA / WATER SODIUM LAURETH SULFATE DISODIUM COCOAMPHODIACETATE GLYCOL DISTEARATE SODIUM CHLORIDE HEXYLENE GLYCOL CI 14700 / RED 4 CI 47005 / ACID YELLOW 3 COCAMIDE MEA LINALOOL GERANIOL CARBOMER SODIUM BENZOATE SODIUM METHYLPARABEN SALICYLIC ACID SODIUM HYDROXIDE CHOLESTEROL OVUM / DRIED EGG YOLK COUMARIN LIMONENE CITRIC ACID POLYQUATERNIUM-10 ETHYLPARABEN BENZYL BENZOATE PARFUM / FRAGRANCE]|"
5,80€ / L"|"
2,32 €"
2628|Shampooing 2 en 1, Extraits d'abricot, enfants|Le flacon de 250ml|[Origine : FRANCE, Pour faciliter le coiffage et faire du shampooing des enfants un grand moment de plaisir, découvrez Garnier Ultra Doux Shampooing 2en1 à l'abricot.Sa formule ultra démêlante à l'abricot, reconnu pour ses propriétés adoucissantes et son parfum délicieux, ne pique pas les yeux, élimine les noeuds en un clin d'oeil et les cheveux retrouvent une incroyable douceur à chaque lavage., Attention : ne pas avaler. Ne pas laisser à la portée des jeunes enfants sans surveillance. En cas de projection dans les yeux, les rincer immédiatement., Aqua/water, sodium laureth sulfate, peg-200 hydrogenated glyceryl palmitate, disodium cocoamphodiacetate, polysorbate 20, sodium chloride, PEG-7 glyceryl cocoate, hexylene glycol, sodium laureth-8 sulfate, sodium methylparaben, sodium oleth sulfate,DMDM hydantoin, magnesium laureth-8 sulfate, magnesium laureth sulfate, magnesium oleth sulfate, polyquaternium-10, polysorbate-21, propylene glycol dicaprylate/dicaprate, disodium ricinoleamido mea-sulfosuccinate, prunus armeniaca/apricot fruit extract, parfum/fragrance (FIL C20430/1)., 12 mois après ouverture.]|"
13,56€ / L"|"
3,39 €"
2629|Lotion radicale poux + lentes aux extraits naturel de lavande|Le tube de 100ml|[Origine : FRANCE]|"
116,40€ / L"|"
11,64 €"
2630|Shampooing 2 en 1 ultra démêlant, Fraise-cerise|Le flacon de 400ml|[Origine : FRANCE]|"
9,75€ / L"|"
3,90 €"
2631|Shampooing 3en1 anti-poux aux extraits naturels de lavande|Le flacon de 250ml|[Origine : FRANCE]|"
22,60€ / L"|"
5,65 €"
2632|Après-shampooing au beurre de manque et à l'huile de riz         Cheveux secs, abîmes et cassants|Le flacon de 200ml|[Origine : BELGIQUE, Enrichi en beurre de mangue et en huile de riz, l'après-shampooing doux Monoprix démêle et nourrit jusqu'aux pointes les cheveux secs, abîmés et cassants sans les alourdir. Vos cheveux retrouvent toute leur souplesse. Ils sont faciles à coiffer, brillants et très doux au toucher., Appliquez sur cheveux mouillés et massez soigneusement du bout des doigts. Laissez agir quelques minutes puis rincez abondamment. En cas de contact avec les yeux, rincer immédiatement et abondamment à l'eau claire., 18 mois après ouverture.]|"
11,85€ / L"|"
2,37 €"
2633|Après-Shampooing Démêlant Anti-Casse|Le flacon de 200ml|[Origine : FRANCE, Réparez vos cheveux abîmés avec le ciment naturel quils ont perdu.        Comblés en profondeur*, réparés jusqu'aux pointes, vos cheveux sont renforcés, durablement protégés. Leur matière redevient souple, soyeuse., Répartir soigneusement sur la chevelure en insistant sur les longueurs et les pointes, puis rincer. En cas de contact avec les yeux, les rincer immédiatement., Aqua/ water, cetyl alcohol, glycerin, amodimethicone, hydroxyethylcellulose, stearyl alcohol, behentrimonium chloride, trideceth-6, chlorhexidine dihydrochloride, limonene, isopropyl alcohol, 2-oleamido-1,3-octadecanediol, dipalmitoylethyl hydroxyethylmonium methosulfate, alpha-isomethyl ionone, myristyl alcohol, cetyl esters, cetearyl alcohol, cetrimonium chloride, butylphenyl methylpropional, citric acid, citronellol, hexyl cinnamal, glyceryl linoleate, glyceryl oleate, glyceryl linoleate, parfum/fragrance. (FIL C42783/1)., 12 mois après ouverture.]|"
17,25€ / L"|"
3,45 €"
2634|Après-Shampooing Démêlant Arginine Resist X3|Le flacon de 200ml|[Origine : FRANCE, Découvrez le 1er programme triple action renforçatrice à l'Arginine pour des cheveux plus résistants, de la racine jusqu'aux pointes.               Avec le Démélant Renforçateur ELSEVE ARGININE RESIST X3 le bulbe de vos cheveux est nourri, la fibre est restructurée pour des cheveux qui poussent plus résistants., Appliquer sur cheveux mouillés, masser soigneusement sur l'ensemble du cuir chevelu pour stimuler la micro-circulation puis rincer., Aqua / water, cetyl alcohol, glycerin, amodimethicone, hydroxyethylcellulose, hydroxypropyltrimonium hydrolyzed wheat protein, stearyl alcohol, arginine, behentrimonium chloride, trideceth-6, chlorhexidine dihydrochloride, limonene, linalool, isopropyl alcohol, 2-oleamido-1,3-octadecanedol, dipalmitoylethyl hydroxyethylmonium methosulfate, myristyl alcohol, cetyl esters, cetearyl alcohol, cetrimonium chloride, citric acid, hexyl cinnamal, glyceryl linoleate, glyceryl oleate, glyceryl linolenate,parfum / fragrance (F.I.L. C47175/12)., 12 mois après ouverture.]|"
21,90€ / L"|"
4,38 €"
2635|Après-Shampooing Démêlant Boucles Sublimes|Le flacon de 200ml|[Origine : FRANCE, Parce que les cheveux bouclés, ondulés ont une structure en spirale, leurs écailles s'ouvrent plus facilement, les boucles perdent définition et élasticité.                                                                  Les Laboratoires L'Oréal créent l'Après-Shampoing ELSEVE BOUCLES SUBLIMES.Grâce à sa formule gorgée d'actifs hydratants, vos boucles deviennent rebondies, brillantes et sont protégées du dessèchement., Appliquer sur cheveux mouillés, masser en douceur puis rincer. Pour plus de soin, utiliser les autres produits de la gamme ELSÉVE BOUCLES SUBLIMES.  En cas de contact avec les yeux, les rincer immédiatement., AQUA / WATER, CETEARYL ALCOHOL, AMODIMETHICONE, BEHENTRIMONIUM CHLORIDE, GLYCERIN, HYDROXYPROPYLTRIMONIUM HYDROLYZED WHEAT PROTEIN, TRIDECETH-12, CHLORHEXIDINE DIHYDROCHLORIDE, LIMONENE, LINALOOL, CETYL ESTERS, METHYLPARABEN, CETRIMONIUM CHLORIDE, LAURYL PEG/PPG-18/18 METHICONE, HEXYL CINNAMAL, PARFUM / FRAGRANCE. (F.I.L. C19441/3)., Après ouverture à conserver pendant 12 mois]|"
19,55€ / L"|"
3,91 €"
2636|Après-Shampooing Démêlant Color Vive|Le flacon de 200ml|[Origine : FRANCE, L'après-shampooing Elsève Color Vive complète laction du shampooing.      Il lisse les écailles et démêle parfaitement les cheveux sans les alourdir. Des cheveux démêlés, l'éclat de la couleur prolongé... en une minute chrono., Répartir soigneusement sur la chevelure en insistant sur les longueurs et les pointes, puis rincer. En cas de contact avec les yeux, les rincer immédiatement., Aqua/water, cetyl alcohol, tocopherol, hydroxyethylcellulose, phenoxyethanol, behentrimonium chloride, ethylhexyl methoxycinnamate, trideceth-5, trideceth-10, chlorhexidine digluconate, benzyl alcohol, benzyl alcohol, benzyl salicylate, linalool, benzophenone-4, amodimethicone, isopropyl alcohol, dipalmitoylethyl hydroxyethylmonium methosulfate, alpha-isomethyl ionone, myristyl alcohol, geraniol, cetyl esters, cetearyl alcohol, cetrimonium chloride, citric acid, butylphenyl methylpropional, citronellol, glycerin, parfum/fragrance (F.I.L. C40870/1)., 12 mois après ouverture.]|"
16,25€ / L"|"
3,25 €"
2637|Après-Shampooing Démêlant Liss-Intense|Le flacon de 200ml|[Origine : FRANCE, Laprès-shampooing Liss-Intense complète et renforce l'action lissante et démêlante du shampooing. Il joue le rôle salvateur d'un baume nourrissant pour les cheveux sensibilisés. La matière des cheveux est sublimée: fluide, souple, lisse et brillante,elle se pare d'une nouvelle sensualité., Appliquer sur cheveux mouillés, masser en douceur puis rincer. Convient parfaitement pour une utilisation avant brushing. En cas de contact avec les yeux, les rincer immédiatement., Aqua / water, cetearyl alcohol, amodimethicone, potato starch modified, behentrimonium chloride, CI 47005 / acid yellow 3, CI 14700 / red 4, dodecene, hydrolyzed silk, argania spinosa oil / argania spinosa kernel oil, trideceth-6, chlorhexidine dihydrochloride, poloxamer 407, camelina sativa oil / camelina sativa seed oil, limonene, linalool, benzyl salicylate, benzyl alcohol, cetyl esters, methylparaben, citric acid, cetrimonium chloride, butylphenyl methylpropional, citronellol, BHT, lauryl PEG/PPG-18/18 methicone, hexyl cinnamal, amyl cinnamal, parfum / fragrance. (F.I.L C33627/1)., A utiliser dans les 12 mois après ouverture.]|"
18,20€ / L"|"
3,64 €"
2638|Après-Shampooing Démêlant Nutri-Gloss|Le flacon de 200ml|[Origine : FRANCE, Le Soin Crème Démêlant Elsève Nutri-Gloss démêle parfaitement vos cheveux sans les alourdir. Grâce à sa crème onctueuse qui fond sur la fibre capillaire, le démêlage est instantané.                                         Le cheveu est à la fois nourri et léger., Répartir sur la chevelure en insistant sur les longueurs et les pointes puis rincer. En cas de projection dans les yeux, les rincer immédiatement., Aqua / water, cetyl alcohol, amodimethicone, CI 17200 / RED 33, nacre powder, hydroxyethylcellulose, hydrolyzed wheat protein, hydrolyzed wheat starch, behentrimonium chloride, trideceth-6, chlorhexidine dihydrochloride, simmondsia chinensis oil / jojoba seed oil, limonene, linalool, benzyl alcohol, isopropyl alcohol, dipalmitoylethyl hydroxyethylmonium methosulfate, alpha-isomethyl ionone, myristyl alcohol, cetyl esters, cetearyl alcohol, cetrimonium chloride, butylphenyl methylpropional, citric acid, citronellol, hexyl cinnamal, parfum / fragrance. (FIL C47020/1)., A utiliser dans les 12 mois après ouverture.]|"
17,25€ / L"|"
3,45 €"
2639|Après-Shampooing Démêlant Repair Extrême|Le flacon de 200ml|[Origine : FRANCE, Nouvelle formule ultra-crémeuse, ultra-facile à rincer concentrée en actifs reconstructeurs. Action jusquau coeur, 10 couches pénétrées : le LAK 1000 pénètre les 10 couches qui composent le cheveu pour reconstruire les liens endommagés de sa structure interne. Action jusquaux pointes : Enrichie en céramide, sa formule comble les fissures externes de la fibre et renforce son maillage protecteur de la racine jusqu'au dernier millimètre des pointes. Reconstruction intégrale. Protection restaurée.Douceur absolue, jusqu'aux pointes., Répartir soigneusement sur la chevelure en insistant sur les longueurs et les pointes, puis rincer., Aqua / water, cetearyl alcohol, behentrimonium chloride, cetyl esters, lactic acid, trideceth-6, chlorhexidine digluconate, limonene, linalool, benzyl salicylate, benzyl alcohol, amodimethicone, isopropyl alcohol, 2-oleamido-1,3-octadecanediol, butylphenyl methylpropional, potassium hydroxide, cetrimonium chloride, hexyl cinnamal, parfum / fragrance. (FIL C159703/2)., 12 mois après ouverture.]|"
20,55€ / L"|"
4,11 €"
2640|Après-Shampooing Démêlant Total Repair 5|Le flacon de 200ml|[Origine : FRANCE, Votre cheveu saffine, saffaiblit, devient plat, rêche et terne ? 5 problèmes, 1 solution, Elsève Total Repair 5 est la 1ère réparation totale des cheveux abîmés. Les Laboratoires de L'Oréal ont développé une formule à la Pro-Kératine et au Céramide pour une action re-constituante et re-surfaçante. Vos cheveux sont instantanément démêlés. Jour après jour, le cheveu est totalement réparé., Appliquer sur cheveux mouillés, masser en douceur puis rincer. En cas de contact avec les yeux, les rincer immédiatement., Aqua/water, cetyl alcohol, PEG-180, elaeis guineensis oil/palm oil, hydroxyethylcellulose, dodecene, hydroxypropyltrimonium hydrolyzed wheat protein, arginine, chlorhexidine digluconate, poloxamer 407, linalool, isopropyl myristate, 2-oleamino-1,3-octadecanediol, myristyl alcohol, serine, cetrimonium chloride, cetyl esters, BHT, citric acid, butylphenyl methylpropional, lauryl PEG/PPG-18/18 methicone, glutamic acid, hexyl cinnamal, glyceryl linoleate, glyceryl oleate, glyceryl linolenate, parfum/fragrance. (FIL C37066/1)., 12 mois après ouverture.]|"
21,05€ / L"|"
4,21 €"
2641|Démêlant Couleur & Hydratation EverPure|Le tube de 250ml|[Origine : ALLEMAGNE, Soin démêlant couleur & hydratation EverPure : son soin-crème hydratant très concentré nourrit pour relipider la fibre capillaire.Spécialement conçu pour les cheveux colorés et fragilisés, le système soin couleur sans sulfates EverPure préserve l'intégrité de la fibre et assure une protection optimale des cheveux colorés, limitant leur affadissement., Après le shampooing, répartir soigneusement sur cheveux mouillés en insistant sur les longueurs et les pointes. Rincer abondamment. En cas de contact avec les yeux, les rincer abondamment., Aqua/water, cetearyl alcohol, glycerin, behentrimonium chloride, cetyl esters, isopropyl myristate, quaternium-80, tocopherol, ppg-1 trideceth-6, ethylhexyl methoxycinnamate, polysorbate 20, polyquaternium-37, chlorhexidine dihydrochloride, limonene,mentha piperita (peppermint) leaf extract, linalool, benzophenone-4, isopropyl alcohol, paraffinum liquidum/mineral oil, rosmarinus officinalis oil/rosemary leaf oil, methylparaben, butylphenyl methylpropional, citronellol, parfum/fragrance. (F.I.L.C49230/1)., 12 mois après ouverture.]|"
35,24€ / L"|"
8,81 €"
2642|Démêlant Couleur & Lissage EverPure|Le tube de 250ml|[Origine : ALLEMAGNE]|"
35,24€ / L"|"
8,81 €"
2643|Démêlant Créateur de Matière Fibralogy|Le flacon de 200ml|[Origine : FRANCE]|"
21,90€ / L"|"
4,38 €"
2644|Démêlant Force & Réparation EverForce|Le tube de 250ml|[Origine : ALLEMAGNE, Spécialement conçu pour les cheveux fragiles et abîmés, le système soin réparation sans sulfates EverForce préserve l'intégrité de la fibre et la restaure pour la rendre plus forte.Son soin-crème riche vitalité nourrit la fibre et injecte une force nouvelle à vos cheveux. Réparée et pleine de vie, votre chevelure révèle une nouvelle beauté. Vos cheveux se parent d'une matière exceptionnelle, d'un toucher incroyablement doux., Après le shampooing, répartir soigneusement sur cheveux mouillés en insistant sur les longueurs et les pointes. Rincer abondamment. En cas de contact avec les yeux, les rincer immédiatement., Aqua, cetearyl alcohol, glycerin, behentrimonium chloride, cetyl esters, isopropyl myristate, quaternium-80, tocopherol, ppg-1 trideceth-6, polysorbate 20, polyquaternium-37, chlorhexidine dihydrochloride, limonene, mentha piperita (peppermint) leafextract, linalool, isopropyl alcohol, 2-oleamido-1,3-octadecanediol, paraffinum liquidum/minéral oil, rosmarinus officinalis oil/rosemary leaf oil, methylparaben, butylphenyl methylpropional, citronellol, parfum/fragrance (FIL C49235/1)., 12 mois après ouverture.]|"
35,24€ / L"|"
8,81 €"
2645|Démêlant Lissage & Hydratation EverLiss|Le tube de 250ml|[Origine : ALLEMAGNE, Spécialement conçu pour les cheveux frisottants et agressés, le Système Soin Anti-Frizz sans sulfates EverLiss préserve l'intégrité de la fibre. Sans silicones. Sa formule n'alourdit pas.Son soin crème hydratant enrichi en huiles botaniques nourrit et détend la fibre pour prévenir l'apparition de frisottis. Incroyablement lissés et assouplis, vos cheveux retrouvent une matière soyeuse et légère, un toucher exceptionnel., Après le shampooing, répartir soigneusement sur cheveux mouillés en insistant sur les longueurs et les pointes. Rincer abondamment. En cas de contact avec les yeux, les rincer immédiatement., Aqua, cetearyl alcohol, helianthus annuus seed oil/sunflower seed oil, behentrimonium chloride, glycerin, cetyl esters, stearamidopropyl dimethylamine, quaternium-87, hydroxyethylcellulose, olea europaea oil/olive fruit oil, argania spinosa oil/argania spinosa kernel oil, triethanolamine, limonene, candelilla cera/candelilla wax, benzoic acid, linalool, benzyl salicylate, benzyl alcohol, isopropyl alcohol, propylène glycol, caprylyl glycol, citric acid, citronellol, hexyl cinnamal, parfum/fragrance (FIL C49234/1)., 12 mois après ouverture.]|"
35,24€ / L"|"
8,81 €"
2646|Démêlant Lissage & Réparation EverLiss|Le tube de 250ml|[Origine : ALLEMAGNE, Spécialement conçu pour les cheveux frisottants et agressés, le Système Soin Anti-Frizz sans sulfates EverLiss préserve l'intégrité de la fibre. Sans silicones. Sa formule n'alourdit pas.Son soin crème hydratant enrichi en huiles botaniques nourrit et détend la fibre pour prévenir l'apparition de frisottis. Incroyablement lissés, non alourdis, vos cheveux retrouvent une matière soyeuse, un toucher exceptionnel. Profondément réparés, ils sont éclatants de beauté., Après le shampooing, répartir soigneusement sur cheveux mouillés en insistant sur les longueurs et les pointes. Rincer abondamment. En cas de contact avec les yeux, les rincer immédiatement., Aqua, cetearyl alcohol, helianthus annuus seed oil/sunflower seed oil, behentrimonium chloride, glycerin, cetyl esters, stearamidopropyl dimethylamine, quaternium-87, hydroxyethylcellulose, olea europaea oil/olive fruit oil, argania spinosa oil/argania spinosa kernel oil, triethanolamine, limonene, candelilla cera/candelilla wax, benzoic acid, linalool, benzyl salicylate, benzyl alcohol, isopropyl alcohol, propylène glycol, caprylyl glycol, citric acid, citronellol, hexyl cinnamal, parfum/fragrance (FIL C49234/1)., 12 mois après ouverture.]|"
35,24€ / L"|"
8,81 €"
2647|Démêlant Nutrition & Réparation EverRiche|Le tube de 250ml|[Origine : ALLEMAGNE, Spécialement conçu pour les cheveux desséchés et sensibilisés, le Système Soin Nutrition sans sulfates EverRiche assure une nutrition et une réparation durables, tout en fluidité. Pleinement nourris et réparés, vos cheveux desséchés retrouvent une matière incroyablement soyeuse et un toucher exceptionnel. Ils sont fluides, faciles à coiffer et révèlent une brillance absolue., Pour cheveux desséchés & sensibilisés. Après l'utilisation du shampooing, répartir soigneusement sur cheveux mouillés en insistant sur les longueurs et les pointes. Rincer abondamment. En cas de contact avec les yeux, les rincer immédiatement., Aqua/water, cetearyl alcohol, glycerin, behentrimonium chloride, cetyl esters, isopropyl myristate, Cl 19140/yellow 5, quaternium-80, phenoxyethanol, ppg-1 trideceth-6, polysorbate 20, polyquaternium-37, chlorhexidine, dihydrochloride, camelina sativa oil/camelina sativa seed oil, linalool, isopropyl alcohol, paraffinum liquidum/mineral oil, caramel, vitis vinifera seed oil/grape seed oil, prunus armeniaca kernel oil/apricot kernel oil, hexyl cinnamal, parfum/fragrance (FIL C158137/1). Sans sulfates* (*sans tensio-actifs sulfatés)., 12 mois après ouverture.]|"
35,24€ / L"|"
8,81 €"
2648|Soin crème démêlant Nutri Gloss|Les 2 flacons de 200ml|[Origine : FRANCE, Le Soin Crème Démêlant Elsève Nutri-Gloss démêle parfaitement vos cheveux sans les alourdir. Grâce à sa crème onctueuse qui fond sur la fibre capillaire, le démêlage est instantané. Le cheveu est à la fois nourri et léger., Répartir sur la chevelure en insistant sur les longueurs et les pointes puis rincer. En cas de projection dans les yeux, les rincer immédiatement., Aqua / water, cetyl alcohol, amodimethicone, CI 17200 / RED 33, nacre powder, Hydroxyethylcellulose, hydrolyzed wheat protein, hydrolyzed wheat starch, behenttrimonium chloride, trideceth-6, chlorhexidine dihydrochloride, simmondsia chinensis oil / jojoba seed oil, limonene, linalool benzyl alcohol, isopropyl alcohbenzyl alcohol, isopropyl alcohol, dipalmitoylethyl hydroxyethylmonium methosulfate, alpha-isomethyl ionone, myristyl alcohol, cetyl esters, cetearyl alcohol, cetrimonium chloride, butylphenyl methylpropional, citric acid, citronellol, hexyl cinnamal, parfum / fragrance. (FIL C47020/1)., A utiliser dans les 12 mois après ouverture.]|"
19,58€ / L"|"
7,83 €"
2649|Soin crème fortifiant Anti-Casse|Les 2 flacons de 200ml|[Origine : FRANCE, Réparez vos cheveux abîmés avec le ciment naturel qu'ils ont perdu*. Abîmés, vos cheveux perdent le ciment naturel qui assure leur cohésion et leur résistance. Association de molécules brevetée par L'Oréal, le Ciment-Céramide est la réplique du ciment naturel du cheveux. Il cible leszones abîmé es pour: 1. Combler les brèches: la fibre retrouve sa cohésion et sa résistance. 2. Sceller les écailles: la fibre retrouve une surface lisse et brillante. Résultats prouvés: jusqu'à - 95% de casse au brossage**, * le ciment-Céramide est la réplique du ciment naturel du cheveu. ** test instrumental obtenus après utilisation du shampoing + soincrème + lait thermo-actif vs shampooing classique., Appliquer sur cheveux mouillés, masser en douceur puis rincer. Pour plus de soin, utiliser les autres produits de la gamme Elsève anti-casse. En cas de contact avec les yeux, rincer immédiatement., Aqua/ water, sodium laureth sulfate, dimethicone, disodium cocoamphodiacetate, sodium chloride, cetyl alcohol, hydroxystearyl cetyl ether, guar hydroxypropyltrimonium chloride, cocamide mipa, sodium methylparaben, dmdm hydantoin, sodium cocoate, sodium hydroxide, safflower glucoside, ppg, 5, ceteth, 20, limonene, linalool, benzyl salicylate, propylene glycol, 2, oleamido, 1, 3, octade, canediol, carbomer, citronellol, butylphenyl methylpropional, methyl cocoate, citric acid, hexyl cinnamal, parfum/fragrance. (F. I. L. C29642/1)., A utiliser dans les 12 mois après ouverture.]|"
19,58€ / L"|"
7,83 €"
2650|Soin crème reconstituant Total Repair 5|Les 2 flacons de 200ml|[Origine : FRANCE, Votre cheveu saffine, saffaiblit, devient plat, rêche et terne ? 5 problèmes 1 solution, Elsève Total Repair 5 est la 1ère réparation totale des cheveux abîmés. Les Laboratoires de L'Oréal ont développé une formule à la Pro-Kératine et au Céramide pour une action re-constituante et re-surfaçante Vos cheveux sont instantanément démêlés. Jour après jour, le cheveu est totalement réparé., Appliquer sur cheveux mouillés, masser en douceur puis rincer. En cas de contact avec les yeux, les rincer immédiatement., Aqua/water, cetyl alcohol, PEG-180, elaeis guineensis oil/palm oil, hydroxyethylcellulose, dodecene, hydroxypropyltrimonium hydrolyzed wheat protein, arginine chlorhexidine digluconate, poloxamer 407, linalool, isopropyl myristate, 2-oleoleamino-1,3-octadecanediol, myristyl alcohol, serine, cetrimonium chloride, cetyl esters, BHT, citric acid, butylphenyl methylpropional, lauryl PEG/PPG-18/18 methicone, glutamic acid, hexyl cinnamal, glyceryl linoleate, glyceryl oleate, glyceryl linolenate, parfum/fragrance. (FIL C37066/1)., 12 mois après ouverture.]|"
19,58€ / L"|"
7,83 €"
2651|Après-shampooing crème anti-dessèchement, cheveux secs desséchés rêches|Le flacon de 200ml|[Origine : FRANCE, Testé dans mon Centre d'Etudes Capillaires et utilisé chaque jour dans mes salons mon après-shampooing crème Nutri-Extrême est un baume qui offre soin et douceur à vos cheveux. Sa formule enrichie en huile nutritive et en provitamine B5 nourrit intensément, redonne toucher soyeux et éclat à vos cheveux. Jour après jour, ils sont plus soyeux, plus brillants : sentez sous vos doigts cette matière fluide et soyeuse !, Appliquez sur cheveux mouillés, laissez agir 1 minute, démêlez aux doigts et rincez abondamment.  En cas de projection dans les yeux, rincez immédiatement., Aqua/water,  dimethicone,  cetyl alcohol, divinyldimethicone/dimethicone copolymer, tocopheryl acetate, hydroxyethylcellulose,  behentrimonium chloride,  ethylhexyl methoxycinnamate, chlorhexidine dihydrochloride, panthenol, benzyl benzoate, benzyl salicylate, dipalmitoylethyl hydroxyethylmonium methosulfate, alpha-isomethyl ionone, myristyl alcohol, cetyl esters, cetearyl alcohol, cetrimonium chloride, methylparaben, vitis vinifera/grape seed oil, citric acid, butylphenyl methylpropional, citronellol, coumarin, glycine, parfum/fragrance. (F.I.L C19986/3)., A utiliser dans les 12 mois après ouverture.]|"
23,45€ / L"|"
4,69 €"
2652|Baume démêlant, Nutri-ensoleillant|Le flacon de 200ml|[Origine : FRANCE, Le programme Blond Soleil Eclaircissement nourrit et éclaircit progressivement votre blond naturel. Objectif éclaircissement : 1 ton. Brillant et éclairci, votre blond naturel retrouve ses reflets originels, pour un blond ensoleillé comme en été., Convient à tous types de blond naturel. Appliquez sur cheveux mouillés, laissez agir 1 minute, démêlez aux doigts et rincez abondamment. En cas de contact avec les yeux, les rincer immédiatement., Aqua/water, cetearyl alcohol, elaeis guineensis oil/palm oil, behentrimonium chloride, Cl 19140/yellow 5, stearamidopropyl dimethylamine, linalool, glycerin, chamomilla recutita extract/matricaria flower extract, chlorhexidine dihydrochloride, limonene, isopropyl alcohol, propylene glycol, citrus medica limonum extract/lemon fruit extract, citric acid, citronellol, hexyl cinnamal, butylphenyl methylpropional, benzyl salicylate, benzyl alcohol, parfum/fragrance (FIL C50035/1)., 12 mois après ouverture.]|"
25,25€ / L"|"
5,05 €"
2653|Crème démêlante, Nutri-régénérante pour cheveux dénaturés|Le flacon de 200ml|[Origine : EL SALVADOR, Sa formule crème démêlante aux 3 huiles précieuses d'argan de camélia et de pracaxi, démêle, répare, protège et restaure la barrière lipidique de la fibre., Appliquez sur cheveux mouillés, laissez agir 1 minute, démêlez aux doigts et rincez abondamment. En cas de contact avec les yeux, les rincer immédiatement., Aqua, cetearyl alcohol, paraffinum liquidum/mineral oil, behentrimonium chloride, bht, CI14700/red 4, CI 19140/yellow 5, linalool, geraniol, caramel, argania spinosa oil/ argania spinosa kernel oil, glycerin, camellia oleifera seed oil, coumarin, chlorhexidine digluconate, limonene, isopropyl alcohol, citric acid, pentaclethra macroloba oil/pentaclethra macroloba seed oil, hexyl cinnamal, benzyl salicylate, benzyl acohol, parfum (FIL C54789/1)., 12 mois après ouverture.]|"
25,20€ / L"|"
5,04 €"
2654|Soin démêlant concentré de nutrition aux 2 huiles riches d'onagre et de sésame, cheveux très desséchés, rêches et ternes|Le flacon de 200ml|[Origine : FRANCE, Sa formule fondante et onctueuse, enrichie aux 2 huiles riches d'onagre et de sésame, imprègne généreusement la chevelure pour la nourrir et la regalber sur toute sa longueur.Jour après jour, intensément nourris, vos cheveux retrouvent extrême douceur et éclat., Après le shampooing, appliquez sur cheveux mouillés. Démêlez aux doigts en commençant par les pointes et en remontant vers la racine pour supprimer les noeuds. En cas de contact avec les yeux, les rincer immédiatement., Aqua / water, cetearyl alcohol, dipalmitoylethyl hydroxyethylmonium methosulfate, cetyl esters, CI 19140 / yellow 5, CI 15985 / yellow 6, CI 77891 / titanium dioxide, mica, trideceth-6, chlorhexidine digluconate, oenothera biennis oil/evening primrose oil, benzyl benzoate, benzyl salicylate, amodimethicone, alpha-isomethyl ionone, sesamum indicum oil/sesame seed oil, cetrimonium chloride, bht, citric acid, butylphenyl methylpropional, coumarin, parfum (F.I.L C34316/2)., 12 mois après ouverture.]|"
23,45€ / L"|"
4,69 €"
2655|Soin démêlant raviveur de couleur, cheveux colorés, sensibilisés|Flacon 200ml|[Origine : FRANCE, Le soin démêlant Réveil Color adoucit vos cheveux pour un démêlage et un soyeux instantanés, une brillance exaltée et une couleur éclatante. Sa nouvelle formule associe un AHA révélateur d'éclat qui restaure la fibre capillaire pour une matière lisseet brillante + un filtre UV qui assure une protection optimale à vos cheveux pour préserver la beauté de votre couleur. Fini les couleurs endormies, votre couleur est réveillée, protégée et éclatante pour longtemps !, Appliquez généreusement sur cheveux mouillés en insistant sur les pointes. Laissez agir 1 minute puis rincez abondamment. Démêlez aux doigts en commençant par les pointes et en remontant vers les racines pour supprimer tous les noeuds. En cas de contact avec les yeux rincez immédiatement., Aqua/water, cetyl alcohol, amodimethicone, dipalmitoylethyl hydroxyethylmonium methosulfate, trideceth-6, cetearyl alcohol, behentrimonium chloride, methylparaben, alpha-isomethyl ionone, myristyl alcohol, coumarin, chlorhexidine dihydrochloride, camphor benzalkonium methosulfate, isopropyl alcohol, cetrimonium chloride, hydroxyethylcellulose, citric acid, citronellol, cetyl esters, butylphenyl methylpropional, benzyl benzoate, benzyl salicylate, parfum/fragrance.(FIL C25213/2)., 12 mois après ouverture.]|"
23,55€ / L"|"
4,71 €"
2656|Après shampoing, crème fondante à la camomille et miel de fleurs,|Le pot de 200ml|[Origine : FRANCE, Extrêmement faciles à coiffer, vos cheveux retrouvent une douceur irrésistible. Sans être alourdis, ils sont incroyablement brillants et éclatants.Véritable recette de lumière pour les cheveux blonds, Gamier Ultra Doux a associé la Camomille reconnuepour ses propriétés éclaircissantes et adoucissantes, au Miel de Fleurs réputé pour ses vertus nourrissantes, dans une crème démêlante qui fond instantanément dans vos cheveux., Après chaque shampooing, appliquez et massez en douceur jusqu'aux pointes. Laissez agir quelques instants et rincez. En cas de contact avec les yeux, les rincer immédiatement., Aqua/water, cetearyl alcohol, dipalmitoylethyl hydroxyethylmonium methosulfate, glyceryl stearate, Cl19140/yellow 5, Cl15985/yellow 6, quaternium-80, chamomilla recutita extract/matricaria flower extract, eugenol, mel/honey, limonene, benzyl alcohol,benzyl salicylate, linalool, propylene glycol, geraniol, cetrimonium chloride, citric acid, citronellol, hexyl cinnamal, glycerin, parfum/fragrance. (F.I.L. C37120/1). Formulé sans paraben., 12 mois après ouverture.]|"
16,95€ / L"|"
3,39 €"
2657|Après-shampooing crème fondante à la mangue et fleur de thiaré, cheveux secs, abîmés|Le flacon de 200ml|[Origine : FRANCE, Nourris, vos cheveux sont comme repulpés, réparés jusquaux pointes. Ils retrouvent toute leur souplesse et leur vitalité. Faciles à coiffer, ils sont brillants, doux au toucher, comme satinés.Véritable recette de nutrition et réparation pour les cheveux secs, abîmés, l'après-shampooing Garnier Ultra Doux associe la Mangue reconnue pour ses vertus nourrissantes et réparatrices, à la Fleur de Tiaré réputée pour ses propriétés adoucissantes et satinantes, dans une crème démêlante qui fond instantanément dans vos cheveux., Après chaque shampooing, appliquez et massez en douceur jusqu'aux pointes. Laissez agir quelques instants et rincez. En cas de contact avec les yeux, les rincer immédiatement., Aqua/water, cetearyl alcohol, elaeis guineensis oil/palm oil, behentrimonium chloride, Cl19140/yellow 5, Cl17200/red 33, cocos nucifera oil/coconut oil, stearamidopropyl dimethylamine, chlorhexidine dihydrochloride, mangifera indica seed oil/mango seed oil, benzyl alcohol, benzyl salicylate, linalool, gardenia tahitensis flower, citric acid, coumarin, hexyl cinnamal, glycerin, parfum/fragrance. (FIL C38147/1). Formulé sans paraben et sans silicone., 12 mois après ouverture.]|"
17,45€ / L"|"
3,49 €"
2658|Après-shampooing reconstituant, Cheveux fragiles, Cassants|Le flacon de 200ml|[Origine : POLOGNE, Immédiatement démêlés et nourris, mieux protégés et réparés jusqu'aux pointes, vos cheveux sont renforcés. Ils sont plus résistants et plus brillants vraiment plus faciles à coiffer. Garnier Ultra Doux crée sa nouvelle recette reconstituante spécialement conçue pour les cheveux fragiles, cassants. Elle associe 3 trésors issus de la ruche : la gelée royale réparatrice, la propolis protectrice et le miel nourricier., Attention à ne pas avaler. Ne pas laisser à la portée des enfants. En cas de contact avec les yeux, les rincer immédiatement., 12 mois après ouverture.]|"
17,95€ / L"|"
3,59 €"
2659|Démêlant instantané, huiles d'argan et camélia, pour cheveux secs|Le flacon de 200ml|[Origine : FRANCE, Nourris en profondeur, vos cheveux sont comme transformés, ils retrouvent souplesse et douceur jusqu'aux pointes. Ils redeviennent brillants et faciles à coiffer. Dans sa nouvelle recette de soin pour les cheveux secs, Garnier Ultra Doux associe 2 huiles précieuses aux vertus merveilleuses. Héritée des secrets de beauté des femmes marocaines, l'huile d'argan, aux propriétés hautement nutritives se mêle à l'huile de camélia, réputée pour apporter éclat et douceur à vos cheveux., Après chaque shampooing, appliquez une noisette de baume sur toutes les longueurs et massez en douceur jusqu'aux pointes. Laissez agir quelques instants et rincez. En cas de contact avec les yeux, les rincer immédiatement., Aqua, hydroxypropyl starch phosphate, quaternium-87, stearyl alcohol, behentrimonium chloride, amodimethicone, cetyl esters, CI19140/yellow5, CI14700/red, sodium hydroxide, phenoxyethanol, argania spinosa oil/argania spinosa kernel oil, trideceth-6,chlorhexidine digluconate, camellia oleifera seed oil, limonene, candelilla cera/candelilla wax, linalool, benzyl alcohol, propylene glycol, isopropyl alcohol, 2-oleamido-1,3-octadecanediol, geraniol, cetrimonium chloride, citronellol, hexyl cinnamal, parfum (FIL C55008/2). Sans paraben., 12 mois après ouverture.]|"
14,36€ / L"|"
3,59 €"
2660|Après-shampooing au beurre de karité et au miel, nourrit et répare cheveux secs, abîmés et cassants|Le tube de 200ml|[Origine : FRANCE, Pour nourrir et démêler vos cheveux secs, abîmés et cassants, Le Petit Marseillais a développé une recette enrichie en ingrédients simples, sélectionnés pour leurs propriétés naturelles.Les propriétés naturelles des ingrédients : le beurre de karitéest reconnu pour ses vertus assouplissantes et adoucissantes, le miel est réputé pour ses propriétés nourrissantes et adoucissantes., Appliquez sur toute la longueur des cheveux mouillés. Laissez agir 1 minute puis rincez. Découvrez son parfum riche et sa texture crémeuse et onctueuse., Aqua, cetearyl alcohol, cetyl alcohol, behentrimonium methosulfate, butyrospermum parkii butter, mel, stearamidopropyl dimethylamine, amodimethicone, panthenol, glycol stearate, ceteth-2, myristyl alcohol, hydroxyethylcellulose, stearyl alcohol, trideceth-12, cetrimonium chloride, disodium edta, citric acid, phenoxyethanol, methylparaben, propylparaben, parfum., 12 mois après ouverture.]|"
15,40€ / L"|"
3,08 €"
2661|Après-shampooing aux extraits d'argile blanche et de lait de jasmin, démêle sans alourdir|Le tube de 200ml|[Origine : FRANCE, Pour hydrater les longueurs sans alourdir vos cheveux et permettre un démêlage très facile, Le Petit Marseillais a développé une recette enrichie en ingrédients simples., Appliquez sur toute la longueur des cheveux mouillés. Laissez agir puis rincez. Découvrez son parfum fleuri frais et délicat et sa texture crémeuse et onctueuse., Aqua, cetyl alcohol, behentrimonium chloride, dimethiconol, kaolin, jasminum officinale extract, helianthus annuus seed oil, salicylic acid, magnesium nitrate, isopropyl palmitate, stearyl alcohol, myristyl alcohol, zinc pca, glycerin, lecithin, polyglyceryl-3 diisostearate, glyceryl stearate, peg-100 stearate, TEA-dodecylbenzenesulfonate, isopropyl alcohol, hydroxyethylcellulose, magnesium chloride, citric acid, potassium citrate, sodium benzoate, methylisothiazolinone, methylchloroisothiazolinone, parfum, butylphenyl methylpropional, hexyl cinnamal, citronellol, Cl19140, Cl42090. Sans paraben., 12 mois après ouverture.]|"
16,20€ / L"|"
3,24 €"
2662|Après-shampooing éclat couleur à l'huile de Carthame et à l'extrait naturel de Myrtille, Nourrit et renforce le cheveu|Le tube de 200ml|[Origine : FRANCE, Vos cheveux sont parfaitement démêlés. Nourris, ils sont doux et leur protection naturelle est renforcée. Mieux protégée, votre couleur conserve son éclat plus longtemps.L'huile de carthame est utilisée pour ses vertus nutritives. La myrtille, richeen antioxydants, est reconnue pour ses propriétés protectrices., Appliquez après !e shampooing sur toute la longueur. Laissez agir 1 minute puis rincez., Aqua, glycerin, cetearyl alcohol, caprylic/capric triglycéride, carthamus tinctorius seed oil, behentrimonium chloride, dimethicone, vaccinium myrtillus fruit extract, lecithin, propylene glycol, dimethicone propyl, pg-betaine, isopropyl alcohol, benzophenone-4, polyquaternium-22, citric acid, ascorbyl palmitate, sodium benzoate, parfum, geraniol, hexyl cinnamal, linalool, benzyl salicylate, alpha-isomethyl ionone. Sans paraben., 12 mois après ouverture.]|"
16,20€ / L"|"
3,24 €"
2663|Après-shampooing nutrition intense huile de karité et huile d'argan|Le tube de 200ml|[Origine : FRANCE, Aqua, dimethicone, isopropyl alcohol, behentrimonium chloride, sodium benzoate, citric acid, glycerin, cetearyl alcohol, polyquaternium-22, caprylic/capric triglyceride, argania spinosa oil, ascorbyl palmitate, lecithin, tocopherol, CI 15985, CI 19140, parfum,]|"
16,20€ / L"|"
3,24 €"
2664|Après-Shampooing protection & Réparation, Sève d'olivier et au lait d'acacia|Le tube de 200ml|[Origine : FRANCE, Pour réparer et redonner force à vos cheveux abîmés et fragilisés, Le Petit Marseillais a développé une recette de soin unique, l'après shampooing protection & réparation. Une sélection de 2 ingrédients récoltés sous le soleil du bassin méditerranéen: l'extrait de sève d'olivier, liquide vital de l'arbre, reconnu pour sa résistance, l'acacia, arbuste dont les feuilles sont récoltées à la main dans le Sud de la France, puis transformées en une onctueuse texture lait. Répare & renforce le cheveudès la racine., Conseil de soin : appliquez après le shampooing sur toute la longueur. Laissez agir 1 minute puis rincez. Sa texture crémeuse au parfum agréable apporte soin et douceur à vos cheveux sans les alourdir., Aqua, cetearyl alcohol, glycerin, ethylhexyl stearate, behentrimonium chloride, hydroxypropyl starch phosphate, acacia saligna leaf extract, olea europaea sap extract, bis (c13-15 alkoxy) pg-amodimethicone, oleic/linoleic/linolenic polyglycerides, c14-15 alcohols, isopropyl alcohol, isotridecyl alcohol, polyquaternium-22, zea mays starch, xanthan gum, citric acid, sodium benzoate, parfum, benzyl salicylate, hexyl cinnamal, limonene, linalool, ci 15985, ci 19140.]|"
16,20€ / L"|"
3,24 €"
2665|Après-shampooing reflets bruns à l'extrait de henné et à            l'huile de noix, cheveux châtains à bruns|Le tube de 200ml|[Origine : FRANCE, Découvrez son parfum aux notes chaudes et gourmandes. Sa texture crémeuse et onctueuse apporte soin et douceur à vos cheveux, sans les alourdir. Résultat : ils sont souples et faciles à coiffer. Vos cheveux sont nourris. Leurs reflets sont beaux, lumineux et ravivés. Pour raviver vos reflets bruns et permettre un démêlage très facile de vos cheveux, Le Petit Marseillais a développé une recette avec des ingrédients sélectionnés pour leurs propriétés naturelles. Les propriétés naturelles des Ingrédients : le henné est traditionnellement utilisé pour raviver les reflets bruns. L'huile de noix est reconnue pour ses vertus nourrissantes., Appliquez sur toute la longueur des cheveux mouillés. Laissez agir 1 minute puis rincez., Aqua, cetearyl alcohol, behentrimonium chloride, dimethiconol, isopropyl palmitate, indigofera tinctoria leaf extract, juglans regia seed oil, panthenol, magnesium nitrate, ceteareth-20, potassium citrate, isopropyl alcohol, butylene glycol, tea-dodecylbenzenesulfonate, magnesium chloride, citric acid, sodium benzoate, methylisothiazolinone, methylchloroisothiazolinone, parfum, coumarin, butylphenyl methylpropional, linalool, limonene, Cl15985, Cl19140., 12 mois après ouverture.]|"
16,95€ / L"|"
3,39 €"
2666|Apres-shampooing reflets dores camomille & blé - cheveux blonds achâtains clairs|Le tube de 200ml|[Origine : FRANCE, Aqua, cetearyl alcohol, behentrimonium chloride, chamomilla recutita extract, triticum vulgare germ ( magnÍsium nitrate, ceteareth-20, potassium citrate, palmitate, isopropyl alcohol, propylene glycol, tea-dodecylbenzenesulfonate, magnesium chloride,citric acid, sodium benzoate, methylisothiazolinone, methylchloroisothiazolinone, parfum, butylphenyl methylpropional, linalool, Cl15985, Cl19140.]|"
16,75€ / L"|"
3,35 €"
2667|Cheveux longs, extrait de lin et au lait d'amande douce, après-shampooing|Le tube de 200ml|[Origine : FRANCE, Pour hydrater et démêler vos cheveux longs Le Petit Marseillais a associé à sa formule des ingrédients simples et naturels, inspirés d'authentiques recettes méditerranéennes. Les vertus des ingrédients du sud: le lin est reconnu pour ses propriétés adoucissantes. Le lait d'amande douce, riche en lipides végétaux, apporte ses vertus nourrissantes., Appliquez sur toute la longueur des cheveux mouillés. Laissez agir 1 minute puis rincez. La texture crémeuse et onctueuse apporte soin et douceur à vos cheveux, sans les alourdir., aqua, cetearyl alcohol, behentrimonium chloride, dimethiconol, Isopropyl palmitate, lecithin, prunus amygdalus dulcis oil,  linum usitatissimum  seed extract, glycerin, cinnamic acid, levulinic acid, sodium levulinate, ceteareth-20, propylene glycol,polyglyceryl-3 diisostearate, glyceryl caprylate, glyceryl stéarate, TEA-dodecylbenzene sulfonate, xanthan gum, isopropyl alcohol, sodium phytate, potassium citrate, citric acid, methylchloroisothiazolinone, methylisothiazolinone, sodium benzoate, parfum, butylphenyl methylpropional, hexyl cinnamal., 12 mois après ouverture.]|"
15,15€ / L"|"
3,03 €"
2668|Après-shampooing, démêlage et réparation ultra-ciblée, cheveux extrêmement abîmés, secs|Le flacon de 200ml|[Origine : ALLEMAGNE, La nouvelle formule aux constituants capillaires liquides identiques à ceux du cheveu comble précisément les zones endommagées pour une réparation intense.Sa formule répare même les zones extrêmement abîmées. Démêlage parfait & plus de résistance., Appliquez après chaque shampooing. Laissez agir 1 minute puis démêlez au peigne. Rincez abondamment., Aqua, cetearyl alcohol, quaternium-87, dimethicone, isopropyl myristate, polyquaternium-37, stearamidopropyl dimethylamine, distearoylethyl hydroxyethylmonium methosulfate, cocodimonium hydroxypropyl hydrolyzed keratin, hydrolyzed keratin, panthenol,glyceryl stearate, propylene glycol, ceteareth-20, citric acid, phenoxyethanol, parfum, dimethiconol, methylparaben, propylene glycol dicaprylate/dicaprate, PPG-1 trideceth-6, cyclomethicone, hexyl cinnamal, sodium sulfate, linalool, limonene., 12 mois après ouverture.]|"
21,05€ / L"|"
4,21 €"
2669|Après-shampooing à l'huile précieuse nourrissante                Cheveux secs, fourchus, sur-sollicités|Le flacon 200ml|[Origine : ALLEMAGNE, La nouvelle formule aux constituants capillaires liquides identiques à ceux du cheveu comble précisément les zones endommagées pour une réparation intense. Sa formule réparatrice est enrichie en huile précieuse nourrissante. Résultats : démêlage parfait, nourrit intensément et renforce la fibre capillaire pour des cheveux sublimés, redonne souplesse & luminosité aux cheveux très secs, fourchus et sur-sollicités., Pour cheveux secs, fourchus, sur-sollicités. Appliquez après chaque shampooing. Laissez agir 1 min puis démêlez au peigne. Rincez abondamment., Aqua, cetearyl alcohol, quaternium-87, stearamidopropyl dimethylamine, dimethicone, distearoylethyl hydroxyethylmonium methosulfate, isopropyl myristate, argania spinosa kernel oil, hydrolyzed keratin, cocodimonium hydroxypropyl hydrolyzed keratin, panthenol, glycerin, citric acid, propylene glycol, phenoxyethanol, parfum, mica, methylparaben, dimethiconol, polyquaternium-67, silica, hexyl cinnamal, silica, hexyl cinnamal, linalool, cyclomethicone, limonene, potassium sorbate, CI77891, CI77491,CI47005, CI15985., 12 mois après ouverture.]|"
20,85€ / L"|"
4,17 €"
2670|Hair repair, après-shampooing soie liquide gloss, cheveux rebelles, rêches, sans éclat|Le flacon de 200ml|[Origine : ALLEMAGNE, Alliance exclusive de la technologie Soie Liquide à un gloss capteur de lumière, la gamme Soie Liquide Gloss lisse et illumine les cheveux rêches et sans éclat. Son Système Scan Repair détecte et répare toutes les zones fragilisées du cheveu : en pleine santé, les cheveux révèlent alors une brillance éclatante. Grâce à sa formule ultra-démêlante à la Soie Liquide, l'Après-Shampooing Soie Liquide Gloss démêle immédiatement vos cheveux et leur apporte un toucher soyeux et une brillance éclatante.Résultat : faciles à coiffer et parfaitement lissés, vos cheveux sont doux comme de la soie et sublimés d'une brillance Gloss., Appliquez sur les mi-longueurs des cheveux lavés. Laissez agir une minute puis démêlez au peigne. Rincez abondamment., Valeur énergétique en Joules :  0, Valeur énergétique en Kcal : 0, Glucides : 0, Lipides : 0, Protides :0, Aqua, cetearyl alcohol, quaternium-87, dimethicone, isopropyl myristate, stearamidopropyl dimethylamine, glyceryl stearate, distearoylethyl hydroxyethylmonium methosulfate, propylene glycol, citric acid, ceteareth-20, phenoxyethanol, polyquaternium-37, propylene glycol dicaprylate/dicaprate, dimethiconol, parfum, methylparaben, prunus armeniaca kernel oil, laurdimonium hydroxypropyl hydrolyzed wheat protein, pantolactone, hydrolyzed wheat protein, ppg-1 trideceth-6, limonene, hexyl cinnamal, hydrolyzed silk, sericin., A utiliser dans les 12 mois après ouverture.]|"
20,55€ / L"|"
4,11 €"
2671|Karité cashmere après-shampooing, cheveux secs ou desséchés, nutrition et réparation|Le flacon de 200ml|[Origine : ALLEMAGNE, Sa formule nourrissante contient du beurre de karité. Résultats prouvés : démêlage parfait & cheveux nourris. Un maximum de souplesse., Appliquez après chaque shampooing. Laissez agir 1 min puis démêlez au peigne. Rincer abondamment., Aqua, cetearyl alcohol, quaternium-87, dimethicone, isopropyl myristate, butyrospermum parkii butter, hydrolyzed keratin, panthenol, cocodimonium hydroxypropyl hydrolyzed keratin, stearamidopropyl dimethylamine, glyceryl stearate, distearoylethyl hydroxyethylmonium methosulfate, propylene glycol, ceteareth-20, citric acid, phenoxyethanol, polyquaternium-37, dimethiconol, methylparaben, propylene glycol dicaprylate/dicaprate, parfum, ppg-1 trideceth-6, benzyl salicylate, hexyl cinnamal, butylphenyl methylpropional, cyclomethicone, linalool, limonene, CI17200, CI47005., 12 mois après ouverture.]|"
17,08€ / L"|"
4,27 €"
2672|Après-shampooing, Crystal brillance, Cheveux normaux, Ternes|Le flacon de 250ml|[Origine : ALLEMAGNE]|"
22,88€ / L"|"
5,72 €"
2673|Après-shampooing, Diamond color, Cheveux colorés ou méchés|Le flacon de 250ml|[Origine : ALLEMAGNE]|"
22,88€ / L"|"
5,72 €"
2674|Après-shampooing, Omega repair, Cheveux Abîmes, Secs|Le flacon de 250ml|[Origine : ALLEMAGNE]|"
22,88€ / L"|"
5,72 €"
2675|Spray démêlant, Mineral force, Cheveux fatigués, Fragilisés|Le flacon de 200ml|[Origine : ALLEMAGNE]|"
34,75€ / L"|"
6,95 €"
2676|Après-Shampooing fortifiant Matière et Densité|Le flacon de 200ml|[Origine : FRANCE]|"
19,30€ / L"|"
3,86 €"
2677|Cheveux desséchés, abîmés, concentré actif de fruits renforcés, après-shampooing|Le flacon de 200ml|[Origine : FRANCE, Les 3 huiles nutritives pénètrent chaque couche du cheveu et le nourrissent à l'intérieur. Cheveux parfaitement démêlés, sans alourdissement.Nourris, réparés, fortifiés, ils sont plus souples, plus soyeux et plus lumineux., Après le shampooing, appliquer jusqu'aux pointes, puis rincer. En cas de contact avec les yeux, les rincer immédiatement., Aqua/water, cetearyl alcohol, elaeis guineensis oil/palm oil, behentrimonium chloride, Cl19140/yellow 5, Cl5985 yellow 6, niacinamide, saccharum officinarum extract/sugar cane extract, stearamidopropyl dimethylamine, olea europaea oil/olive fruit oil, chlorhexidine dihydrochloride, limonene, camellia sinensis extract/camellia sinensis leaf extract, linalool, benzyl salicylate, isopropyl alcohol, pyrus malus extract/apple fruit extract, pyridoxine HCl, persea gratissima oil/avocado oil, butyrospermum parkii butter/shea butter, citric acid, butylphenyl methylpropional, citrus medica limonum peel extract/lemon peel extract, hexylcinnamal, glycerin, parfum/fragrance. (FIL C41846/1)., 12 mois après ouverture.]|"
19,30€ / L"|"
3,86 €"
2678|Après shampooing, Booster de couleur|Le flacon de 250ml|[Origine : ROYAUME UNI, Après-shampooing Blondes Have More Fun, grâce à sa formule enrichie en Camomille et Citron, vos cheveux seront éclatants, hydratés sans être alourdis et votre couleur protégée. Epatant !, Appliquer sur cheveux lavés avec le Shampooing des racines aux pointes. Vous pouvez utiliser un peigne pour répartir la crème. Laisser reposer une minute et rincer. Eviter le contact avec les yeux, si cela se produit, rincer abondamment à l'eau., Aqua (water), cetearyl alcohol, glycerin, behentrimonium chloride, chamomilla recutita (matricaria) flower/leaf extract, silk amino acids, lauryl alcohol, dicaprylyl ether, glyceryl stearate, peg-100 stearate, parfum (fragrance), citral, limonene, linalool, polyquaternium-37, amodimethicone, trideceth-12, isopropyl alcohol, propylene glycol, citric acid, magnesium nitrate, magnesium chloride, cetrimonium chloride, imidazolidinyl urea, benzyl alcohol, benzoic acid, methylchloroisothiazolinone, methylisothiazolinone, methylparaben., 12 mois après ouverture.]|"
20,57€ / L"|"
6,17 €"
2679|Après-Shampoing, Aussome volume|Le flacon de 250ml|[Origine : FRANCE, Notre formule légère Aussie, à l'extrait de houblon d'Australie, donne corps et volume aux cheveux fins. Le houblon d'Australie est une découverte géniale. Il paraît que la protéine qu'il contient recouvre les cheveux pour les aider à gagner en volume., Pour cheveux fins et mous. Répartir l'après-shampoing sur cheveux propres et humides. Rincer à l'eau tiède. Pour des résultats encore plus incroyables, utiliser en complément du Shampoing Aussie Aussome Volume., Aqua, cetyl alcohol, stearamidopropyl dimethylamine, stearyl alcohol, quaternium-18, parfum, benzyl alcohol, cetearyl alcohol, oleyl alcohol, hydroxyethylcellulose, glyceryl stearate, peg-2m, citric acid, edta, propylene glycol, bis-aminopropyl dimethicone, polysorbate 60, benzyl salicylate, eugenol, hexyl cinnamal, linalool, citronellol, amyl cinnamal, geraniol, magnesium nitrate, silica, aloe barbadensis leaf juice, humulus lupulus extract, phenoxyethanol, methylparaben, methylchloroisothiazolinone, magnesium chloride, bht, butylparaben, methylisothiazolinone, propylparaben, ethylparaben, ascorbic acid, sodium sulfite, sodium benzoate, sodium sulfite, potassium sorbate., 12 mois après ouverture.]|"
28,80€ / L"|"
7,20 €"
2680|Après-shampoing, Color mate|Le flacon de 250ml|[Origine : FRANCE, Notre formule spéciale, à l'extrait de pêche sauvage d'Australie, hydrate les cheveux en douceur et les rend rayonnants de brillance et de vitalité., Pour cheveux colorés. Répartir l'après-shampoing sur cheveux propres et humides. Rincer à l'eau tiède. Et pour un résultat optimal, utiliser avec le shampoing Aussie Colour Mate., Aqua, cetyl alcohol, stearamidopropyl dimethylamine, stearyl alcohol, quaternium-18, benzyl alcohol, cetearyl alcohol, parfum, oleyl alcohol, hydroxyethylcellulose, glyceryl stearate, peg-2 m, citric acid, edta, bis-aminopropyl dimethicone, polysorbate 60, butylene glycol, limonene, linalool, magnesium nitrate, santalum acuminatum fruit extract, silica, aloe barbadensis leaf juice, alcohol denat, methylchloroisothiazolinone, magnesium chloride, methylisothiazolinone, magnesium chloride, bht, methylisothiazolinone, ascorbic acid, sodium benzoate, sodium sulfite, potassium sorbate., 12 mois après ouverture.]|"
28,80€ / L"|"
7,20 €"
2681|Après-Shampoing, Frizz miracle|Le flacon de 250ml|[Origine : FRANCE, C'est pas génial quand tout roule comme on veut dans la vie ? Et pourquoi on n'y arriverait pas avec les cheveux ? Notre formule à l'extrait de feuilles d'eucalyptus bleu d'Australie, aide à lisser les cheveux rebelles et à contrôler les frisottis., Pour cheveux frisés et petits cheveux rebelles. Démarrer par le shampoing Aussie Frizz Miracle et ensuite appliquer un splotch d'après-shampoing Frizz Miracle. Rincer à l'eau tiède., Aqua, cetyl alcohol, stearamidopropyl dimethylamine, stearyl alcohol, quaternium-18, parfum, benzyl alcohol, cetearyl alcohol, hydroxypropyl guar, bis-aminopropyl dimethicone, oleyl alcohol, glyceryl stearate, citric acid, polysorbate 60, edta, propylene glycol, limonene, linalool, magnesium nitrate, aloe barbadensis leaf juice, eucalyptus dunnii leaves extract, eucalyptus acmenioides leaves extract, DMDM hydantoin, methylchloroisothiazolinone, magnesium chloride, Cl 42090, methylisothiazolinone, Cl 19140, Cl 17200, ascorbic acid, sodium benzoate, sodium sulfite, potassium sorbate., 12 mois après ouverture.]|"
28,80€ / L"|"
7,20 €"
2682|Après-Shampoing, Luscious long|Le flacon de 250ml|[Origine : FRANCE, Notre formule Aussie, avec un mélange Blue Mountain d'Australie, transforme vos cheveux longs en un sublime rideau oscillant et soyeux., Pour cheveux assez longs. Pour des résultats spectaculaires, nous suggérons de commencer avec le shampoing Aussie Luscious Long. Passer ensuite rapidement à ce formidable après-shampoing et rincer à l'eau tiède., Aqua, stearyl alcohol, cetyl alcohol, stearamidopropyl dimethylamine, parfum, benzyl alcohol, dicetyldimonium chloride, glutamic acid, propylene glycol, disodium edta, bis-aminopropyl dimethicone, citric acid, limonene, linalool, magnesium nitrate, aloe barbadensis leaf juice, eucalyptus dunnii leaves extract, eucalyptus acmenioides leaves extract, Cl 61570, dmdm hydantoin, methylchloroisothiazolinone, magnesium chloride, methylisothiazolinone, ascorbic acid, sodium benzoate, sodium sulfite, potassium sorbate., 12 mois après ouverture.]|"
28,80€ / L"|"
7,20 €"
2683|Après-Shampoing, Miracle shine|Le flacon de 250ml|[Origine : FRANCE, Notre formule spéciale, aux extraits de ginseng d'Australie et à la poudre de perle, apporte un effet glossy à chacune de vos mèches. Le ginseng est connu depuis des siècles pour stimuler l'énergie (Chut : c'est un ancien secret indigène)., Pour cheveux ternes, fatigués. Après le shampoing Miracle Shine, répartir sur les cheveux. Rincer et se faire une belle coiffure lumineuse., Aqua, cetyl alcohol, stearamidopropyl dimethylamine, stearyl alcohol, quaternium-18, parfum, benzyl alcohol, cetearyl alcohol, hydroxypropyl guar, bis-aminopropyl dimethicone, oleyl alcohol, glyceryl stearate, citric acid, polysorbate 60, edta, linalool, benzyl salicylate, butylene glycol, hexyl cinnamal, magnesium nitrate, panax ginseng root extract, margarita powder, alcohol denat, methylchloroisothiazolinone, magnesium chloride, methylisothiazolinone., 12 mois après ouverture.]|"
28,80€ / L"|"
7,20 €"
2684|Intense Care, après-shampooing cheveux abîmés ou secs|Le flacon de 200ml|[Origine : FRANCE, Sa formule est enrichie au sérum réparateur expert qui contient des millions de micro particules pour aider à réparer les cheveux abîmés en se déposant sur les zones les plus fragilisées.Ainsi, elle prévient l'apparition des pointes fourchues, sans alourdir les cheveux., Aqua, cetearyl alcohol, dimethicone, stearamidopropyl dimethylamine, behentrimonium chloride, parfum, dipropylene glycol, lactic acid, tréhalose, gluconolactone, adipic acid, sodium sulfate, glycerin, dmdm hydantoin, amodimethicone, sodium chloride,peg-150 distearate, disodium edta, peg-7 propylheptyl ether, cetrimonium chloride, phenoxyethanol, benzyl salicylate, butylphenyl methylpropional, citronellol, hexyl cinnamal, hydroxycitronellal, linalool, Cl15985, Cl19140., 12 mois après ouverture.]|"
17,95€ / L"|"
3,59 €"
2685|Shampooing cheveux abîmés ou secs|Le flacon de 250ml|[Origine : FRANCE]|"
12,36€ / L"|"
3,09 €"
2686|Après-shampooing soin Expert Couleur, pour cheveux colorés|Le flacon de 750ml|[Origine : FRANCE, Sa formule enrichie en anti-oxydant protecteur, a été conçue pour protéger vos cheveux et sublimer l'éclat de votre couleur.Laissez-vous prendre en charge par un professionnel pour une couleur éclatante, pour longtemps., L'après-shampooing soin Expert Couleur a été conçu pour être associé au shampooing à chaque utilisation. Appliquez sur les longueurs et massez en insistant sur les pointes. Rincez abondamment pour un démêlage et un soyeux instantanés. En cas de contact avec les yeux, les rincer immédiatement., Aqua/water, cetearyl alcohol, elaeis guineensis oil/palm oil, glycerin, amodimethicone, trideceth-6, euterpe oleracea pulp powder, methylparaben, limonene, chlorhexidine dihydrochloride, cetrimonium chloride, hexyl cinnamal, parfum/fragrance. (F.I.L.C36459/1)., 12 mois après ouverture.]|"
9,73€ / L"|"
7,30 €"
2687|Après-Shampooing soin professionnel|Le flacon de 750ml|[Origine : FRANCE, Formule sans silicone, enrichie en beurre de karité et en huile de coco, conçue pour nourrir intensément vos cheveux et leur garantir plus de souplesse, de détente et de discipline., Pour cheveux épais, très secs ou frisés. Appliquez sur les longueurs et massez en insistant sur les pointes. Rincez abondamment pour un démêlage et un soyeux instantanés. En cas de contact avec les yeux, les rincer immédiatement., Aqua/water, cetearyl alcohol, elaeis guineensis oil/palm oil, behentrimonium chloride, glycerin, Cl 19140/yellow 5, Cl 14700/red 4, stearamidopropyl dimethylamine, chlorhexidine dihydrochloride, cocos nucifera oil/coconut oil, isopropyl alcohol, citric acid, hexyl cinnamal, butyrospermum parkii butter/shea butter, benzyl alcohol, benzyl salicylate, parfum/fragrance (FIL C50583/1). Sans silicone., 12 mois après ouverture.]|"
9,88€ / L"|"
7,41 €"
2688|Après-shampooing soin professionnel, nutrition intense, cheveux secs, rêches|Le flacon de 750ml|[Origine : FRANCE, Sa formule enrichie en beurre de karité, a été conçue pour apporter une nutrition intense à vos cheveux.Laissez-vous prendre en charge par un professionnel pour une chevelure souple et soyeuse., L'après-shampooing soin Expert Nutrition a été conçu pour être associé au shampooing à chaque utilisation. Appliquez sur les longueurs et massez en insistant sur les pointes. Rincez abondamment pour un démêlage et un soyeux instantanés. En cas de contact avec les yeux, les rincer immédiatement., Aqua/water, cetearyl alcohol, elaeis guineensis oil/palm oil, glycerin, amodimethicone, trideceth-6, methylparaben, coumarin, chlorhexidine dihydrochloride, limonene, cetrimonium chloride, butyrospermum parkii butter/shea butter, parfum/fragrance. (F.I.L. C39813/1)., 12 mois après ouverture.]|"
9,73€ / L"|"
7,30 €"
2689|Après-shampooing soin professionnel, restaure et renforce, cheveux abîmés, cassants|Le flacon de 750ml|[Origine : FRANCE, Ma passion, mon métier: sublimer vos cheveux. C'est pourquoi aujourd'hui, je mets tout mon savoir-faire au service de votre beauté. Je vous accompagne avec ma 1ère gamme de shampooings et après-shampooings soins au format professionnel, testée dans mon centre technique, pour retrouver la qualitésalon chez vous. J'utilise Expert Réparation pour les femmes aux cheveux abimés ou cassants. Sa formule enrichie en céramide reconstituant, a été conçue pour fortifier et réparer les cheveux. Laissez-vousprendre en chargepar un professionnel pour une chevelure plus résistance jour après jour., L'après-shampooing soin, Expert Réparation a été conçu pour être associé au shampooing à chaque utilisation. Appliquez sur les longueurs et massez en insistant sur les pointes. Rincez abondamment pour un démêlage et un soyeux instantanés. En cas de contact avec les yeux, les rincer immédiatement., Aqua/ water, cetearyl alcohol, elaeis guineensis oil/ palm oil, behentrimonium chloride, stearamidopropyl dimethylamine, glycerin, methylparaben, 2-oleamido-1, 3-octadecanediol, chlorhexidine dihydrochloride, citric acid, castanea sativa/ chestnut seed extract, hexyl cinnamal, butylphenyl methylpropional, parfum/ fragrance. (F.I.L. C36504/1)., A utiliser dans les 12 mois après ouverture.]|"
9,73€ / L"|"
7,30 €"
2690|Soin démêlant, Volume matière|Le flacon de 500ml|[Origine : UNION EUROPEENNE, Prépare les cheveux fins à un style volumineux. Leur apporte du soin sans les alourdir et les démêle pour un toucher naturellement doux., Appliquez le soin démêlant sur cheveux mouillés. Rincez bien., 12 mois après ouverture.]|"
28,42€ / L"|"
14,21 €"
2691|Soin démêlant, volume matière pour cheveux colorés|Le tube de 250ml|[Origine : COMMUNAUT EUROPEENNE, Métamorphose les cheveux fins et plats pour un volume naturel de qualité salon. Formulé avec une cire volumisante légère. Ce soin démêle tout en donnant de la fermeté flexible aux mèches de cheveux, aidant à maintenir la texture et le volume et le volume des cheveux tout juste colorés. Résultat : un volume boosté et des cheveux plus faciles à coiffer, avec un volume et un toucher naturels. Protège les cheveux colorés contre l'affadissement de la couleur., Commencez par le shampooing Volume Matière pour cheveux colorés Luxurious Volume. Démêlez vos cheveux en appliquant le soin démêlant sur cheveux mouillés. Rincez bien. Utilisez les produits coiffants Luxurious Volume pour continuer à créer votre lookplein de volume., Aqua, cetearyl alcohol, behenamidopropyl dimethylamine, cetyl esters, dimethicone, parfum, stearyl alcohol, lactic acid, bis-cetearyl amodimethicone, propylene glycol, diazolidinyl urea, C24-28 alkyl dimethicone, glycine, stearalkonium chloride, glycerin, maris sal, malic acid, stearoxypropyl dimethylamine, C14-28 isoalkyl acid, alcohol denat, amp-isostearyoyl hydrolyzed wheat protein, C14-28 alkyl acid, iodopropynyl butylcarbamate, linalool, butylphenyl methylpropional., 12 mois après ouverture.]|"
34,60€ / Pce"|"
8,65 €"
2692|Soin démêlant gloss-brillance, cheveux châtains et bruns|Le tube de 250ml|[Origine : FRANCE, Formule illuminatrice avec complexe infusion de brillance et des agents nourrissants. Réhydrate tout en apportant aux cheveux un bain de brillance pour un effet gloss longue durée. Sans dépôt de colorants., Pour tous les châtains et bruns. Après le shampooing, appliquez le soin démêlant sur cheveux mouillés. Rincez bien., Aqua, glycerin, cetearyl alcohol, dimethicone, behentrimonium chloride, parfum, dimethiconol, PEG-14M, amodimethicone, mica, titanium dioxide, trideceth-12, glycine, malic acid, olea europaea fruit oil, cetrimonium chloride, hydrolyzed silk, methylchloroisothiazolinone, tin oxide, methylisothiazolinone, butylphenyl methylpropional, hydroxyisohexyl 3-cyclohexene carboxaldehyde, coumarin., 12 mois après ouverture.]|"
34,60€ / L"|"
8,65 €"
2693|Soin démêlant lisse idéal à la kératine, lutte contre les frisottis et l'humidité|Le tube de 250ml|[Origine : FRANCE, Lutte contre les frisottis et l'humidité pour un style lisse impeccable. Il lisse et adoucit la fibre, et aligne les cheveux frisottants pour un résultat lissage instantanément plus facile qui dure jusqu'à 24 heures., Après le shampooing, répartissez le soin démêlant sur cheveux mouillés. Rincez bien. Peut être utilisé sur cheveux colorés., Aqua, cetearyl alcohol, glycerin, behentrimonium chloride, cetyl esters, dimethicone, parfum, benzyl alcohol, peg-14m, dimethiconol, sodium citrate, glycine, polyquaternium-7,  simmondsia chinensis seed oil, malic acid, tocopheryl acetate, hydrolyzedkeratin, methylchloroisothiazolinone, methylisothiazolinone, linalool, hexyl cinnamal, butylphenyl methylpropional, limonene., 12 mois après ouverture.]|"
34,60€ / L"|"
8,65 €"
2694|Soin démêlant nutrition, illumine les reflets de tous les blonds clairs|Le tube de 250ml|[Origine : FRANCE, Formule hydratante à l'huile de jojoba, au tournesol et au thé blanc, assouplit les cheveux et répare les parties poreuses pour restaurer une texture saine. Illumine tous les reflets blonds. Sans dépôt de colorants., Après le shampooing, appliquez le soin démêlant sur cheveux mouillés. Rincez bien., Valeur énergétique en Joules :  0, Valeur énergétique en Kcal : 0, Glucides : 0, Lipides : 0, Protides :0, Aqua, cetearyl alcohol, behentrimonium chloride, dimethicone, cetyl esters, phenyl trimethicone, isopropyl palmitate, stearyl alcohol, parfum, propylene glycol, quaternium-91, diazolidinyl urea, cetrimonium methosulfate, stearoxy propyl dimethylamine, C14-28 iso alkyl acid, glycine, simmondsia chinensis seed oil, malic acid, helianthus annuus seed oil, C14-28 alkyl acid, iodopropynyl butylcarbamate, camellia sinensis leaf extract, limonene, butylphenyl methylpropional, linalool, hexyl cinnamal., 12 mois après ouverture.]|"
34,60€ / L"|"
8,65 €"
2695|Soin démêlant nutrition Blonde Sheer|Le flacon de 500ml|[Origine : UNION EUROPEENNE, Formule hydratante à l'huile de jojoba, au tournesol et au thé blanc, assouplit les cheveux et répare les parties poreuses pour restaurer une texture saine. Illumine tous les reflets blonds., Après le shampooing, appliquez le soin démêlant sur cheveux mouillés. Rincez bien., 12 mois après ouverture.]|"
28,42€ / L"|"
14,21 €"
2696|Soin démêlant nutrition protection couleur pour châtains et bruns|Le flacon de 500ml|[Origine : UNION EUROPEENNE, Formule hydratante aux éclats de perle et à l'huile d'amande douce, réhydrate et protège la couleur et les reflets multi-tons des brunettes, régénérant les cheveux secs pour un toucher soyeux., Appliquez le soin démêlant sur cheveux mouillés. Rincez bien., 12 mois après ouverture.]|"
28,42€ / L"|"
14,21 €"
2697|Soin démêlant nutrition protection couleur                       Pour tous les châtains et bruns|Le tube de 250ml|[Origine : FRANCE, Réhydrate tout en révélant les riches reflets multi-tons des brunettes et apporte de la brillance. Recharge les cheveux secs pour un toucher soyeux. Sans dépôt de colorants., Après le shampooing Nutrition Brilliante Brunette Révélateur de Nuances, appliquez le soin démêlant sur cheveux mouillés. Rincez bien., Aqua, cetearyl alcohol, dimethicone, behentrimonium chloride, cetyl esters, parfum, stearyl alcohol, caramel, quaternium-91, propylene glycol, cetrimonium methosulfate, diazolidinyl urea, glycine, prunus amygdalus dulcis oil, malic acid, theobroma cacao seed butter, pearl powder, lecithin, iodopropynyl butylcarbamate, tocopheryl acetate, alcohol, magnesium ascorbyl phosphate, retinyl palmitate, butylphenyl methylpropional, hydroxyisohexyl 3-cyclohexene carboxaldehyde, coumarin., 12 mois après ouverture.]|"
32,92€ / L"|"
8,23 €"
2698|Soin démêlant réparateur, Structure et volume|Le tube de 250ml|[Origine : ROYAUME UNI, Restaure l'aspect et le toucher des cheveux abîmés sans les alourdir, leur redonnant de la force pour des styles avec volume et mouvement. Protège les mèches fragiles., Appliquez le soin démêlant sur cheveux mouillés, faites mousser et rincez bien., Aqua, glycerin, cetearyl alcohol, dimethicone, behenamidopropyl dimethylamine, trisiloxane, cetyl esters, stearyl alcohol, lactic acid, parfum, propylene glycol, quaternium-91, diazolidinyl urea, cetrimonium methosulfate, glycine, plukenetia volubilis seed oil, malic acid, stearoxypropyl dimethylamine, C14-28 isoalkyl acid, iodopropynyl butylcarbamate, C14-28 alkyl acid, tocopherol, hexyl cinnamal, limonene., 12 mois après ouverture.]|"
34,60€ / L"|"
8,65 €"
2699|Soin démêlent volume matière pour cheveux fins|Le tube de 250ml|[Origine : FRANCE, Prépare les cheveux fins à un style volumineux. Leur apporte du soin sans les alourdir et les démêle pour un toucher naturellement doux., Appliquez le soin démêlant sur cheveux mouillés. Rincez bien. Pour usage externe uniquement. Eviter tout contact avec les yeux. Si cela se produit, rincer immédiatement et abondamment avec de l'eau., Aqua, cetearyl alcohol, behenamidopropyl dimethylamine, parfum, lactic acid, isopropyl palmitate, silicone quaternium-22, propylene glycol, c24-28 alkyl dimethicone, diazolidinyl urea, ppg-3 myristyl ether, glycine, stearalkonium chloride, glycerin,maris sal, malic acid, alcohol denat, amp-isostearoyl hydrolyzed wheat protein, iodopropynyl butylcarbamate, linalool, butylphenyl methylpropional., 12 mois après ouverture.]|"
34,60€ / L"|"
8,65 €"
2700|Après shampoing AgeDefy|Le tube de 200ml|[Origine : FRANCE, Des cheveux qui paraissent jusqu'à 10 ans plus jeunes*                    * épaissit temporairement les mèches de cheveux existantes en les protégeant]|"
41,15€ / L"|"
8,23 €"
2701|Soin après-shampooing, Lisse & Soyeux|Le flacon de 200ml|[Origine : FRANCE, Notre collection lisse et soyeux est enrichie en agents de soin pour lisser chacune de vos mèches et les protéger de l'humidité., Appliquer sur la longueur de vos cheveux jusqu'aux racines. Rincer abondamment., Aqua, stearyl alcohol, bis-aminopropyl dimethicone, behentrimonium methosulfate, cetyl alcohol, isopropyl alcohol, benzyl alcohol, parfum, disodium edta, panthenol, panthenyl ethyl ether, linalool, hexyl cinnamal, magnesium nitrate, citric acid, methylchloroisothiazolinone, magnesium chloride, methylisothiazolinone., 12 mois après ouverture.]|"
19,50€ / L"|"
3,90 €"
2702|Soin après-shampooing, Réparateur & Protecteur|Le flacon de 200ml|[Origine : FRANCE, Notre collection réparateur & protecteur, enrichie en agents nourrissants, aide à retenir l'hydratation, laissant vos cheveux brillants et éclatants de santé, Appliquer sur la longueur de vos cheveux jusqu'aux racines. Rincer abondamment., Aqua, stearyl alcohol, bis-aminopropyl dimethicone, behentrimonium methosulfate, cetyl alcohol, isopropyl alcohol, benzyl alcohol, parfum, disodium edta, panthenol, panthenyl ethyl ether, linalool, hexyl cinnamal, magnesium nitrate, citric acid, methylchloroisothiazolinone, magnesium chloride, methylisothiazolinone., 12 mois après ouverture.]|"
21,35€ / L"|"
4,27 €"
2703|Soin après-shampooing, Volume & Soin|Le flacon de 200ml|[Origine : FRANCE, Notre collection volume et soin, enrichie en agent stimulants, fortifie vos cheveux fins et les laisse éclatants de volume et de santé., Appliquer sur la longueur de vos cheveux jusqu'aux racines. Rincer abondamment., Aqua, cetyl alcohol, stearamidopropyl dimethylamine, stearyl alcohol, quaternium-18, bis-aminopropyl dimethicone, benzyl alcohol, cetearyl alcohol, parfum, hydroxypropyl guar, oleyl alcohol, glyceryl stearate, citric acid, polysorbate 60, edta, panthenol, panthenyl ethyl ether, butylphenyl methylpropional, linalool, hexyl cinnamal, limonene, magnesium nitrate, methylchloroisothiazolinone, magnesium chloride, methylisothiazolinone., 12 mois après ouverture.]|"
18,20€ / L"|"
3,64 €"
2704|Soin après-shampooing conditioner, Cheveux fins|Le flacon de 200ml|[Origine : FRANCE, Aide à nourrir les cheveux fins en toute légèreté., Appliquez des racines jusqu'aux pointes. Rincez abondamment., 12 mois après ouverture.]|"
20,05€ / L"|"
4,01 €"
2705|Après-shampooing, Utimate color, Cheveux colorés, Méchés|Le flacon de 200ml|[Origine : ALLEMAGNE, Sa formule enrichie en sérum réparateur protège durablement la couleur. Résultats : démêlage parfait & réparation ciblée. Protection longue durée de la couleur. Chevelure éclatante et lumineuse., Appliquez après chaque shampooing. Laissez agir 1 minute puis démêlez au peigne. Rincez abondamment., Aqua, cetearyl alcohol, quaternium-87, stearamidopropyl dimethylamine, dimethicone, distearoylethyl hydroxyethylmonium methosulfate, isopropyl myristate, benzophenone-4, prunus armeniaca kernel oil, panthenol, cocodimonium hydroxypropyl hydrolyzed keratin, hydrolyzed keratin, glycerin, citric acid, propylene glycol, phenoxyethanol, methylparaben, dimethiconol, parfum, polyquaternium-67, linalool, limonene, benzyl salicylate, hexyl cinnamal, cyclomethicone, benzyl alcohol., 12 mois après ouverture.]|"
20,55€ / L"|"
4,11 €"
2706|Après-Shampooing, Cheveux normaux regraissant vite|Le flacon de 300ml|[Origine : FRANCE, L'après-shampooing Timotei Pure est formulé avec de l'extrait de thé vert bio 100% d'origine naturelle, connu pour ses vertus dynamisante. Sa formule apporte un parfum frais, démêle et laisse vos cheveux tonifiés, légers et brillants., Appliquer sur les longueurs après le shampooing, démêler puis rincer., 12 mois après ouverture.]|"
10,27€ / L"|"
3,08 €"
2707|Après-Shampooing, Huiles précieuses, Cheveux normaux à secs|Le flacon de 300ml|[Origine : FRANCE, Sa formule unique aux huiles d'argan bio, d'amande et à l'extrait de jasmin sublime vos cheveux sans les alourdir. Ils se transforment en une matière brillante, soyeuse, sublime., Appliquez sur les longueurs et pointes après le shampooing, démêlez puis rincez., Aqua, cetearyl alcohol, dimethicone, stearamidopropyl dimethylamine, jasminum officinale flower extract, argania spinosa kernel oil, prunus amygdalus dulcis oil, cocos nucifera oil, behentrimonium chloride, glycerin, parfum, sodium chloride, dipropylene glycol, disodium edta, peg-7 propylheptyl ether, peg-150 distearate, lactic acid, dmdm hydantoin, phenoxyethanol, butylphenyl methylpropional, linalool., 12 mois après ouverture.]|"
10,13€ / L"|"
3,04 €"
2708|Soin démélant pour cheveux abimées|Le flacon de 250ml|[Origine : FRANCE, Nourrit et revitalise les cheveux en manque de réparation., Après le shampooing, massez délicatement sur cheveux humides et démêlez à l'aide d'un peigne. Laissez poser quelques instants puis rincez abondamment. A utiliser exclusivement selon les instructions. Eviter le contact avec les yeux. Si cela se produit rincer immédiatement abondamment avec de l'eau. Si une irritation survient, arrêter l'utilisation du produit immédiatement., Aqua, cetearyl alcohol, dimethicone, stearamidopropyl dimethylamine, lactic acid, behentrimonium chloride, glycerin, parfum, dipropylene glycol, amodimethicone, petrolatum, paraffinum liquidum (mineral oil), trehalose, gluconolactone, sodium chloride, adipic acid, sodium sulfate, disodium edta, peg-7 propylheptyl ether, cetrimonium chloride, peg-180m, silica, dmdm hydantoin, phenoxyethanol, methylchloroisothiazolinone, methylisothiazolinone, magnesium nitrate, magnesium chloride, citronellol, geraniol, limonene, linalool, CI 17200 (red 33), CI 19140 (yellow 5)., 12 mois après ouverture.]|"
30,84€ / L"|"
7,71 €"
2709|Crème de soin nourrissante au beurre de karité, pour cheveux très secs ou frisés|Le pot de 300ml|[Origine : FRANCE, Appliquez sur cheveux secs ou humides puis coiffez-vous. Ne pas rincer. Usage fréquent. Evitez le contact avec les yeux. En cas de contact avec les yeux, rincez immédiatement avec de l'eau. Ne convient pas aux enfants de moins de 7 ans., Aqua, cetyl alcohol, glycerin, butyrospermum parkii butter, cetrimonium chloride, parfum, glyceryl stearate se, vp/dmapa acrylates copolymer, hydroxyethylcellulose, propylene glycol, panthenol, potassium sorbate, phenyl trimethicone, laureth-4, silicone quaternium-15, methylisothiazolinone, benzalkonium chloride, tocopherol, limonene, benzyl salicylate, coumarin, butylphenyl, methylpropional, alpha-isomethyl ionone, geraniol, eugenol., 12 mois après ouverture.]|"
12,87€ / L"|"
3,86 €"
2710|Huile sublimante, cheveux secs et abîmés, à l'huile de jojoba & àl'huile d'argan|Le spray de 75ml|[Origine : FRANCE, Les vertus nourrissantes & protectrices de l'huile de jojoba & de noix de coco, associées aux propriétés réparatrices de l'argan redonnent force et brillance à vos cheveux et aux pointes sèches.L'huile sublimante Monoprix Bio ! certifiée par Ecocerta été formulée pour redonner douceur et éclat  aux cheveux secs et abîmés., Appliquer quelques noisettes sur les pointes et faire pénétrer du bout des doigts. Puis brosser pour plus de brillance. Si les cheveux sont particulièrement abîmés, appliquer sur les pointes et laisser agir 20 minutes voire une nuit et procéder au shampooing., Caprylic/capric triglyceride, helianthus annuus seed oil, parfum, argania spinosa kernel oil*, cocos nucifera oil*, simmondsia chinensis oil*, limonene, linalool, tocopherol, benzyl salicylate, Cl 75120, ascorbyl palmitate. *ingrédients issus de l'agriculture biologique., 12 mois après ouverture.]|"
73,47€ / L"|"
5,51 €"
2711|Huile sublimante, cheveux secs et abîmés, à l'huile de jojoba & àl'huile d'argan|Le spray de 75ml|[Origine : FRANCE, Les vertus nourrissantes & protectrices de l'huile de jojoba & de noix de coco, associées aux propriétés réparatrices de l'argan redonnent force et brillance à vos cheveux et aux pointes sèches.L'huile sublimante Monoprix Bio ! certifiée par Ecocerta été formulée pour redonner douceur et éclat  aux cheveux secs et abîmés., Appliquer quelques noisettes sur les pointes et faire pénétrer du bout des doigts. Puis brosser pour plus de brillance. Si les cheveux sont particulièrement abîmés, appliquer sur les pointes et laisser agir 20 minutes voire une nuit et procéder au shampooing., Caprylic/capric triglyceride, helianthus annuus seed oil, parfum, argania spinosa kernel oil*, cocos nucifera oil*, simmondsia chinensis oil*, limonene, linalool, tocopherol, benzyl salicylate, Cl 75120, ascorbyl palmitate. *ingrédients issus de l'agriculture biologique., 12 mois après ouverture.]|"
73,47€ / L"|"
5,51 €"
2712|Masque nourrissant cheveux secs et abîmes                        Au beure de mangue et à l'huile de riz|Le pot de 300ml|[Origine : BELGIQUE, Sa formule onctueuse et légère fond instantanément dans vos cheveux et les nourrit de la racine jusqu'aux pointes. Vos cheveux retrouvent toute leur vitalité, leur brillance et leur douceur., Utilisez sur cheveux bien rincés et essorés. Appliquez sur toute la chevelure jusqu'aux pointes. Laissez poser 3 minutes, puis rincez soigneusement. En cas de contact avec les yeux, rincer immédiatement et abondamment à l'eau claire., Aqua, cetearyl alcohol, dipalmitoylethyl hydroxyethylmonium methosulfate, glycerin, cetrimonium chloride, glyceryl stearate, quaternium-91, propylene glycol, parfum, methoxy peg/ppg-7/3 aminopropyl dimethicone, dimethicone propyl pg-betaine, behentrimonium methosulfate, cetyl alcohol, cetrimonium methosulfate, sodium benzoate, citric acid, potassium sorbate, oryza sativa bran oil, mangifera indica seed butter, hydrolyzed wheat protein, sodium chloride, hydrolyzed wheat starch, sodium hydroxide,CI19140, CI16255., 12 mois après ouverture.]|"
14,03€ / L"|"
4,21 €"
2713|Aqua sérum Liss-Caresse|Le flacon pompe de 150ml|[Origine : ALLEMAGNE, Sa formule à la micro kératine pénètre instantanément pour lisser avec une précision parfaite chaque fibre une à une. Le toucher est d'une extrême douceur, d'un soyeux incomparable. Ultra légère, sans silicone, sa formule élimine les frisottis et lesondulations non maitrisées sans alourdir et prévient leur réapparition pendant 24h., Appliquer sur cheveux secs ou humides. Prélever quelques gouttes en dosant selon la longueur des cheveux. Répartir sur l'ensemble de la chevelure en insistant sur les pointes. Ne se rince pas. En cas de contact avec les yeux, les rincer immédiatement., Aqua/water, glycerin, peg-40 hydrogenated castor oil, hydroxyethylcellulose, CI14700/red4, CI19140/yellow5, hydroxyethyl oleyl dimonium chloride, hydroxypropyltrimonium hydrolyzed wheat protein, hydroxycitronellal, phenoxyethanol, arginine, ethylhexylglycerin, behentrimonium chloride, polyquaternium-6, xylose, limonene, linalool, benzyl salicylate, benzyl alcohol, serine, cetrimonium chloride, citronellol, glutamic acid, hexyl cinnamal, parfum/fragrance. (FIL C51985/1)., 12 mois après ouverture.]|"
72,00€ / L"|"
10,80 €"
2714|Booster d'épaisseur ultra-concentré, cheveux en manque d'épaisseur|Le tube de 30ml|[Origine : FRANCE, Le Filloxane pénètre dans le cheveux et se diffuse à l'intérieur de la fibre. Application après application, la matière créée reste dans la fibre. L'effet d'épaississement est optimal. Résultats prouvés : épaississement optimal et progressif de la fibre pour une chevelure plus luxuriante., Sur cheveux lavés et rincés : verser une noix de Booster dans le creux de la main. Appliquer sur l'ensemble de la chevelure. Sans rincer, appliquer par-dessus le démêlant Fibralogy. Rincer abondamment. Formule ultra concentrée : à utiliser en cure intensive 2 fois par semaine. En utilisation plus régulière, 1 fois par semaine., 12 mois après ouverture.]|"
271,00€ / L"|"
8,13 €"
2715|Brume Lissante Protection Thermique EverLiss|Le flacon de 200ml|[Origine : ALLEMAGNE, Pour préserver vos cheveux frisottants des appareils chauffants qui peuvent les assécher et les abîmer, la Brume Lissante diffuse un actif bouclier pour protéger la fibre de la chaleur.Pleinement protégés, vos cheveux restent éclatant de beauté, lissage après lissage., Avant l'utilisation d'un appareil chauffant, vaporiser sur l'ensemble de la chevelure. Ne pas rincer., Aqua, dimethicone, stearyl alcohol, phenoxyethanol, peg-40 hydrogenated castor oil, behentrimonium chloride, trideceth-6, salicylic acid, xylose, limonene, linalool, benzyl salicylate, benzyl alcohol, amodimethicone, isopropyl alcohol, cetrimonium chloride, citronellol, butylphenyl methylpropional, laureth-4, laureth-23, hexyl cinnamal, parfum/fragrance (FIL C50039/1)., 12 mois après ouverture.]|"
55,55€ / L"|"
11,11 €"
2716|Démêlant-crème nutrition, Cheveux secs|Le flacon de 200ml|[Origine : FRANCE, Une formule soin, au parfum enivrant, enrichie en 6 micro huiles de fleurs rares. Les cheveux secs retrouvent une matière sublime douce, brillante et fluide. Chaque fibre est gorgée d'une nutrition intense, de la racine à la pointe., Après le shampooing, appliquer sur l'ensemble de la chevelure en insistant sur les longueurs et les pointes. Laisser agir 2 à 3 min puis rincer. En cas de contact avec les yeux, les rincer immédiatement., Aqua/water, cetyl alcohol, glycerin, amodimethicone, CI77891/titanium dioxide, CI77491/iron oxides, ci15985/yellow 6, CI19140/yellow 5, chamomilla recutita extract/matricaria flower extract, mica, cocos nucifera oil/coconut oil, hydroxyethylcellulose, stearyl alcohol, behentrimonium chloride, trideceth-6, chlorhexidine digluconate, helianthus annuus seed oil/sunflower seed oil, nellumbum speciosum extract/nellumbo flower extract, linum usitatissimum flower extract, isopropyl alcohol, dipalmitoylethyl hydroxyethylmonium methosulfate, caprylic/capric triglyceride, myristyl alcohol, caramel, gardenia tahitensis flower extract, rosa canina flower extract, bisabolol, cetyl esters, cetearyl alcohol, cetrimonium chloride, bht, citric acid, glycinesoja oil/soybean oil, parfum/fragrance (FIL C164547/2)., 12 mois après ouverture.]|"
22,10€ / L"|"
4,42 €"
2717|Double Sérum SOS Zones Abîmées Total Repair Extrême|Le sérum de 70ml|[Origine : FRANCE]|"
153,71€ / L"|"
10,76 €"
2718|EverRich, Huile absolue, Cheveux desséchés, Sensibilisés|Le tube de 150ml|[Origine : FRANCE, L'expérience unique du sans sulfates. Intégrité de la fibre. Résultats exceptionnels. Pour les cheveux les plus délicats. La chevelure est intensément nourrie, délicieusement fluide, et incroyablement brillante : toucher cachemire unique., Utiliser à l'écart de toute flamme, source d'étincelles, d'ignition ou corps incandescent. Eviter de vaporiser sur une peau irritée ou vers les yeux , en cas de projection, rincer immédiatement et abondamment avec de l'eau., 18 mois après ouverture.]|"
109,53€ / L"|"
16,43 €"
2719|Huile Extraordinaire Cheveux Colorés|Le flacon pompe de 100ml|[Origine : FRANCE, Une texture magique, une alchimie unique de 6 huiles de fleurs rares enrichie en filtre UV, capable de métamorphoser la fibre pour sublimer la matière et la couleur en toute légèreté., Déposer 3 à 4 pressions au creux de la main, appliquer sur l'ensemble de la chevelure. En avant-shampooing pour protéger les cheveux colorés du dessèchement, en pré-brushing sur cheveux humides pour transformer la matière en une texture riche et souple, en soin de finition sur cheveux secs pour sublimer la couleur et protéger des effets néfastes du soleil. En cas de contact avec les yeux, les rincer immédiatement., Cyclopentasiloxane, alcohol denat, phenyl trimethicone, dimethiconol, c12-15 alkyl benzoate, chamomilla recutita extract/matricaria flower extract, cocos nucifera oil/coconut oil, ethylhexyl methoxycinnamate, nelumbium speciosum extract/nelumbium speciosum flower extract, benzyl alcohol, cinnamal, linalool, linum usitatissimum flower extract, caprylic/capric triglycéride, gardenia tahitensis flower extract, rosa canina flower extract, bisabolol, glycine soja oil/soybean oil, parfum (FIL C51164/2)., 18 mois après ouverture.]|"
145,10€ / L"|"
14,51 €"
2720|Huile Extraordinaire Cheveux Fins|Le flacon de 100ml|[Origine : FRANCE]|"
134,80€ / L"|"
13,48 €"
2721|Huile Extraordinaire Universelle|Le flacon pompe de 100ml|[Origine : FRANCE, Une texture magique, une alchimie unique de 6 huiles de fleurs rares, capable de métamorphoser la fibre pour sublimer la matière, en toute légèreté., Déposer 3 à 4 pressions aux creux de la main, appliquer sur l'ensemble de la chevelure. En avant shampooing pour nourrir intensément sans surplus, en pré brushing sur cheveux humides pour transformer la matière en une texture irrésistiblement douce et soyeuse et protéger du dessèchement, en soin de finition sur cheveux secs pour sublimer la matière et apporter un fini satiné. En cas de contact avec les yeux, les rincer immédiatement., Cyclopentasiloxane, dimethiconol, chamomilla recutita extract/matricaria flower extract, cocos nucifera oil/coconut oil, nelumbium speciosum, extract/nelumbium speciosum flower extract, benzyl alcohol, cinnamal, linalool, linum usitatissimum flower extract, caprylic/capric triglyceride, gardenia tahitensis flower extract, rosa canina flower extract, bisabolol, glycine soja oil/soybean oil, parfum (FIL C51015/2)., 18 mois après ouverture.]|"
145,10€ / L"|"
14,51 €"
2722|Huiles botaniques, Caméline & abricot|Le spray de 200ml|[Origine : FRANCE, Transforme instantanément tous les cheveux secs, ternes et rêches en matière soyeuse et lumineuse grâce à sa formule brevetée activée aux huiles botaniques. Démêle efficacement et répare intensément sans alourdir grâce à ses huiles botaniques micro-diffusées., Vaporiser sur cheveux essorés. Rincer sans temps de pause à l'eau tiède. Idéal pour les cheveux les plus fins et tous les cheveux difficiles à coiffer. En cas de contact avec les yeux, les rincer immédiatement., Aqua/water, quaternium-87, stearyl alcohol, behentrimonium chloride, cetyl esters, trideceth-6, polysorbate 20, chlorhexidine digluconate, camelina sativa oil/ camelina sativa seed oil, candelilla cera/candelilla wax, linalool, propylene glycol, 2-oleamido-1,3-octadecanediol, potato starch modified, cetrimonium chloride, vitis vinifera seed oil/grape seed oil, prunus armeniaca kernel oil/apricot kernel oil, hexyl cinnamal, parfum (FIL C160120/2)., 12 mois après ouverture.]|"
55,55€ / L"|"
11,11 €"
2723|Huile Spray Sun Repair|Le flacon de 150ml|[Origine : FRANCE]|"
71,73€ / L"|"
10,76 €"
2724|Masque Anti-Casse|Le pot de 300ml|[Origine : FRANCE, Le masque réparateur profond Elsève ANTI-CASSE contient du Ciment-Céramide réplique du ciment naturel du cheveu.Comblés en profondeur*, réparés jus quaux pointes, vos cheveux sont renforcés, durablement protégés.          Leur matière redevient souple, soyeuse., Répartir sur toute la longueur de vos cheveux lavés et essorés, en insistant sur les pointes. Laisser pauser 1 à 2 minutes. Rinçage ultra-rapide. En cas de contact avec les yeux, les rincer immédiatement., Aqua/water, cetearyl alcohol, behentrimonium chloride, peg-180, glycerin, amodimethicone, cetyl esters, hydroxyethylcellulose, safflower, glucoside, trideceth-6, chlorhexidine dihydrochloride, limonene, 2-oleamido-1.3-octadecanediol, alpha-isomethylionone, methylparaben, citric acid, butylphenyl methylpropional, citronellol, cetrimonium chloride, hexyl cinnamal, parfum/fragrance., A utiliser dans les 12 mois après ouverture.]|"
25,70€ / L"|"
7,71 €"
2725|Masque Arginine Resist X3|Le pot de 300ml|[Origine : FRANCE, Découvrez le 1er programme triple action renforçatrice à l'Arginine pour des cheveux plus résistants, de la racine jusqu'aux pointes.               Avec le Masque Renforçateur ELSEVE ARGININE RESIST X3 le bulbe de vos cheveux es nourri, la fibre estrestructurée pour des cheveux qui poussent plus résistants., Répartir uniformément sur toutes les longueurs de vos cheveux lavés et essorés, en insistant sur les pointes. Laisser reposer 2 à 3 minutes. Rinçage ultra-rapide. En cas de contact avec les yeux, les rincer immédiatement., Aqua/water, cetearyl alcohol, glycerin, dipalmitoylethyl, hydroxethylmonium methosulfate, cetyl, esters, hydroxypropyltrimonium hydrolyzed wheat protein, arginine, trideceth-6, limonene, benzoic acid, linalool, amodimethicone 2-oleamido-1,3 octadecanediol, caprylyl glycol, cetrimonium chloride, citric acid, hexyl cinnamal, glyceryl linoleate, glyceryl oleate, glyceryl linolenate, parfum/fragrance (FIL C47176/2)., 12 mois après ouverture.]|"
26,40€ / L"|"
7,92 €"
2726|Masque baume nutrition|Le pot de 300ml|[Origine : ALLEMAGNE, Formule ultra concentrée en agents nutritifs et enrichie en 6 micro-huiles de fleurs rares, le masque gorge la fibre d'une nutrition intense sans l'alourdir. sa texture nacrée voluptueuse, délicatement parfumée, se fond dans la chevelure pour lui redonner douceur, fluidité et brillance sublimes., Répartir uniformément sur toutes les longueurs de vos cheveux lavés et essorés en insistant sur les pointes. Laisser reposer 2 à 3 minutes. En cas de contact avec les yeux, les rincer immédiatement., Aqua/water, cetearyl alcohol, paraffinum liquidum/mineral oil, dipalmitoylethyl hydroxyethylmonium methosulfate, cetyl esters, CI77891/titanium dioxide, CI77491/iron oxides, CI15985/yellow 5, chamomilla recutita extract/matricaria flower extract, mica, cocos nucifera oil/ coconut oil, trideceth-6, chlorhexidine digluconate, helianthus annuus seed oil/sunflower seed oil nelumbium speciosum extract/nelumbium speciosum flower extract, linum usitatissimum flower extract, amodimethicone, caprylyl glycol, caprylic/capric triglyceride, caramel, gardenia tahitensis flower extract, rosa cahina flower extract, bisabolol, cetrimonium chloride, bht, citric acid, glycine soja oil/soybean oil, parfum/fragrance (FIL C160552/7)., 12 mois après ouverture.]|"
19,87€ / L"|"
5,96 €"
2727|Masque Color Vive|Le pot de 300ml|[Origine : FRANCE, Le Masque Protecteur Color Vive nourrit intensément sans alourdir les cheveux colorés ou méchés.                                                    Sa toute nouvelle texture gélifiée, ultra fondante, permet une répartition parfaite et agréable., Répartir sur toute la longueur de vos cheveux lavés et essorés, en insistant sur les pointes. Laisser pauser 1 à 2 minutes. Rinçage ultra-rapide. En cas de contact avec les yeux, les rincer immédiatement., Aqua/water, hydroxypropyl starch phosphate, quaternium-87, stearyl alcohol, behentrimonium chloride, Cl14700/red 4, Cl19140/yellow 5, tocopherol, sodium hydroxide, phenoxyethanol, ethylhexyl methoxycinnamate, trideceth-5, trideceth-10, chlorhexidinedihydrochloride, candelilla cera/ candelilla wax, benzophenone-3, benzyl salicylate, linalool, amodimethicone, 2-oleamido-1.3-octadecanediol, alpha-isomethyl ionone, geraniol, methylparaben, butylphenyl methylpropional, citronellol, hexyl cinnamal, parfum/fragrance, (F.I.L. C29835/1)., A utiliser dans les 12 mois après ouverture.]|"
25,37€ / L"|"
7,61 €"
2728|Masque EverRiche|Le pot de 200ml|[Origine : FRANCE, Spécialement conçu pour les cheveux secs à desséchés, le Masque Profond Nutrition Ultime EverRiche nourrit et répare intensément la fibre., Appliquer une noisette sur cheveux mouillés en insistant sur les pointes. Masser délicatement et peigner. Laisser agir 3 à 5 min. Rincer abondamment. En cas de contact avec les yeux, les rincer immédiatement., 12 mois après ouverture.]|"
56,60€ / L"|"
11,32 €"
2729|Masque Liss-Intense|Le pot de 300ml|[Origine : FRANCE, Le Masque Disciplinant Liss-Intense nourrit, assouplit et lisse les cheveux tout en leur apportant une détente optimale. Utilisé en complément de l'Après-Shampooing ou en traitement d'attaque, le Masque Disciplinant Liss Intense donne aux cheveux fluidité et souplesse des racines jusqu'aux pointes, sans les alourdir., Répartir sur toute la longueur de vos cheveux lavés et essorés, en insistant sur les pointes. Laisser pauser 1 à 2 minutes. Rinçage ultra-rapide. En cas de contact avec les yeux, les rincer immédiatement., Aqua/water, cetearyl alcohol, behentrimonium chloride, glycerin, amodimethicone, cetyl esters, potato starch modified, isopropyl alcohol, hydrolyzed silk, argania spinosa oil/argania spinosa kernel oil, trideceth-6, chlorhexidine dihydrochloride, camellia sativa oil/camellia sativa seed oil, limonene, linalool, benzyl salicylate, benzyl alcohol, methylparaben, cetrimonium chloride, butylphenyl methylpropional, citronellol, BHT, hexyl cinnamal, amyl cinnamal, parfum/fragrance. (F.I.L. C36466/1)., 12 mois après ouverture.]|"
24,70€ / L"|"
7,41 €"
2730|Masque Profond, Réparation ultime, EverForce|Le pot de 200g|[Origine : FRANCE, Une formule crème riche et onctueuse sur concentrée en soin pour offrir un véritable bain de réparation à la fibre. Intensément réparée, votre chevelure est fortifiée et retrouve un toucher d'exception., Sur cheveux lavés et essorés, répartir une noisette sur les longueurs en insistant sur les pointes. Masser délicatement. Laisser poser jusqu'à 5 min pour un résultat optimal. Rincer abondamment et finir par un jet d'eau froide pour plus de vitalité.En cas de contact avec les yeux, les rincer immédiatement., Aqua/water, cetearyl alcohol, glycerin, behentrimonium chloride, cetyl esters, isopropyl myristate, quaternium-80, tocophérol, ppg-1 trideceth-6, polysorbate 20, polyquaternium-37, chlorhexidine dihydrochloride, benzyl benzoate, benzyl alcohol, linalool, isopropyl alcohol, 2-oleamido-1,3-octadecanediol, paraffinum liquidum/mineral oil, methylparaben, butylphenyl methylpropional, coumarin, hexyl cinnamal, parfum/fragrance (FIL C49523/2)., 12 mois après ouverture.]|"
55,55€ / L"|"
11,11 €"
2731|Masque Profond Régénérant Intense EverPure|Le pot de 200ml|[Origine : ALLEMAGNE, Spécialement conçu pour les cheveux colorés et fragilisés, le masque profond hydratant intense EverPure nourrit pleinement les cheveux tout en préservant la fibre capillaire.Système soin couleur sans sulfates. Huiles botaniques romarin & menthe., Après l'utilisation du shampooing EverPure, appliquer une noisette sur cheveux mouillés en insistant sur les pointes. Masser délicatement et peigner. Laisser agir 3 à 5 minutes. Rincer abondamment. En cas de contact avec les yeux, les rincer immédiatement., Aqua/water, cetearyl alcohol, amodimethicone, behentrimonium chloride, cetyl esters, tocopherol, ethylhexyl methoxycinnamate, trideceth-6, chlorhexidine dihydrochloride, mentha piperita (peppermint) leaf extract, linalool, benzophenone-4, isopropyl alcohol, rosmarinus officinalis oil/rosemary leaf oil, methylparaben, cetrimonium chloride, butylphenyl methylpropional, citronellol, citric acid, parfum/fragrance. (F.I.L. C49518/1). Sans sulfates., 12 mois après ouverture.]|"
55,55€ / L"|"
11,11 €"
2732|Masque Sun Repair|Le pot de 300ml|[Origine : FRANCE]|"
26,40€ / L"|"
7,92 €"
2733|Masque Total Repair 5|Le pot de 300ml|[Origine : FRANCE, Découvrez le nouveau masque Elsève Total Repair 5 : concentré en Sérum Actif Pro-Kératine + Céramide, il répare les cellules de kératine et nourrit intensément vos cheveux.Résultats prouvés : jour après jour, votre cheveu est totalement réparé. Matière reconstituée, résistance, vitalité, toucher soyeux, brillance santé., Répartir sur toute la longueur de vos cheveux lavés et essorés, en insistant sur les pointes. Laisser pauser 1 à 2 minutes. Rinçage ultra-rapide. En cas de contact avec les yeux, les rincer immédiatement., Aqua/water, cetearyl alcohol, behentrimonium chloride, glycerin, cetyl esters, hydroxypropyltrimonium hydrolyzed wheat protein, dodecene, phenoxyethanol, arginine, chlorhexidine digluconate, poloxamer 407, limonene, linalool, benzyl salicylate, isopropyl myristate, 2-oleamido-1,3-octadecanediol, serine, bht, citric acid, butylphenyl methylpropional, lauryl PEG/PPG-18/18 methicone, glutamic acid, hexyl cinnamal, glyceryl linoleate, glyceryl oleate, glyceryl linolenate, parfum/fragrance (F.I.L. C37037/1)., 12 mois après ouverture.]|"
26,07€ / L"|"
7,82 €"
2734|Masque Total Repair Extrême|Le pot de 300ml|[Origine : FRANCE, Le masque Total Repair Extreme est concentré en actifs reconstructeurs lak 1000 + céramide pour réparer la fibre. Action jusquau coeur, 10 couches pénétrées : sa formule au lak 1000 pénètre les 10 couches qui composent le cheveu pour reconstruire les liens endommagés de sa structure interne. Action jusquaux pointes : enrichie en céramide, elle  comble les fissures externes de la fibre et renforce son maillage protecteur de la racine jusqu'au dernier millimètre des pointes., Aqua/water, cetearyl alcohol, behentrimonium chloride, glycerin, cetyl esters, lactic acid, hydroxypropyltrimonium hydrolyzed wheat protein, dodecene, phenoxyethanol, arginine, chlorhexidine digluconate, poloxamer 407, limonene, linalool, benzyl salicylate, benzyl alcohol, isopropyl myristate, isopropyl alcohol, 2-oleamido-1,3-octadecanediol, serine, bht, butylphenyl methylpropional, citric acid, lauryl peg/ppg-18/18 methicone, glutamic acid, hexyl cinnamal, glyceryl linoleate, glyceryl oleate,glyceryl linolenate, parfum / fragrance.]|"
25,37€ / L"|"
7,61 €"
2735|Miracle Instantané Arginine Resist X3|Le tube de 200ml|[Origine : FRANCE, Ce soin contient de l'arginine, un acide aminé indispensable à la croissance du cheveu. Sous vos doigts, instantanément vous sentez la transformation : la fibre est renforcée dès la racine, le cheveu est plus résistant et le toucher incroyablement souple et soyeux., Après chaque shampooing, répartir uniformément de la racine à la pointe. Pas de temps de pause nécessaire, le rinçage est instantané, l'action immédiate. En cas de contact avec les yeux, les rincer immédiatement., Aqua, hydroxypropyl starch phosphate, quaternium-87, stearyl alcohol, behentrimonium chloride, amodimethicone, cetyl esters, hydroxypropyltrimonium hydrolyzed wheat protein, arginine, trideceth-6, chlorhexidine digluconate, limonene, candelilla cera/candelilla wax, linalool, benzyl alcohol, propylene glycol, isopropyl alcohol, 2-oleamido-1,3-octadecanediol, caprylyl glycol, citric acid, cetrimonium chloride, hexyl cinnamal, parfum (FIL C53635/1)., 12 mois après ouverture.]|"
39,40€ / L"|"
7,88 €"
2736|Miracle Instantané Color Vive|Le tube de 200ml|[Origine : FRANCE, Sa formule ultra-fondante enrichie en concentré nutritif et aux filtres UVA/UVB fusionne avec la fibre et pénètre immédiatement pour protéger les cheveux colorés des agressions extérieures. Sous vos doigts, instantanément vous sentez la transformation : la couleur est sublimée, les reflets sont éclatants, la matière est soyeuse, et le toucher est incroyablement voluptueux., Après chaque shampooing, répartir uniformément de la racine à la pointe. Pas de temps de pause nécessaire, le rinçage est instantané, l'action immédiate. En cas de contact avec les yeux, les rincer immédiatement., Aqua/water, hydroxypropyl starch phosphate, quaternium-87, stearyl alcohol, behentrimonium chloride, Cl 14700/red 4, Cl 19140/yellow 5, tocopherol, sodium hydroxide, phenoxyethanol, ethylhexyl methoxycinnamate, trideceth-5, trideceth-10, chlorhexidine dihydrochloride, candelilla cera/candelilla wax, benzyl alcohol, benzyl salicylate, linalool, benzophenone-4, 2-oleamido-1,3-octadexanediol, alpha-isomethyl ionone, geraniol, methylparaben, butylphenyl methylpropional, citronellol, hexyl cinnamal,glycerin, parfum/fragrance (FIL C51841/1)., 12 mois après ouverture.]|"
38,90€ / L"|"
7,78 €"
2737|Miracle Instantané  Liss-Caresse|Le tube de 200ml|[Origine : FRANCE, Transformation immédiate. Fibre à fibre, la chevelure est parfaitement lissée, fluide, légère et douce comme une caresse., Après chaque shampooing, répartir uniformément de la racine à la pointe. Pas de temps de pause nécessaire, le rinçage est instantané, l'action immédiate. En cas de contact avec les yeux, les rincer immédiatement., Aqua, hydroxypropyl starch phosphate, quaternium-87, stearyl alcohol, behentrimonium chloride, amodimethicone, cetyl esters, CI14700/red 4, CI 19140/yellow 5, hydroxypropyltrimonium hydrolyzed wheat protein, sodium hydroxide, arginine, trideceth-6, chlorohexidine digluconate, limonene, camellia oleifera seed oil, candellia cera/candellia wax, linalool, benzyl salicylate, benzyl alcohol, propylene glycol, isopropyl alcohol, 2-oleamido-1,3-octadecanediol, caprylyl glycol, serine, cetrimonium chloride, glutamic acid, hexyl cinnamal, parfum (FIL C53501/1)., 12 mois après ouverture.]|"
38,35€ / L"|"
7,67 €"
2738|Miracle Instantané Nutri-Gloss Cristal|Le tube de 200ml|[Origine : FRANCE, La formule enrichie en perle et microcristaux agit comme un véritable gloss pour vos cheveux. La surface du cheveu est uniformément lissée, il capte la lumière pour un éclat cristal.Dès l'application, la formule légère, ultra fondante et enrichie enprotéines fusionne avec la fibre et pénètre immédiatement pour une nutrition profonde, sans alourdir., Répartir uniformément de la racine à la pointe. Pas de temps de pause nécessaire, le rinçage est instantané, l'action immédiate. En cas de contact avec les yeux, les rincer immédiatement., Aqua, hydroxypropyl starch phosphate, quaternium-87, stearyl alcohol, behentrimonium chloride, amodimethicone cetyl esters, CI77891/titanium dioxide, CI17200/red 33, CI19140/yellow 5, mica nacre powder, hydroxypropyltrimonium hydrolyzed wheat protein, sodium hydroxide, trideceth-6, chlorhexidine digluconate, limonene, candelilla cera/candelilla wax, linalool, benzyl alcohol, propylene glycol, isopropyl alcohol, caprylyl glycol, alpha-isomethyl ionone, cetrimonium chloride, citronellol, hexyl cinnamal, parfum (FIL C50401/1)., 12 mois après ouverture.]|"
37,85€ / L"|"
7,57 €"
2739|Miracle Instantané Total Repair 5|Le flacon de 200ml|[Origine : FRANCE, Réparation en profondeur cellule à cellule. Transformation immédiate de la matière. Vitalité, fluidité, brillance.Dès l'application, sa formule ultra-fondante enrichie à la pro-kératine reconstituante et au céramide resurfaçant fusionne avec la fibreet pénètre immédiatement pour une réparation en profondeur., Après chaque shampooing, répartir uniformément de la racine à la pointe. Pas de temps de pause nécessaire, le rinçage est instantané, l'action immédiate. En cas de contact avec les yeux, les rincer immédiatement., Aqua/water, hydroxypropyl starch phosphate, quaternium-87, stearyl alcohol, benhentrimonium chloride, amodimethicone, cetyl esters, CI19140/yellow5, CI17200/red33, hydroxypropyltrimonium hydrolyzed wheat protein, hydroxycitronellal sodium hydroxide,arginine, trideceth-6, chlorhexidine digluconate, limonene, candelilla cera/candelilla wax, linalool, benzyl salicylate, benzyl alcohol, propylene glycol, isopropyl alcohol, 2-oleamido-1,3-octadecanediol, caprylyl glycol, serine, cetrimonium chloride, glutamic acid, hexyl cinnamal, glyceryl linoleate, glyceryl oleate, glyceryl linolenate, parfum/fragrance. (F.I.L. C45908/1)., 12 mois après ouverture.]|"
36,50€ / L"|"
7,30 €"
2740|Sérum Anti-Frizz Liss-Intense|Le flacon de 50ml|[Origine : FRANCE, Pour les cheveux secs, rebelles, difficiles à lisser, le Sérum Anti-Frizz ELSÈVE LISS-INTENSE au NUTRILEUM apporte un lissage parfait. RÉVOLUTION TECHNOLOGIQUE : LE NUTRILEUM - Les Laboratoires de L'Oréal ont associé une huit nutritive et un actif lissant pour créer Ie NUTRILEUM. Il se fond instantanément dans les cheveux et les détend sur toute la longueur. Grâce à son action anti-frizz + antigonflement ELSÈVE LISS-INTENSE permet un lissage longue durée qui résiste à l'humidité, pour empêcher les cheveux de frisotter, d'onduler ou de regonfler dans la journée., Pour déverrouiller la pompe, la tourner dans le sens inverse des aiguilles d'une montre.  Prélever plusieurs gouttes de sérum. Doser selon la longueur des cheveux (une petite quantité suffit).  Répartir sur la chevelure en insistant sur les pointes.Ne pas rincer. Sécher.  Reverrouiller la pompe après chaque utilisation pour préserver les qualités du produit., CYCLOPENTASILOXANE, DIMETHICONOL, HYDROXYCITRONELLAL, HYDROXYISOHEXYL 3-CYCLOHEXENE CARBOXALDEHYDE, CAMELINA SATIVA OIL / CAMELINA SATIVA SEED OIL, LIMONENE, LINALOOL, BENZYL SALICYLATE, ALPHA-ISOMETHYL IONONE, GERANIOL, BUTYLPHENYL METHYLPROPIONAL,CITRONELLOL, BHT, HEXYL CINNAMAL, AMYL INNAMAL, PARFUM / FRAGRANCE. (F.I.L. 27865/1).]|"
200,80€ / L"|"
10,04 €"
2741|Sérum Réparateur Spécial Pointes Anti-Casse|Le spray de 30ml|[Origine : FRANCE, La formule concentrée spécial fourches répare et lisse les pointes en les enrobant durablement d'une micro-gaine invisible. Elle protège et renforce la résistance des pointes les plus abîmées.Elsève Anti-casse : réparez vos pointes fourchues avec leciment naturel qu'elles ont perdu., Quelques gouttes seulement du Sérum Réparateur Spécial Pointes Elsève suffisent pour être efficace. Il peut s'appliquer aussi bien sur cheveux essorés que sur cheveux séchés. Déposer sur le bout des doigts 2 à 3 gouttes de sérum. Appliquez le sérum sur les pointes et les mi-longueurs. Bien malaxer jusqu'à absorption complète du produit. Ne pas rincer. Coiffer selon votre habitude. Le Sérum Réparateur Spécial Pointes Elsève peut s'utiliser aussi souvent que vous le voulez., Cyclopentasiloxane, dimethiconol, alcohol denat, limonene, oenothera biennis oil/evening primrose oil, linalool, benzyl salicylate, 2-oleamido-1,3-octadecanediol, citronellol, butylphenyl methylpropional, hexyl cinnamal, parfum/fragrance. (F.I.L. C29423/1).]|"
527,00€ / L"|"
15,81 €"
2742|Soin-Crème Boucles Sublimes|Le flacon de 200ml|[Origine : FRANCE, Vos boucles sont sublimes, rebondies et brillantes, elles n'ont jamais été aussi élastiques ! Vos boucles sont disciplinées : leur coiffage est facilité !, Appliquez uniformément 1 à 2 noisettes sur cheveux essorés des longueurs et les pointes, puis coiffez selon vos habitudes. Sur cheveux secs, idéal pour redessiner ou discipliner des mèches rebelles : à l'aide d'une petite quantité, travaillez chaqueboucle en la redessinant du bout des doigts. Ne se rince pas., Aqua/water, cetearyl alcohol, glycerin, cetyl esters, hydrolyzed elastin, hydroxyisohexyl 3-cyclohexene carboxaldehyde, phenoxyethanol, peg/ppg/polybutylene glycol-8/5/3 glycerin, behentrimonium chloride, trideceth-6, limonene, linalool, benzyl salicylate, benzyl alcohol, amodimethicone, geraniol, cetrimonium chloride, citral, hexyl cinnamal, parfum/fragrance. (F.I.L C39642/1)., 12 mois après ouverture.]|"
27,60€ / L"|"
5,52 €"
2743|Spray Lissant Démêlant Liss-Caresse|Le flacon de 200ml|[Origine : FRANCE, Ultra fine et micro diffusée, sa formule à la micro kératine pénètre instantanément pour assouplir la fibre et faciliter le lissage. Aussi efficace qu'un démêlant classique., Sur cheveux lavés humides, vaporiser en insistant sur les longueurs. Sur cheveux secs, vaporiser pour rafraîchir et discipliner les cheveux entre deux shampooings. Ne se rince pas. Peut s'utiliser tous les jours. En cas de contact avec les yeux, lesrincer immédiatement., Aqua, lactic acid, hydroxyethyl oleyl dimonium chloride, hydroxypropyltrimonium hydrolyzed wheat protein, hydroxycitronellal, phenoxyethanol, peg-40 hydrogenated castor oil, arginine, trideceth-12, polyquaternium-4, polyquaternium-11, xylose, limonene, linalool, benzyl salicylate, benzyl alcohol, amodimethicone, serine, citronellol, cetrimonium chloride, citral, glutamic acid, hexyl cinnamal, parfum (FIL C54428/1)., 12 mois après ouverture.]|"
23,10€ / L"|"
4,62 €"
2744|Traitement Arginine Resist X3|Le flacon de 200ml|[Origine : FRANCE]|"
49,70€ / L"|"
9,94 €"
2745|Crème assouplissante boucles détendues|Le flacon de 150ml|[Origine : FRANCE, Elle assouplit et détend les boucles pour un style parfait de qualité salon qui dure toute la journée., Prenez une petite quantité de crème dans la paume. Frottez vos mains. Travaillez vos cheveux mouillés ou humides. Pour des boucles encore plus détendues, coiffez avec les doigts ou étirez les boucles tout en les séchant., Aqua, cetearyl, alcohol, dimethicone, glyceryl stearate, peg-100 stearate, ceteareth-20, stearyl alcohol, dipentaerythrityl hexa C5-9 acid esters diazolidinyl urea, alcohol, propylene glycol, behentrimonium chloride, polysilicone-9, disodium edta, parfum, laureth-4, laureth-23, olea europaea fruit oil iodopropynyl butylcarbamate, linalool, butylphenyl methylpropional, limonene., 12 mois après ouverture.]|"
71,33€ / L"|"
10,70 €"
2746|Crème perfectrice à l'huile d'avocat, maîtrise les cheveux, pour éliminer frisottis et cheveux rebelles|Le tube de 100ml|[Origine : FRANCE, Adoucit instantanément les cheveux et neutralise les pointes sèches et frisottantes pour une finition impeccable et brillante. Peut s'utiliser partout à tout instant. Avec filtre UV., Pour finition lisse ou bouclée. Appliquez sur cheveux secs. Frottez une noisette de crème dans la paume de vos mains. Etirez la crème le long des cheveux, en insistant sur les pointes. Renouvelez l'application selon vos besoins., Aqua, propylene glycol, persea gratissima oil, phenyl trimethicone, glycerin, C12-15 alkyl benzoate, isostearyl palmitate, glyceryl stearate, pvp, ethylhexyl methoxycinnamate, triethanolamine, sorbitan oleate, acrylates/C10-30 alkyl acrylate crosspolymer, cocamidopropyl PG-dimonium chloride phosphate, steardimonium hydroxypropyl hydrolyzed wheat protein, phenoxyethanol, diazolidinyl urea, methylparaben, propylparaben, parfum, Cl 16035, Cl 47005, butylphenyl methylpropional, linalool, limonene., 12 mois après ouverture.]|"
109,10€ / L"|"
10,91 €"
2747|Huile Elixir Illuminatrice, illumine, révèle la brillance|Le flacon de 100ml|[Origine : FRANCE, Révèle un blond brillant et soyeux. Spécialement conçue pour les cheveux blonds, chaque goutte de cette huile redonne vie aux cheveux secs et ternes pour qu'ils retrouvent leur éclat. Avec thermo-protection et huiles d'Argan & Tournesol., Pour toutes les blondes. Appliquez sur les longueurs et les pointes sur cheveux humides avant le séchage au sèche-cheveux. Ou appliquez quelques gouttes sur les pointes sur cheveux secs. Sans risque pour les cheveux colorés ou traités chimiquement., Cyclopentasiloxane, dimethiconol, ethylhexyl methoxycinnamate, polysilicone-15, benzophenone-3, parfum, bis (C13-15 alkoxy) pg-amodimethicone, helianthus annuus seed oil, tocopheryl acetate, argania spinosa kernel oil, limonene, butylphenyl methylpropional, linalool, hexyl cinnamal., 12 mois après ouverture.]|"
140,00€ / L"|"
14,00 €"
2748|Huile Elixir reparatrice, Full repair|Le flacon-pompe de 100ml|[Origine : ROYAUME UNI, Restaure l'aspect et le toucher des cheveux abîmés à chaque utilisation., Pour de la force et de la douceur, déposez une pression dans la paume de vos mains, frottez les et répartissez uniformément sur les longueurs humides. Pour dompter les cheveux rebelles et apporter de la brillance, appliquez quelques gouttes sur cheveux secs en évitant les racines. Sans risque pour les cheveux colorés ou traités chimiquement., Cyclopentasiloxane, dimethicone, trisiloxane, plukeneta volubilis seed oil, dimethicone/vinyl dimethicone crosspolymer, crambe abyssinica seed oil, parfum, tocopherol, hexyl cinnamal, limonene, linalool, citronellol., 12 mois après ouverture.]|"
141,00€ / L"|"
14,10 €"
2749|Lotion brushing épaississante, apporte volume et matière exceptionnels|Le spray de 125ml|[Origine : FRANCE, Métamorphose les cheveux fins et plats pour un volume naturel de qualité salon. Créé un volume parfait dès les racines. Avec son complexe 'décolle racines', cette formule booste le volume des cheveux fins dès la racine., Pour cheveux fins. Vaporisez sur cheveux essorés en ciblant les racines pour un volume amplifié. Assurez-vous de bien appliquer le produit en surface et sur les mèches du dessous. Séchez au sèche-cheveux et coiffez selon le style désiré. Eviter toutcontact avec du feu, une flamme ou de fumer pendant l'utilisation du produit et jusqu'à ce que les cheveux soient complètement secs. Eviter de vaporiser dans les yeux. Si cela se produit, rincer immédiatement et abondamment avec de l'eau. Utiliser selon le mode d'emploi. Tenir hors de portée des enfants., Alcohol denat, aqua, pvp, vp/va copolymer, polysorbate 20, parfum, maris sal, peg-75 lanolin, amp-isostearoyl hydrolyzed wheat protein, VP/dmapa acrylates copolymer, linalool, butylphenyl methylpropional, citronellol., 36 mois après ouverture.]|"
85,60€ / L"|"
10,70 €"
2750|Masque intensif, répare et fortifie, protège contre la casse|Le pot de 250ml|[Origine : ROYAUME UNI]|"
34,60€ / L"|"
8,65 €"
2751|Masque intensif prolongateur de couleur, préserve la couleur et nourrit les cheveux|Le pot de 150ml|[Origine : FRANCE, Everlasting Blonde aide à conserver l'éclat et le toucher de vos cheveux blonds tout juste colorés., Appliquez le masque sur cheveux mouillés. Laissez poser 1-2 min. Rincez bien. Sans risque pour les cheveux colorés ou traités chimiquement. Eviter le contact avec les yeux. Si cela se produit, rincer abondamment et immédiatement à l'eau., Aqua, cetearyl alcohol, dimethicone, behentrimonium chloride, cetyl esters, stearyl alcohol, parfum, bis-cetearyl amodimethicone, propylene glycol, diazolidinyl urea, quaternium-91, cetrimonium methosulfate, stearoxy propyl dimethylamine, c14-28 isoalkyl acid, glycine, malic acid, c14-28 alkyl acid, carthamus tinctorius seed oil, glycerin, limnanthes alba seed oil, iodopropynyl butylcarbamate, olea europaea oil unsaponifiables, lecithin, butyrospermum parkii, citrus aurantium bergania fruit extract, limonene, butylphenyl methylpropional, linalool, hexyl cinnamal., 12 mois après ouverture.]|"
35,64€ / L"|"
8,91 €"
2752|Masque intensive|Le sachet de 25ml|[Origine : FRANCE, Traitement profond à l'huile d'avocat. Répare visiblement et fortifie les cheveux frisottants, secs et abîmés. Contribue à protéger la casse. Hydrate les cheveux, les rend soyeux et brillants., Peut être utilisé sur cheveux colorés. Appliquez le masque sur cheveux propres et mouillés, en insistant sur les pointes. Laissez poser 3 à 5 minutes. Rincez abondamment., Aqua, cetearyl alcohol, behentrimonium chloride, cyclopentasiloxane, behenyl alcohol, dimethiconol, lecithin, persea gratissima oil, tocopheryl acetate, magnesium ascorbyl phosphate, retinyl palmitate, alcohol, bis(C13-15 alkoxy) pg-amodimethicone, benzyl alcohol, phytantriol, peg-14m, hydrolyzed milk protein, methylchloroisothiazolinone, methylisothiazolinone, parfum, linalool, butylphenyl methylpropional, limonene.]|"
82,00€ / L"|"
2,05 €"
2753|Masque réparateur intense à l'huile d'inca inchi                 Redonne vie aux cheveux abîmés sans les alourdir|Le sachet de 25ml|[Origine : ROYAUME UNI, Formule réparatrice intense, à l'huile d'Inca Inchi, pénètre en profondeur et répare l'aspect et le toucher des cheveux abîmés, réduisant le risque de casse sans les alourdir., Appliquez le masque réparateur intense sur les cheveux, répartissez à l'aide d'un peigne puis laissez poser 2 à 5 minutes pour une réparation intense. Rincez bien., Aqua, glycerin, cetearyl alcohol, dimethicone, behenamidopropyl dimethylamine, trisiloxane, cetyl esters, stearyl alcohol, lactic acid, parfum, propylene glycol, diazolidinyl urea, quaternium-91, cetrimonium methosulfate, glycine, plukenetia volubilis seed oil, malic acid, stearoxy propyl dimethylamine, c14-18 iso alkyl acid, tocopherol, iodopropynyl butylcarbamate, c14-28 alkyl acid, hexyl cinnamal, limonene.]|"
82,00€ / L"|"
2,05 €"
2754|Masque réparateur intense                                        Hydrate et répare|Le pot de 250ml|[Origine : ROYAUME UNI, Restaure l'aspect et le toucher des cheveux abîmés à chaque utilisation. Formule réparatrice intense, à l'huile d'Inca Inchi non alourdissante. Pénètre en profondeur et répare l'aspect et le toucher des cheveux très abîmés, réduisant le risque de casse sans les alourdir. Les cheveux abîmés retrouvent une matière soyeuse et plus dense. Sans risque pour les cheveux colorés ou traités chimiquement., Appliquez le masque réparateur intense sur les cheveux, répartissez à l'aide d'un peigne puis laissez poser 2 à 5 minutes pour une réparation intense. Rincez bien., Aqua, glycerin, cetearyl alcohol, dimethicone, behenamidopropyl dimethylamine, trisiloxane, cetyl esters, stearyl alcohol, lactic acid, parfum, propylene glycol, diazolidinyl urea, quaternium-91, cetrimonium methosulfate, glycine, plukenetia colubilis seed oil, malic acid, stearoxypropyl dimethylamine, C14-18 iso alkyl acid, tocopherol, iodopropynyl butylcarbamate, C14-28 alkyl acid, hexyl cinnamal, limonene., 12 mois après ouverture.]|"
34,60€ / L"|"
8,65 €"
2755|Mousse volume création pour cheveux fins|La bombe de 200ml|[Origine : FRANCE, Crée du volume sur l'ensemble de la chevelure en épaississant les cheveux fins pour des coiffures pleines de volume, sans effet collant., Agitez bien le flacon, tête en bas. Déposez un peu de mousse dans le paume de votre main. Répartissez uniformément sur cheveux essorés, des racines aux pointes. Coiffez selon le style désiré. Extrêmement inflammable. Récipient sous pression. Ne pas vaporiser vers une flamme ou un corps incandescent. Tenir éloigné de toute surface d'ignition. Ne pas fumer lors de l'utilisation et tant que les cheveux ne sont pas entièrement secs. A utiliser uniquement dans une pièce bien ventilée. Toute utilisation impropre qui consisterait à inhaler intentionnellement le produit peut être nuisible ou mortelle. Conserver hors de la portée des enfants. Ne pas percer et ne pas incinérer, même après usage. Une fois le récipient entièrement vide, il peut être jeté. A n'utiliser que selon les instructions., Aqua, butane, propane, isobutane, polyquaternium-11, peg-12 dimethicone, panthenol, propylene glycol, peg-40 hydrogenated castor oil, diazolidinyl urea, isosteareth-10, methylparaben, parfum, propylparaben, benzophenone-4, linalool., A protéger contre les rayons du soleil et à ne pas exposer à toute température supérieure à 50°C.]|"
49,40€ / L"|"
12,35 €"
2756|Sérum Crème Miraculous Recovery, élimine les frisottis, répare les cheveux abimés, traite les pointes fourchues|Le flacon de 50ml|[Origine : ROYAUME UNI, Elimine les frisottis. Répare les cheveux abîmés. Traite les pointes fourchues. Nourrit. Sa formule réparation intense transforme visiblement les cheveux secs et frisottants en des cheveux lisses, soyeux et d'aspect sain., Appliquez sur cheveux humides ou secs. Versez 1 pression de sérum dans la paume de votre main. Frottez vos mains et répartissez uniformément sur les cheveux. Evitez d'en appliquer directement au niveau des racines. Utilisez une quantité plus ou moinsimportante selon la longueur et l'épaisseur des cheveux. Ne rincez pas. Coiffez ensuite selon votre style. Utilisez-le 2 à 3 fois par semaine pour de meilleurs résultats., Aqua, cyclopentasiloxane, cetearyl alcohol, dimethicone, stearyl alcohol, ceteareth-20, aminopropyl dimethicone, phenyl trimethicone, laureth-4, laureth-23, anthemis nobilis flower extract, propylene glycol, diazolidinyl urea, iodopropynyl butylcarbamate, lactic acid, malic acid, quaternium-91, cetrimonium methosulfate, behentrimonium chloride, sodium hydroxide, propylene glycol dicaprylate/dicaprate, cetrimonium chloride, parfum, linalool, butylphenyl methylpropional, limonene., 36 mois après ouverture.]|"
302,80€ / L"|"
15,14 €"
2757|Sérum extra-fort aux 6 effets, lisse, hydrate, dompte, élimine les frisottis, thermo-protection, barrière anti-frisottis|Le flacon de 50ml|[Origine : ROYAUME UNI, Sérum 6 effets + protéine de soie et contrôle renforcé : élimine les frisottis, barrière anti-humidité, thermo-protection, lisse, hydrate, dompte. Sa formule récompensée par plusieurs prix élimine instantanément les frisottis chroniques et fait barrière à l'humidité, pour des cheveux brillants et soyeux. Avec boucliers thermo-protecteur., Appliquez sur cheveux trempés. Utilisez le sérum en petite quantité, en versant 1 pression dans la paume de votre main. Frottez vos mains et répartissez uniformément sur les cheveux. Evitez d'en appliquer directement au niveau des racines. Utilisez une quantité plus ou moins importante selon la longueur et l'épaisseur des cheveux. Ne rincez pas. Coiffez ensuite selon votre style., Cyclopentasiloxane, dimethiconol, ethylhexyl methoxycinnamate, paraffinum liquidum, hydrolyzed silk, algae extract, parfum, linalool, butylphenyl methylpropional, limonene., 36 mois après ouverture.]|"
302,80€ / L"|"
15,14 €"
2758|Sérum Finition Parfaite, brillance, maîtrise les mèches rebelles , booste la brillance, lisse|Le flacon de 50ml|[Origine : ROYAUME UNI, Maîtrise les mèches rebelles. Booste la brillance. Lisse. En finition, il apporte aux cheveux un aspect lisse et soyeux. Il protège les cheveux frisottants contre les effets dévastateurs de style des frisottis, des mèches rebelles et de l'humidité., Appliquez sur cheveux secs. Utilisez le sérum en petite quantité, en versant 1 pression dans la paume de votre main. Frottez vos mains et répartissez uniformément sur les cheveux. Evitez d'en appliquer directement au niveau des racines. Utilisez unequantité plus ou moins importante selon la longueur et l'épaisseur des cheveux. Ne rincez pas. Coiffez ensuite selon votre style., Cyclopentasiloxane, dimethiconol, ethylhexyl methoxycinnamate, benzophenone-3, polysilicone-15, bis (C13-15 alkoxy) pg-amodimethicone, phytantriol, paraffinum liquidum, tocopheryl acetate, hydrolyzed silk, parfum, linalool, butylphenyl methylpropional, limonene., 36 mois après ouverture.]|"
314,20€ / L"|"
15,71 €"
2759|Sérum original aux 6 effets, élimine les frisottis, barrière anti-humidité, thermo-protection, lisse, hydrate et dompte|Le flacon de 50ml|[Origine : ROYAUME UNI, 6 effets : élimine les frisottis, barrière anti-humidité, thermo-protection, lisse, hydrate, dompte. Sa formule récompensée par plusieurs prix élimine instantanément les frisottis et fait barrière à l'humidité, pour des cheveux brillants et soyeux. Avec bouclier thermo-protecteur., Appliquez sur cheveux trempés. Utilisez le sérum en petite quantité, en versant 1 pression dans la paume de votre main. Frottez vos mains et répartissez uniformément sur les cheveux. Evitez d'en appliquer directement au niveau des racines. Utilisez une quantité plus ou moins importante selon la longueur et l'épaisseur des cheveux. Ne rincez pas. Coiffez ensuite selon votre style., Cyclopentasiloxane, dimethiconol, ethylhexyl methoxycinnamate, paraffinum liquidum, hydrolyzed silk, parfum, linalool, butylphenyl methylpropional, limonene., 36 mois après ouverture.]|"
302,80€ / L"|"
15,14 €"
2760|Soin démêlant, boucles couture|Le flacon de 250ml|[Origine : ROYAUME UNI]|"
34,60€ / L"|"
8,65 €"
2761|Soin démêlant, hydrate et répare|Le flacon de 250ml|[Origine : ALLEMAGNE]|"
34,60€ / L"|"
8,65 €"
2762|Soin démêlant éclaircissant pour toutes les blondes|Le tube de 250ml|[Origine : FRANCE, Formule douce au citron et à la camomille, reconstitue l'hydratation et redonne de la douceur pour un blond étincelant et ensoleillé., Appliquez le soin démêlant sur cheveux mouillés. Rincez bien. Utilisez quotidiennement pour de meilleurs résultats. Attention : pour usage externe uniquement. Eviter le contact avec les yeux. Si cela se produit, rincer abondamment et immédiatement avec de l'eau., Aqua, glycerin, cetearyl alcohol, dimethicone, behentrimonium chloride, parfum, dimethiconol, PEG-14M, amodimethicone, propylene glycol, diazolinyl urea, trideceth-12, glycine, malic acid, cetrimonium chloride, Cl19140, benzyl alcohol, lactic acid, iodopropynyl butylcarbamate, vitis vinifera juice extract, alcohol citrus medica limonum peel extract, helianthus annuus seed extract, chamomilla recutita flower extract, tocopherol, peg-40 hydrogenated castor oil, vitis vinifera seed extract, butylphenyl methylpropional, limonene, hexyl cinnamal, linalool. Sans ammoniaque ni peroxyde., 12 mois après ouverture.]|"
34,60€ / L"|"
8,65 €"
2763|Soin démêlant hydrate+répare pour cheveux secs et abîmés.|Le flacon de 500ml|[Origine : UNION EUROPEENNE, Formule hydratante à l'huile d'Inca Inchi enrichi riche en oméga 3, répare les cheveux à l'aspect et au toucher abîmés, nourrissant les mèches pour restaurer douceur et brillance., Appliquez le soin démêlant sur cheveux mouillés. Rincez bien., 12 mois après ouverture.]|"
28,42€ / L"|"
14,21 €"
2764|Soin intense après coloration|Le tube de 150ml|[Origine : ROYAUME UNI]|"
51,40€ / L"|"
7,71 €"
2765|Spray coiffant, semi-permanent, lissage 3 jours, à la kératine|Le flacon de 100ml|[Origine : ROYAUME UNI, Transforme les cheveux bouclés et frisottants en un lissage soyeux qui dure jusqu'à 3 jours. Innovation Frizz-ease lissage 3 jours, spray coiffant semi-permanent.Notre formule révolutionnaire thermoactive à la kératine enveloppe chaque mèche pour fixer un lissage qui dure plus longtemps, sans alourdir le cheveu. Protège contre les dommages de la chaleur et bloque les frisottis., Vaporisez sur cheveux humides ou mouillés, pas sur cheveux secs. Commensez avec 7 à 15 vaporisations. Utilisez plus ou moins de produit selon votre volume de boucles, la longueur de vos cheveux et leur épaisseur. Répartissez à l'aide d'un peigne et lissez avec votre sèche-cheveux. Finissez au lisseur section par section. Sans risque pour les cheveux colorés ou traités chimiquement. Eviter de vaporiser dans les yeux. Si cela se produit, rincer abondamment immédiatement avec de l'eau. A utiliser exclusivement selon les instructions. Conserver hors de la portée des enfants., Aqua, alcohol, polysilicone-9, hydolyzed keratin, benzophenone-4, steartrimonium chloride, dipropylene glycol, benzyl alcohol, malic acid, lactic acid, sodium hydroxide, parfum, disodium edta, methylparaben, propylparaben, linalool, butylphenyl methylpropional, limonene., 12 mois après ouverture.]|"
107,00€ / L"|"
10,70 €"
2766|Spray Coiffant Quotidien, revitalise et sublime les boucles naturelles|Le spray de 200ml|[Origine : ALLEMAGNE, Revitalise et sublime les boucles naturelles pour une tenue sans frisottis de qualité salon. Il redéfinit, redonne élasticité et ressort aux boucles naturelles. Il rend les cheveux brillants et doux au toucher. Sans alcool. Avec bouclier thermo-protection., Agitez bien. Vaporisez généreusement sur cheveux humides et répartissez uniformément. Froissez quelques mèches pour obtenir des boucles bien dessinées. Laissez sécher à l'air libre ou au diffuseur., Aqua, glycerin, amodimethicone, vp/va copolymer, olive oil peg-7 esters, dimethicone peg-8 Meadowfoamate, magnesium sulfate, diazolidinyl urea, panthenol, vp/dimethylaminoethylmethacrylate copolymer, polyquaternium-11, cetrimonium chloride, trideceth-12, propylene glycol, methylparaben, propylparaben, parfum, citric acid, linalool, butylphenyl methylpropional, limonene., 12 mois après ouverture.]|"
54,55€ / L"|"
10,91 €"
2767|Spray termo-activé, boucles rebondies|Le spray de 100ml|[Origine : ROYAUME UNI, Il crée et resserre les boucles pour un style souple et élastique de qualité salon, qui tient jusqu'à 48 heures., Déverrouillez la gâchette en déplaçant la languette vers la droite ou la gauche. Vaporisez sur cheveux humides ou mouillés, pas sur cheveux secs. Commencez avec 10 à 16 vaporisations. Utilisez plus ou moins de produit selon la longueur et l'épaisseurde vos cheveux. Séchez à l'aide d'un diffuseur. Pour de meilleurs résultats, finissez en utilisant un fer à friser pour créer le style désiré., 12 mois après ouverture.]|"
109,10€ / L"|"
10,91 €"
2768|Crème, lissage intégral et protection, cheveux très secs, épais, indisciplinés|Le flacon de 200ml|[Origine : FRANCE, Vous rêvez d'un lissage impeccable, au volume maîtrisé ? Découvrez Liss Absolu Richesse, le nouveau programme professionnel sur mesure qui métamorphose la fibre pour un lissage intégral longue tenue., Usage quotidien. En préparation au lissage, appliquez de 3 à 7 noisettes de crème en fonction de la longueur et de l'épaisseur de la chevelure. Répartir le produit sur toute la longueur en étirant de la racine à la pointe. En finition, appliquez 1 à2 noisettes de crème pour protéger durablement votre résultat lissé. S'applique sur cheveux secs ou humides. Ne pas rincer., Aqua/water, cetearyl alcohol, cetyl esters, linalool, argania spinosa oil/argania spinosa kernel oil, geraniol, amodimethicone, trideceth-6, behentrimonium chloride, alpha-isomethyl ionone, coumarin, phenoxyethanol, limonene, xylose, cetrimonium chloride, citronellol, citral, hexyl cinnamal, butylphenyl methylpropional, benzyl alcohol, parfum/fragrance (FIL C39471/1)., 12 mois après ouverture.]|"
38,35€ / L"|"
7,67 €"
2769|Elixir concentré de nutrition sans rinçage, aux 2 huiles riches d'onagre et de sésame, pointes et zones très desséchées|Le flacon de 100ml|[Origine : FRANCE, Enrichie aux 2 huiles d'onagre et de sésame, la formule fondant et velouté de l'élixir Nutri-extrême Richesse imprègne les pointes desséchées pour les nourrir intensément, sans les alourdir.Votre chevelure est resplendissante sur toute sa longueur. Appréciez au toucher cette belle matière fluide et soyeuse !, Agiter avant utilisation. Ne pas rincer. Appliquez 2 ou 3 noisettes sur les zones concernées. Faire pénétrer en massant délicatement du bout des doigts., Aqua/water, cyclopentasiloxane, dimethiconol, C13-14 isoparaffin, sesamum indicum oil/sésame seed oil, alpha-isomethyl ionone, coumarin, phenoxyethanol, oenothera biennis oil/evening primrose oil, caprylyl glycol, laureth-7, citronellol, polyacrylamide, butylphenyl methylpropional, benzyl benzoate, benzyl salicylate, benzyl alcohol, parfum/fragrance (FIL C34627/1)., 12 mois après ouverture.]|"
77,10€ / L"|"
7,71 €"
2770|Elixir nutri-illuminant sans rinçage, cheveux blonds colorés ou décolorés|Le spray de 100ml|[Origine : FRANCE, L'élixir nutri illuminant blond californien offre à votre blond coloré tout le meilleur de la nutrition et de l'éclat pour un blond intact jour après jour.Votre blond coloré est nourri et illuminé. Eclat infaillible, comme un blond qui ne vire pas., Appliquer 2 à 3 noisettes sur les pointes sensibilisées en massant délicatement du bout des doigts pour faire pénétrer le soin., Aqua, isopropyl myristate, dimethicone, c13-14 isoparaffin, CI77891/titanium dioxide, mica, linalool, geraniol, amodimethicone, trideceth-6, alpha-isomethyl ionone, phenoxyethanol, cinnamyl alcohol, limonene, laureth-7, cetrimonium chloride, citronellol, passiflora incarnata/passiflora incarnata seed oil, polyacrylamide, ethylhexyl methoxycinnamate, hexyl cinnamal, benzyl salicylate, benzyl alcohol, parfum (FIL C50178/1)., 12 mois après ouverture.]|"
82,10€ / L"|"
8,21 €"
2771|Gelée fondante éclaircissante cheveux blonds|La boîte de 135ml|[Origine : FRANCE, Inspirée de la gestuelle coiffeur, la gelée fondante éclaircissante Blond Soleil Eclaircissant offre à vos cheveux un éclaircissement progressif. Son peigne-applicateur permet une application facile et précise pour un effet soleil ciblé : balayages,mèches ou pointes éclaircies. Vos cheveux châtains sont éclaircies progressivement pour un effet soleil sur-mesure., Eclaircissement permanent. Sur cheveux humides ou secs, appliquez le produit à l'aide du peigne-applicateur sur les zones à éclaircir, sans rinçage. L'éclaircissement léger obtenu est naturel et progressif. Il peut être accru par la chaleur du séchoir ou l'exposition au soleil. Après utilisation, rincez le peigne à l'eau chaude et revissez la capsule plate jusqu'à la prochaine utilisation. Contient du peroxyde d'hydrogène. Eviter le contact avec les vêtements. Porter des gants appropriés. Rincerimmédiatement les yeux si le produit entre en contact avec ceux-ci. Ce produit est exclusivement destiné à l'éclaircissement des cheveux. Il serait dangereux de s'en servir pour un autre usage. Ne pas appliquer en cas de cuir chevelu sensible, irrité ou abîmé. Ne pas utiliser si les cheveux ont été colorés par du henné ou une coloration progressive. Ne convient pas aux enfants. Ne pas laisser à la portée des enfants., Aqua / water, alcohol denat., hydrogen peroxide, ammonium acryloyldimethyltaurate / steareth 25 methacrylate crosspolymer, isopropyl myristate, sodium stannate, phosphoric acid, tetrasodium pyrophosphate, parfum / fragrance., 18 mois après ouverture.]|"
72,42€ / L"|"
11,95 €"
2772|Gelée fondante éclaircissante cheveux blonds|La boîte de 135ml|[Origine : FRANCE, Inspirée de la gestuelle coiffeur, la gelée fondante éclaircissante Blond Soleil Eclaircissant offre à vos cheveux un éclaircissement progressif. Son peigne-applicateur permet une application facile et précise pour un effet soleil ciblé : balayages,mèches ou pointes éclaircies. Vos cheveux blonds sont éclaircies progressivement pour un effet soleil sur-mesure., Eclaircissement permanent. Sur cheveux humides ou secs, appliquez le produit à l'aide du peigne-applicateur sur les zones à éclaircir, sans rinçage. L'éclaircissement léger obtenu est naturel et progressif. Il peut être accru par la chaleur du séchoir ou l'exposition au soleil. Après utilisation, rincez le peigne à l'eau chaude et revissez la capsule plate jusqu'à la prochaine utilisation. Contient du peroxyde d'hydrogène. Eviter le contact avec les vêtements. Porter des gants appropriés. Rincerimmédiatement les yeux si le produit entre en contact avec ceux-ci. Ce produit est exclusivement destiné à l'éclaircissement des cheveux. Il serait dangereux de s'en servir pour un autre usage. Ne pas appliquer en cas de cuir chevelu sensible, irrité ou abîmé. Ne pas utiliser si les cheveux ont été colorés par du henné ou une coloration progressive. Ne convient pas aux enfants. Ne pas laisser à la portée des enfants., Aqua / water, alcohol denat., hydrogen peroxide, ammonium acryloyldimethyltaurate / steareth 25 methacrylate crosspolymer, isopropyl myristate, sodium stannate, phosphoric acid, tetrasodium pyrophosphate, parfum / fragrance., 18 mois après ouverture.]|"
72,42€ / L"|"
11,95 €"
2773|Huile sublime, Nutri-lissante, Cheveux sur-lissés|Le flacon de 100ml|[Origine : FRANCE, Protégés de la chaleur du fer à lisser et gainés, vos cheveux sont parfaitement lisses et soyeux. Sa formule micro-huile, protège la fibre de la chaleur du fer à lisser pour un lissage fluide, sans frisottis et longue tenue comme à la sortie des salons., Le jour de votre shampooing, sur cheveux humides, sans rinçage, répartissez 2 à 3 pressions sur les zones concernées en insistant bien sur les pointes. Séchez puis lissez au fer mèche à mèche. En cas de contact avec les yeux, les rincer immédiatement., Cyclopentasiloxane, dimethiconol, argania spinosa oil/argania spinosa kernel oil, linalool, geraniol, camellia oleifera seed oil, limonene, pentaclethra macroloba oil/pentaclethra macroloba seed oil, benzyl salicylate, benzyl alcohol, parfum/fragrance., 18 mois après ouverture.]|"
65,84€ / L"|"
8,23 €"
2774|Huile sublime, Nutri régénérante pour cheveux dénaturés|Le flacon de 100ml|[Origine : EL SALVADOR, Sa formule huile sublime, aux 3 huiles précieuses d'argan, de camélia et de pracaxi, nourrit et répare en profondeur. Jamais alourdie, la chevelure est magnifiée., Appliquez 2 à 3 pressions sur les zones concernées en insistant bien sur les pointes et procédez au coiffage habituel. En cas de contact avec les yeux, les rincer immédiatement., Cyclopentasiloxane, dimethiconol, linalool, argania spinosa oil/ argania spinosa kernel oil, geraniol, camellia oleifera seed oil,  eugenol, coumarin, cinnamyl alcohol, limonene, pentaclethra macroloba oil/ pentaclethera macroloba seed oil, hexyl cinnamal, benzyl salicylate, benzyl alcohol, parfum, (FIL C54104/1)., 18 mois après ouverture.]|"
78,30€ / L"|"
7,83 €"
2775|Masque anti-dessèchement, cheveux très desséchés|Le pot de 250ml|[Origine : FRANCE, Pour retrouver une chevelure soyeuse et pleine de brillance, découvrez le nouveau programme de soins capillaires Nutri-extrême., Appliquez généreusement sur cheveux mouillés, laissez agir 3 ou 4 minutes, puis rincez abondamment. En cas de projection dans les yeux, rincez immédiatement., Aqua/water, cetearyl alcohol, behentrimonium chloride, glycerin, cetyl esters, amodimethicone, glycine, trideceth-12, methylparaben alpha-isomethyl, ionone, vitis vinifera/grappe seed oil, coumarin, phenoxyethanol, tocopheryl acetate, chlorhexidine,dihydrochloride, cetrimonium chloride, citric acid, panthenol, ethylhexyl methoxycinnamate, butylphenyl methylpropional, benzyl benzoate, benzyl salicylate, parfum/fragrance (FIL C20186/4)., 12 mois après ouverture.]|"
29,44€ / L"|"
7,36 €"
2776|Masque concentré de nutrition cheveux très desséchés, rêches et ternes|Le pot de 250ml|[Origine : FRANCE, Enrichie aux 2 huiles riches d'onagre et de sésame, la formule fondante et onctueuse du masque imprègne la chevelure pour la nourrir intensément et la regalber durablement sur toute la longueur., Après le shampooing, appliquez généreusement sur cheveux mouillés et bien essorés. Commencez par les pointes et remontez vers les racines. Laissez agir 5 minutes et rincer abondamment. En cas de projection dans les yeux, les rincer immédiatement., Aqua/water, cetearyl alcohol, paraffinum liquidum/mineral oil, dipalmitoylethyl hydroxyethylmonium methosulfate, cetyl esters, Cl19140/yellow 5, Cl15985/yellow 6, Cl77891/titanium dioxide, mica, sesamum indicum oil/sesame seed oil, amodimethicone, trideceth-6, methylparaben, alpha-isomethyl ionone, coumarin, oenothera biennis oil/evening primrose oil, cetrimonium chloride, citric acid, butylphenyl methylpropional, benzyl benzoate, benzyl salicylate, parfum/fragrance. (FIL C33853/1)., 12 mois après ouverture.]|"
29,04€ / L"|"
7,26 €"
2777|Masque fondant, Nutri-régénérant pour cheveux dénaturés|Le pot de 250ml|[Origine : FRANCE, Nourrie, protégée et réparée des agressions, votre chevelure retrouve sa matière et sa beauté naturelle., Appliquez sur cheveux mouillés. Laissez poser quelques minutes. Rincez. En cas de contact avec les yeux, les rincer immédiatement., Aqua, cetearyl alcohol, paraffinum liquidum/mineral oil, dipalmitoylethylmonium hydroxyethylmonium methosulfaten cetyl esters, bht, CI14700/red4, CI19140/yellow 5, linalool, geraniol, caramel, argania spinosa kernel oil camellia oleifera seed oil, coumarin, phenoxyethanol, chlorohexidine digluconate, limonene, cetrimonium chloride, citric acid, pentaclethra macroloba oil/pentaclethra macroloba, benzyl alcohol, parfum (FIL C53936/1)., 12 mois après ouverture.]|"
31,52€ / L"|"
7,88 €"
2778|Masque fondant nutri-lissant, cheveux sur-lissés, travaillés sous haute température|Le pot de 250ml|[Origine : FRANCE, Protégés de la chaleur et gainés, vos cheveux sont parfaitement lisses et soyeux. Sa formule micro-huile, protège la fibre de la chaleur pour un lissage fluide, sans frisottis et longue tenue., Appliquez sur cheveux mouillés. Laissez poser quelques minutes. Rincez. En cas de contact avec les yeux, les rincer immédiatement., Aqua/water, cetearyl alcohol, behentrimonium chloride, glycerin, cetyl esters, amodimethicone, argania spinosa oil/argania spinosa kernel oil, linalool, trideceth-6, methylparaben, limonene, chlorhexidine dihydrochloride, xylose, isopropyl alcohol, cetrimonium chloride, citronellol, hexyl cinnamal, butylphenyl, methylpropional, parfum/fragrance (f.i.l C164240/2)., 12 mois après ouverture.]|"
32,36€ / L"|"
8,09 €"
2779|Masque lissage intégral et protection, cheveux très secs, épais, indisciplinés, lissage parfait, volume maîtrisé longue tenue|Le pot de 250ml|[Origine : FRANCE, Seul un grand coiffeur connaît le secret d'un lissage parfait pour les cheveux les plus rebelles et sait recréer et protéger ce résultat salon chez vous.Découvrez Lisse Absolu Richesse, le 1er programme professionnel sur mesure qui métamorphose la fibre pour un lisage intégral longue tenue., Appliquez généreusement sur cheveux mouillés et bien essorés. Commencez par les pointes et remontez vers les racines. Laissez agir 3 minutes et rincez abondamment. En cas de contact avec les yeux, les rincer immédiatement., Aqua/water, cetearyl alcohol, behentrimonium chloride, glycerin, cetyl esters, amodimethicone, argania spinosa oil/argania spinosa kernel oil, linalool, trideceth-6, methylparaben, limonene, chlorhexidine dihydrochloride, xylose, cetrimonium chloride, citronellol, hexyl cinnamal, butylphenyl methylpropional, parfum/fragrance (FIL C38622/1)., 12 mois après ouverture.]|"
30,68€ / L"|"
7,67 €"
2780|Sérum soin et brillance sans rinçage, cheveux colorés, ternes, pro-vitamine B5 et anti-oxydant protecteur|Le flacon de 100ml|[Origine : FRANCE, Le sérum biphasé Réveil'color offre à vos cheveux une dose de soin pour réparer et une dose de brillance pour sublimer : sentez sous vos doigts cette douceur, regardez comme votre couleur vibre !, Démêlez soigneusement les cheveux, appliquez 8 à 12 vaporisations sur l'ensemble de la chevelure. S'applique sur cheveux secs ou humides. Peut s'utiliser quotidiennement. Agiter avant emploi. Ne pas rincer., Aqua/water, isododecane, phenyl trimethicone, cyclopentasiloxane, Cl17200/red 33, glycine, dimethiconol, methylparaben, alpha-isomethyl ionone, coumarin, chlorphenesin, tocopheryl acetate, citronellol, panthenol, butylphenyl methylpropional, benzyl benzoate, benzyl salicylate, parfum/fragrance (F.I.L. C25738/1)., 12 mois après ouverture.]|"
80,20€ / L"|"
8,02 €"
2781|Soin patine correcteur de blond, blond californien|Le tube de 125ml|[Origine : FRANCE, Sa formule enrichie en colorants bleus correcteurs et en huile de lin, nourrit intensément la fibre capillaire et corrige les reflets jaunes ou orangés., Une fois par semaine sur cheveux humides, appliquez 3 à 6 noisettes de soin en fonction de la longueur et de l'épaisseur de la chevelure. Répartir le produit sur toute la longueur en étirant de la racine à la pointe. Emulsionnez avec un peu d'eau puis laissez agir 5 à 10 min en fonction de l'intensité désirée. Rincez abondamment. Les colorants capillaires peuvent provoquer des réactions allergiques sévères. Ce produit n'est pas destiné à être utilisé sur les personnes de moins de 16 ans. Les tatouages temporaires noirs à base de henné peuvent augmenter le risque d'allergie. Ne vous colorez pas les cheveux si : vous présentez une éruption cutanée sur le visage ou si votre cuir chevelu est sensible, irrité ou abîme. Vous avez déjà fait une réaction après avoir coloré vos cheveux. Vous avez fait par le passé une réaction à un tatouage temporaire noir à base de henné. Il est obligatoire de faire un test d'allergie cutané impérativement 48 heures avant chaque utilisation de ce produit (se conformer à la notice). Penser à acheter votre produit à l'avance pour faire le test d'allergie cutanée 48 heures avant. Réalisation du test d'alerte allergie : enlever le boucles d'oreilles. Appliquer derrière l'oreille à l'aide d'un coton-tige suffisamment de produit colorant pour recouvrir une surface de la taille d'un centime d'euro. Réappliquer en laissant sécher dans l'intervalle. Reboucher soigneusement le produit colorant. Attendre 48h sans laver, ni couvrir ou toucher. Si au cours de cet, Aqua/water, cetearyl alcohol, behentrimonium chloride, hydroxypropyl starch phosphate, candelilla cera/candelilla wax, propylene glycol, cocamidopropyl betaine, sclerotium gum, acid violet 43, CI60730/ext violet 2, linalool, ethanolamine, geraniol, alpha-isomethyl ionone, sodium chloride, phenoxyethanol, limonene, chlorhexidine digluconate, isopropyl alcohol, citronellol, citric acid, poly (linseed oil), hexyl cinnamal, benzyl salicylate, benzyl alcohol, parfum/fragrance (FIL C161846/2)., 12 mois après ouverture.]|"
78,16€ / L"|"
9,77 €"
2782|Spray soleil éclaircissant, cheveux blonds naturels, sans rinçage|Le spray de 125ml|[Origine : FRANCE, Brillant et éclairci, votre blond retrouve ses reflets originels, pour un blond ensoleillé comme en été. Cette formule  inédite éclaircit naturellement votre blond comme un rayon de soleil., Sans mélange, ni rinçage, le spray soleil éclaircissant est facile d'utilisation. Au moment du coiffage, sur cheveux essorés, vaporisez uniformément ou seulement sur certaines mèches, puis coiffez selon vos envies. Contient de l'eau oxygénée. Eviterle contact du produit avec les yeux et les vêtements. Rincer immédiatement et abondamment les yeux si le produit entre en contact avec ceux-ci. Porter des gants appropriés. En cas de transport, isoler soigneusement le flacon. Ne pas utiliser chez l'enfant. Ne pas appliquer en cas de cuir chevelu sensible, irrité ou abimé. Ce produit est exclusivement réservé à l'éclaircissement des cheveux. Il serait dangereux de s'en servir pour un autre usage. Ne pas utiliser sur barbe et moustache. Ne pas utiliser si vous avez les cheveux colorés, y compris avec du henné ou une coloration progressive. Si vos cheveux sont permanentés ou lissés, l'éclaircissement sera plus prononcé. Il est donc préférable d'attendre 15 jours après la permanente avant d'appliquer ce produit. Ne pas vaporiser vers les yeux ou sur une peau irritée. Ne pas vaporiser vers une flamme, un corps incandescent ou une résistance chauffante. Tenir hors de la portée des enfants., Aqua, alcohol denat, hydrogen peroxide, acetanilid, peg-40 hydrogenated castor oil, polyquaternium-11, phosphoric acid, hexadimethrine chloride, parfum (FIL C51052/1)., 18 mois après ouverture. Stocker à l'abri de la chaleur et de la lumière.]|"
95,52€ / L"|"
11,94 €"
2783|Huile cristal, Million Gloss|Le flacon de 75ml|[Origine : ALLEMAGNE, Sa formule innovante à l'Elixir-Gloss concentré apporte aux cheveux une brillance éblouissante. Une goutte suffit pour des reflets éclatants comme millionisés. 4 rituels de soin : en ajoutant une goutte à votre shampooing, après rinçage sur cheveux essorés, en finition beauté, sur cheveux secs, en retouche, au cours de la journée., Utilisez avec modération (1 à 2 pressions). En rituel avec shampooing : ajoutez une goutte au creux de votre main à votre quantité de quotidienne de shampooing et mélangez. Appliquez sur cheveux mouillés, massez puis rincez soigneusement. Comme soinsans rinçage : appliquez sur cheveux essorés ou secs directement sur les longueurs et les pointes., Cyclomethicone, dimethiconol, prunus armeniaca kernel oil, octocrylene, parfum, hexyl cinnamal, benzyl salicylate, limonene, geraniol, citronellol, coumarin., A protéger contre les rayons du soleil.]|"
149,60€ / L"|"
11,22 €"
2784|Huile élixir 6 miracles|Le flacon de 75ml|[Origine : ALLEMAGNE, Une texture fabuleuse et une sélection sublime d'huiles précieuses pour répondre à 6 besoins capillaires essentiels en un seul geste. Un soin intense pour des cheveux somptueux. Hydrate sans alourdir pour une action anti-casse. Protège contre la chaleur durant l'utilisation du sèche cheveux et du fer à lisser. Réduit les fourches et renforce la fibre capillaire. Contrôle les frisottis et les mèches rebelles. Facilite le démêlage pour un toucher soyeux. Nourrit intensément la fibre pour une chevelure resplendissante et un tombé parfait., Utilisez avec modération (1 à 2 pressions). Appliquez en rituel avec shampooing, en ajoutant une goutte à votre quantité quotidienne de shampooing. Ou comme soin sans rinçage, en appliquant sur les longueurs et les pointes., Cyclomethicone, dimethiconol, caryocar brasiliense fruit oil, sclerocarya birrea seed oil, argania spinosa kernel oil, gardenia tahitensis flower extract, cocos nucifera oil, moringa pterygosperma seed oil, octocrylene, parfum, hexyl cinnamal, linalool, limonene, coumarin., 12 mois après ouverture. A protéger contre les rayons du soleil et contre le froid.]|"
150,40€ / L"|"
11,28 €"
2785|Huile nectar, Nutrition|Le flacon de 75ml|[Origine : ALLEMAGNE, Enrichi en nectar de fleurs précieuses, ce soin procure une souplesse incroyable à votre chevelure et la laisse parfaitement protégée. En ajoutant une goutte à votre shampooing, pour nourrir intensément les cheveux. Après le shampooing, sur cheveux rincés et essorés, pour un démêlage facile. En finition beauté, sur cheveux secs pour protéger la fibre capillaire des agression. En soin de nuit, pour sublimer votre chevelure., Utilisez avec modération (1 à 2 pressions). En rituel avec shampooing : ajouter une goutte au creux de votre main à votre quantité quotidienne de shampooing et mélangez. Appliquez sur cheveux mouillés, massez puis rincez soigneusement. Comme soin sans rinçage, appliquez sur cheveux essorés ou secs directement sur les longueurs et les pointes., Cyclomethicone, dimethiconol, prunus persica kernel oil, combretum farinosum flower nectar, helianthus annuus seed oil, octocrylene, parfum, benzyl salicylate, hexyl cinnamal, butylphenyl methylpropional, linalool, limonene, benzyl alcohol, alpha-isomethyl ionone, coumarin, citronellol, geraniol, Cl40800., 12 mois après ouverture. A protéger contre les rayons du soleil et contre le froid.]|"
150,40€ / L"|"
11,28 €"
2786|Lait  démêlant express, Million Gloss|Le flacon de 200ml|[Origine : ALLEMAGNE, La nouvelle formule aux constituants capillaires liquides identiques à ceux du cheveu comble précisément les zones endommagées pour une réparation intense. Vos cheveux sont ternes, éteints, sans éclat ? Gliss Million Gloss : sa formule réparatrice contient de l'Élixir-Gloss concentré. Résultats prouvés : démêlage facile et immédiat, formule innovante qui scelle la brillance autour de la fibre capillaire. Éclat longue durée sans alourdir. Reflets éclatants comme millionisés., Pour cheveux ternes, éteints, sans éclat. Conseils Professionnels Schwarzkopf : bien agiter le flacon ! Vaporisez sur cheveux essorés ou secs après chaque shampooing. Ne pas rincer. À utiliser régulièrement. Ne pas vaporiser vers les yeux.  Conserverle flacon à la verticale., 12 mois après ouverture. Tenir à lécart du soleil et du froid.]|"
26,00€ / L"|"
5,20 €"
2787|Masque brillance 10 jours, Million Gloss|La boite de 150ml|[Origine : ALLEMAGNE, La nouvelle formule aux constituants capillaires liquides identiques à ceux du cheveu comble précisément les zones endommagées pour une réparation intense. Vos cheveux sont ternes, éteints, sans éclats ? Gliss Million Gloss sa formule réparatrice contient de l'élixir-Gloss concentré., Avec rinçage. Répartir en massant sur cheveux mouillés et lavés, et laissez agir 1 minute. Rincez soigneusement. Usage fréquent., Aqua, cetearyl alcohol, behentrimonium chloride, glycol distearate, dimethicone, distearoylethyl hydroxyethylmonium methosulfate, dicaprylyl carbonate, prunus armeniaca kernel oil, amodimethicone/morpholinomethyl silsesquioxane copolymer, panthenol,cocodimonium hydroxypropyl hydrolyzed keratin, hydrolyzed keratin, glycerin, isopropyl alcohol, phenoxyethanol, methylparaben, parfum, polyquaternium-67, lactic acid, hexyl cinnamal, benzyl salicylate, limonene, trideceth-5, Cl42053., 12 mois après ouverture.]|"
41,87€ / L"|"
6,28 €"
2788|Huile de soin précieuse, Cheveux très abimés, Secs|Le flacon de 75ml|[Origine : ALLEMAGNE, Nourrit et sublime les cheveux. Soin intense en toute légèreté., Vaporisez (1-2 pressions) sur les longueurs et pointes. En soin quotidien : sur cheveux secs, pour nourrir la fibre capillaire. Avant le brushing : sur cheveux essorés, pour faciliter le coiffage et assurer une meilleure tenue. Le geste beauté : en finition sur cheveux secs, pour illuminer et structurer la chevelure., Cyclomethicone, trisiloxane, dimethiconol, helianthus annuus seed oil, argania spinosa kernel oil, parfum, benzyl alcohol, butylphenyl methylpropional, geraniol, hexyl cinnamal, citronellol, limonene, benzyl salicylate, linalool, alpha-isomethyl ionone, citral, CI 40800., 12 mois après ouverture. A protéger contre les rayons du soleil.]|"
127,60€ / L"|"
9,57 €"
2789|Lait démêlant express à l'huile précieuse nourrissante           Cheveux secs, fourchus, sur-sollicités|Un flacon de 200ml|[Origine : ALLEMAGNE, La nouvelle formule aux constituants capillaires liquides identiques à ceux du cheveu comble précisément les zones endommagées pour une réparation intense. Sa formule réparatrice est enrichie en huile précieuse nourrissante. Résultats : Démêlage facile & immédiat. Nourrit intensément et renforce la fibre capillaire, pour des cheveux sublimés. Redonne souplesse & luminosité aux cheveux très secs, fourchus et sur-sollicités., Bien agiter le flacon ! Vaporisez sur cheveux essorés ou secs après chaque shampooing. Ne pas rincer. Ne pas vaporiser vers les yeux. Tenir à lécart du soleil et du froid. Conserver le flacon à la verticale., Aqua, cyclomethicone, phenyl trimethicone, argania spinosa kernel oil, hydrolyzed keratin, cocodimonium hydroxypropyl hydrolyzed keratin, panthenol, dimethiconol, cetyl PEG/PPG-10/1 dimethicone, lactic acid, polyquaternium-16, parfum, cetrimonium chloride, sodium benzoate, hexyl cinnamal, linalool, limonene, phenoxyethanol, potassium sorbate, Cl 15985, Cl 47005., 12 mois après ouverture.]|"
26,00€ / L"|"
5,20 €"
2790|Lait démêlant express Hair Repair, racines grasses, pointes sèches|Le spray de 200ml|[Origine : ALLEMAGNE, Expert capillaires depuis plus de 100 ans, les professionnels Schwarzkopf créent Gliss, une gamme complète de soins capillaires., Aqua, cyclomethicone, phenyl trimethicone, dimethiconol, lactic acid, polyquaternium-16, PEG/PPG-18/18 dimethicone, pantolactone, panthenol, parfum, cetrimonium chloride, sodium benzoate, laurdimonium hydroxypropyl hydrolyzed wheat protein, hydrolyzed wheat protein, benzophenone-4, limonene, butylphenyl methylpropional, hexyl cinnamal, hydroxyisohexyl 3-cyclohexene carboxaldehyde, citronellol, Cl15985, Cl16255.]|"
26,50€ / L"|"
5,30 €"
2791|Masque nutrition intense, cheveux secs, fourchus, sur-sollicités, à l'huile préciseuse nourrissante|Le pot de 200ml|[Origine : ALLEMAGNE, La nouvelle formule aux constituants capillaires liquides identiques à ceux du cheveu comble précisément les zones endommagées pour une réparation intense. Nourrit intensément et renforce la fibre capillaire, redonne souplesse & luminosité aux cheveux secs et sur sollicités pour une chevelure sublimée. Agit en 1 min seulement., Pour cheveux secs, fourchus, sur-sollicités. Appliquez mèche à mèche sur cheveux rincé ou essorés. Laissez agir 1 minute puis rincez abondamment. A utiliser 2 à 3 fois par semaine., Aqua, cetearyl alcohol, behentrimonium chloride, glycol distearate, dimethicone, distearoylethyl hydroxyethylmonium methosulfate, dicaprylyl carbonate, argania spinosa kernel oil, hydrolyzed keratin, cocodimonium hydroxypropyl hydrolyzed keratin, panthenol, glycerin, isopropyl alcohol, phenoxyethanol, methylparaben, mica, parfum, polyquaternium-67, silica, citric acid, hexyl cinnamal, linalool, limonene, potassium sorbate, CI77891, CI77491, CI47005, CI15985., 12 mois après ouverture.]|"
36,00€ / L"|"
7,20 €"
2792|Masque réparation ultra-ciblée, cheveux extrêment abîmés, secs|Le pot de 200ml|[Origine : ALLEMAGNE, La nouvelle formule aux constituants capillaires liquides identiques à ceux du cheveu comble précisément les zones endommagées pour une réparation intense. Agit en 1 minute seulement., Appliquez mèche à mèche sur cheveux rincés et essorés. Laissez agir 1 minute puis rincez abondamment. A utiliser 2 à 3 fois par semaine., Aqua, cetearyl alcohol, behentrimonium chloride, glycol distearate, dimethicone, distearoylethyl hydroxyethylmonium methosulfate, dicaprylyl carbonate, polyquaternium-37, cocodimonium hydroxypropyl hydrolyzed keratin, hydrolyzed keratin, panthenol, phenoxyethanol, methylparaben, parfum, propylene glycol, propylene glycol, propylene glycol dicaprylate/dicaprate, PPG-1 trideceth-6, citric acid, hexyl cinnamal, sodium sulfates, linalool, limonene., 12 mois après ouverture.]|"
31,40€ / L"|"
6,28 €"
2793|Masque soin anti-casse, Total repair|Le pot de 200ml|[Origine : ALLEMAGNE, La formule du masque Gliss Total Repair contient 19 ingrédients actifs. Jusqu'à 100% de cheveux cassés en moins*. Pour des cheveux intensément nourris et brillants. Agit en 1 minute. *Mesure instrumentale en laboratoire après brossage de cheveux traités avec ce produit vs des cheveux non traités., Appliquez mèche à mèche sur cheveux rincés et essorés. Laissez agir 1 minute puis rincez abondamment. A utiliser 2 à 3 fois par semaine., Aqua, cetearyl alcohol, behentrimonium chloride, glycol distearate, dimethicone, distearoylethyl hydroxyethylmonium methosulfate, dicaprylyl carbonate, polyquaternium-37, propylene glycol, glycerin, panax ginseng root extract, arginine, acetyl tyrosine, arctium majus root extract, hydrolyzed soy protein, peg-12 dimethicone, polyquaternium- 11, niacinamide, ornithine HCl, citrulline, biotin, panthenol, cocodimonium hydroxypropyl hydrolyzed keratin, hydrolyzed keratin, parfum, phenoxyethanol, methylparaben, propylene glycol dicaprylate/dicaprate, ppg-1 trideceth-6, citric acid, vanilline, linalool., 12 mois après ouverture.]|"
36,00€ / L"|"
7,20 €"
2794|Soin réparation + gloss, réparation ultra-ciblée, cheveux extrêmement abîmés, secs|Le flacon de 100ml|[Origine : ALLEMAGNE, Gliss Ultimate Repair sa formule répare même les zones extrêmement abîmées. Répare la fibre capillaire jusqu'à 95% de cheveux cassés en moins. Brillance gloss., Bien agiter le flacon ! Vaporisez sur les cheveux lavés et essorés. Ne pas rincer ! Inflammable. Ne pas vaporiser vers les yeux. Grader hors de la portée des enfants., Aqua, alcohol denat, trisiloxane, PEG-7 glyceryl cocoate, glycerin, stearamidopropyl dimethylamine, cetrimonium chloride, cocodimonium hydroxypropyl hydrolyzed keratin, hydrolyzed keratin, panthenol, lactic acid, parfum, sodium sulfate, hexyl cinnamal, linalool, limonene, CI19140, CI17200., 12 mois après ouverture. Tenir à l'abri des rayons du soleil et du froid.]|"
70,60€ / L"|"
7,06 €"
2795|Ultimate huile précieuse sérum, cheveux secs, fourchus, sur-sollicités|Le spray de 100 ml|[Origine : ALLEMAGNE, Nourrit intensément et renforce la fibre capillaire, sans alourdir. Redonne souplesse & luminosité aux cheveux très secs, fourchus pour une chevelure sublimée., Vaporisez sur cheveux essorés ou secs après chaque shampooing. Ne pas rincer. Déconseillé aux cheveux décolorés, blancs ou permanentés. Ne pas vaporiser vers les yeux. Ne pas laisser à la portée des enfants., Alcohol denat, trisiloxane, cyclomethicone, argania spinosa kernel oil, helianthus annuus seed oil, octocrylene, vp/va copolymer, parfum, aqua, mica, silica, hexyl cinnamal, linalool, limonene, CI 77891, CI77491, CI40800., 12 mois après  ouverture. A protéger contre les rayons du soleil.]|"
72,00€ / L"|"
7,20 €"
2796|BB baume de beauté, Omega repair, Cheveux abîmés, Secs|Le flacon de 100ml|[Origine : ALLEMAGNE]|"
102,50€ / L"|"
10,25 €"
2797|Crystal brillance, Cheveux normaux, Ternes|Le flacon de 100ml|[Origine : ALLEMAGNE]|"
101,50€ / L"|"
10,15 €"
2798|Diamond color, Huile lumière, Cheveux colorés ou méchés|Le flacon de 75ml|[Origine : ALLEMAGNE]|"
154,53€ / L"|"
11,59 €"
2799|Huile finition beauté, Cheveux normaux, Ternes|Le flacon de 75ml|[Origine : ALLEMAGNE, Brillance glamour. Reflets sublimés., Cheveux normaux, ternes. Avant-shampooing, pour un soin ultra léger. Après-shampooing, pour lisser la fibre capillaire. En finition, pour donner une touche de lumière 100% glamour., Cyclomethicone, dimethiconol, prunus armeniaca kernel oil, octocrylene, parfum, hexyl cinnamal, linalool, limonene, benzyl salicylate, alpha-isomethyl ionone, coumarin, geraniol, citronellol., 12 mois après ouverture. Tenir à l'écart du soleil.]|"
154,53€ / L"|"
11,59 €"
2800|Lotion volume racines, Biotine+ volume, Cheveux fins, sans volume|Le flacon de 100ml|[Origine : ALLEMAGNE]|"
102,50€ / L"|"
10,25 €"
2801|Masque intense, Diamond color, Cheveux colorés ou méchés|Le pot de 200ml|[Origine : ALLEMAGNE]|"
40,45€ / L"|"
8,09 €"
2802|Masque intense, Omega repair, Cheveux abîmés, Secs|Le pot de 200ml|[Origine : ALLEMAGNE]|"
40,45€ / L"|"
8,09 €"
2803|Spray booster brillance, Diamond color, Cheveux colorés ou méchés|Le flacon de 100ml|[Origine : ALLEMAGNE]|"
102,50€ / L"|"
10,25 €"
2804|Spray démêlant, Biotine+ volume, Cheveux fins, Sans volume|Le flacon de 200ml|[Origine : ALLEMAGNE]|"
34,75€ / L"|"
6,95 €"
2805|Crème de soin nutrition intense sans rinçage, à l'huile d'avocat et beurre de karité, cheveux très secs ou frisés|Le flacon de 200ml|[Origine : FRANCE, Nourris intensément, vos cheveux sont extrêmement faciles à coiffer. Ils sont incroyablement souples, brillants et doux au toucher.Véritable recette de nutrition intense pour les cheveux très secs ou frisés, la crème de soin Nutrition Intense GarnierUltra Doux combine les vertus assouplissantes de l'huile d'Avocat et les propriétés hautement nutritives du Beurre de Karité, dans une crème de soin onctueuse et légère qui fond dans vos cheveux., A utiliser chaque jour au moment du coiffage sur cheveux secs ou mouillés. Secouer le flacon tête en bas, puis le presser. Répartir la crème dans vos cheveux. Pas besoin de rincer. Et procéder au coiffage. En cas de contact avec les yeux, les rincerimmédiatement., Aqua/water, cetearyl alcohol, cetyl esters, Cl19140/yellow 5, Cl15985/yellow 6, phenoxyethanol, behentrimonium chloride, trideceth-6, limonene, linalool, benzyl salicylate, benzyl alcohol, amodimethicone, persea gratissima oil/avocado oil, butyrospermum parkii butter/shea butter, cetrimonium chloride, butylphenyl methylpropional, citronellol, coumarin, hexyl cinnamal, parfum/fragrance (FIL C34896/1)., 12 mois après ouverture.]|"
24,05€ / L"|"
4,81 €"
2806|Crème de soin réparation intense sans rinçage, à la mangue et fleur de tiaré, cheveux secs, abîmés|Le flacon de 200ml|[Origine : FRANCE, La crème de soin Réparation Intense Garnier Ultra Doux associe la Mangue, aux vertus nourrissantes et réparatrices, à la Fleur de Tiaré réputée pour ses propriétés adoucissantes et satinantes.Une crème de soin onctueuse et veloutée qui fond dans voscheveux. Résultat : nourris, vos cheveux sont comme repulpés, reposés, jusqu'aux pointes. Ils retrouvent toute leur souplesse et leur vitalité. Faciles à coiffer, ils sont brillants, doux au toucher comme satinés., À utiliser chaque jour au moment du coiffage sur cheveux secs ou mouillés. Secouez le flacon tête en bas, puis le presser. Répartir la crème dans vos cheveux. Pas besoin de rincer. Et procéder au coiffage., Aqua/water, cetearyl alcohol, cetyl esters, Cl19140/yellow5, Cl17200/red 33, cocos nucifera oil/coconut oil, phenoxyethanol, behentrimonium chloride, trideceth-6, limonene, mangifera indica seed oil/mango seed oil, benzyl alcohol, benzyl salicylate,linalool, amodimethicone, geraniol, gardenia tahitensis flower, cetrimonium chloride, coumarin, hexyl cinnamal, parfum/fragrance (FIL C36534/1)., A utiliser dans les 12 mois après ouverture.]|"
23,65€ / L"|"
4,73 €"
2807|Huile merveilleuse, Tous les types de cheveux|Le flacon de 150ml|[Origine : FRANCE, Véritable embellisseur capillaire, l'huile merveilleuse associe 2 huiles de légendes aux vertus multiples. Une pression suffit pour faire des merveilles : nutrition, souplesse, brillance etc., A appliquer sur longueurs et pointes, mèche à mèche., Cyclopentasiloxane, dimethiconol, argania spinosa oil/argania spinosa kernel oil, ethylhexyl methocinnamate, camellia oleifera seed oil, limonene, linalool, benzyl alcohol, geraniol, citronellol, hexyl cinnamal, parfum (FIL C51607/1)., 18 mois après ouverture.]|"
66,27€ / L"|"
9,94 €"
2808|Masque nourrissant, huiles d'argan et camélia, pour cheveux secs|Le pot de 300ml|[Origine : FRANCE, Nourris en profondeur et protégés jusqu'aux pointes, vos cheveux retrouvent une souplesse et une douceur incomparables. Ils deviennent brillants et resplendissent de beauté. Dans sa nouvelle recette de soin pour les cheveux secs, Garnier Ultra doux associe 2 huiles précieuses aux vertus merveilleuses. Héritée des secrets de beauté des femmes marocaines, l'huile d'argan aux propriétés nutritives se mêle à l'huile de camélia, réputée pour apporter éclat et douceur à vos cheveux., Appliquez sur les longueurs et les pointes. Laissez poser 3 à 5 minutes pour un résultat optimal et rincez., Aqua, cetearyl alcohol, quaternium-87, paraffinum liquidum/mineral oil, behentrimonium chloride, cetyl esters, glycerin, CI19140/yellow5, CI14700/red4, hydroxyethylcellulose, phenoxyethanol, argania spinosa oil/argania spinosa kernel oil, camellia oleifera seed oil, limonene, linalool, benzyl alcohol, propylene glycol, isopropyl alcohol, caprylyl glycol, geraniol, citronellol, citric acid, hexyl cinnamal, parfum (FIL C158281/1). Sans paraben, sans silicone., 12 mois après ouverture.]|"
20,90€ / L"|"
6,27 €"
2809|Masque nutrition intense à rincer, à l'huile d'avocat et de beurre de karité, cheveux très secs ou frisés|Le pot de 300ml|[Origine : FRANCE, Véritable recette de nutrition intense pour les cheveux très secs et frisés, Garnier Ultra Doux a mélanger de l'huile d'avocat aux propriétés assouplissantes et du beurre de karité aux vertus hautement nutritives, dans une crème onctueuse et légère qui fond instantanément dans vos cheveux. Résultat : nourris intensément et extrêmement faciles à coiffer, vos cheveux sont réparés et assouplit en profondeur. Ils retrouvent une douceur et une brillance irrésistibles, et regorgent de santé., 3 minutes de plaisir pour ressourcer vos cheveux. Enrobez-les d'une crème velouté soyeuse qui agit en profondeur, pour un moment de pur détente. Après le rinçage, vos cheveux sont nourris en profondeur et retrouvent une douceur incomparable.  En casde projection dans les yeux, les rincer immédiatement., Aqua/water, cetearyl alcohol, behentrimonium chloride, glycerin, cetyl esters, amodimethicone, Cl19140/yellow 5, Cl15985/yellow 6, trideceth-6, chlorhexidine dihydrochloride, dimethyl tin dineodecyl ester, persea gratissima/avocado oil, methylparaben, butyrospermum parkii/shea butter, cetrimonium chloride, hexyl cinnamal, parfum/fragrance (FIL C25242/1).]|"
20,43€ / L"|"
6,13 €"
2810|Masque reconstituant, Cheveux fragiles, Cassants|Le pot de 300ml|[Origine : FRANCE]|"
21,27€ / L"|"
6,38 €"
2811|Masque réparateur après-soleil|Le pot de 300ml|[Origine : FRANCE, Garnier Ultra Doux crée une recette de soin délicieusement ensoleillée, idéale pour garder des cheveux sublimes tout l'été. L'huile de Monoï, réputée pour ses puissantes vertus nourrissantes, réparatrices et protectrices, se mêle au Néroli, huile précieuse extraite de la fleur d'oranger, reconnue pour son arôme floral exquis et ses propriétés relaxantes. Résultat : vos cheveux exposés au soleil, à la plage ou à la piscine sont nourris intensément, réparés et protégés. Assouplis et démêlés sur toute la longueur, ils sont plus faciles à coiffer. Sa texture riche se rince facilement et enveloppe vos cheveux d'un parfum paradisiaque., Appliquez sur les longueurs et les pointes. Laissez poser 3 à 5 minutes pur un résultat optimal et rincez. Attention ne pas avaler. Ne pas laisser à la portée des enfants. En cas de contact avec les yeux, les rincer immédiatement., 12 mois après ouverture.]|"
20,90€ / L"|"
6,27 €"
2812|Masque réparateur intense à la mangue et fleur de tiaré à rincer, extraits naturels, cheveux secs, abîmés|Le pot de 300ml|[Origine : FRANCE, Nourris, vos cheveux sont comme repulpés, réparés jusqu'aux pointes.Véritable recette de nutrition et réparation pour les cheveux secs, abîmés, le masque soin Garnier Ultra Doux associe la mangue à la fleur de tiaré dans une crème onctueuse et veloutée qui fond instantanément dans vos cheveux., Après votre shampooing, appliquez généreusement jusqu'aux pointes. Laissez agir 3 minutes et rincez. En cas de contact avec les yeux, les rincer immédiatement., Aqua/water, cetearyl alcohol, dipalmitoylethyl hydroxyethylmonium methosulfate, cetyl esters, Cl19140/yellow 5, Cl17200/red 33, cocos nucifera oil/coconut oil, sodium hydroxyde, trideceth-6, benzoic acid, mangifera indica seed oil/mango seed oil, benzyl alcohol, benzyl salicylate, linalool, amodimethicone, caprylyl glycol, gardenia tahitensis flower, cetrimonium chloride, coumarin, hexyl cinnamal, parfum/fragrance (FIL C36822/1)., A utiliser dans les 12 mois après ouverture.]|"
20,90€ / L"|"
6,27 €"
2813|Trèsors reconstituant, Ciment spécial pointes|Le tube de 50ml|[Origine : FRANCE, Sur les cheveux, la formule de ce sérum agit comme un ciment elle scelle et lisse les pointes fourchues. Son parfum subtil et gourmand aux notes miellées vous accompagnera toute la journée., Attention à ne pas avaler. Ne pas laisser à la portée des enfants. En cas de contact avec les yeux, les rincer immédiatement., 18 mois après ouverture.]|"
171,00€ / L"|"
8,55 €"
2814|Huile élixir, Nutrition intense, Cheveux très secs, Frisés|Le flacon pompe de 150ml|[Origine : FRANCE, Pour sa recette, Le Petit Marseillais s'est inspiré de leurs rituels de beauté et a sélectionné l'huile de karité et l'huile d'argan. 1 huile élixir pour 4 utilisations : avant le shampooing : pour nourrir intensément et réparer. Avant le brushing :pour faciliter le coiffage. En soin régulier : pour sublimer. L'été : pour protéger du dessèchement., Appliquez sur les longueurs et les pointes., Glycine soja oil, argania spinosa kernel oil, butyrospermum parkii oil, lecithin, ascorbyl palmitate, tocopherol, parfum, benzyl salicylate, coumarin, hexyl cinnamal, limonene, linalool, benzyl benzoate, citronellol. Sans paraben., 12 mois après ouverture.]|"
71,33€ / L"|"
10,70 €"
2815|Masque nutrition intense huile de karité et huile d'argan|Le pot de 300ml|[Origine : FRANCE, Aqua, Isopropyl Alcohol  Aqua  Behentrimonium Chloride, Cetearyl Alcohol, Oleic/Linoleic/Linolenic Polyglycerides, Glycerin, Polyquaternium-22  Aqua, Polyester-11, Virgin Argan Oil, Shea Oil, Sodium Benzoate, Parfum, Citric Acid, CI15985, CI19140,]|"
19,87€ / L"|"
5,96 €"
2816|Masque protection et Réparation, Sève d'olivier et au lait d'acacia|Le pot de 300ml|[Origine : FRANCE, Intensément nourris et réparés, vos cheveux sont plus forts de la racine jusqu'au pointes et sont plus faciles à démêler. Eclatants de santé, ils sont plus beaux, plus doux, plus brillants. 2 ingrédients récoltés sous le soleil du bassin méditerranéen : l'extrait de sève d'olivier, liquide vital de l'arbre, reconnu pour sa résistance, l'acacia, arbuste dont les feuilles sont récoltées à la main dans le Sud de la France., Cheveux abîmés, fragilisés. Appliquez le masque sur toute la longueur des cheveux lavés et essorés. Laissez agir 3 minutes pour un maximum d'efficacité et rincez soigneusement. Sa texture crémeuse au parfum agréable n'alourdit pas les cheveux., 12 mois après ouverture.]|"
19,87€ / L"|"
5,96 €"
2817|Masque soin au beurre de karité et au miel, cheveux secs, abîmés et cassants|Le pot de 300ml|[Origine : FRANCE, L'efficacité des ingrédients naturels du Sud Le beurre de karité, utilisé pour ses vertus réparatrices, est associé au miel aux propriétés nourrissantes. Nourris, vos cheveux sont fortifiés. Ils retrouvent douceur, vitalité et souplesse. Naturellement., Appliquez sur toute la longueur des cheveux lavés et essorés, laissez agir 3 minutes pour un maximum d'efficacité et rincez soigneusement à l'eau tiède ou froide., Aqua, cetyl alcohol, cyclomethicone, behentrimonium chloride glyceril stearate, ceteth-20, cetearyl alcohol, cocos nucifera, methoxy PEG/PPG 7/3 aminopropyl dimethicone, butyrospermum parkii butter, parfum, steareth-20, potassium sorbate, guar hydroxypropyltrimonium chloride, cetrimonium chloride, citric acid, propylene glycol, gardenia tahitensis, methylisothiazolinone, mel extract, tocopherol, Cl19140, Cl15985., 12 mois après ouverture.]|"
17,53€ / L"|"
5,26 €"
2818|Spray soin & Brillance, sans rinçage|Le flacon de 200ml|[Origine : FRANCE, Spray soin brillance Le Petit Marseillais illumine les cheveux en un seul geste sans les alourdir. Les propriétés naturelles des ingrédients : l'extrait de fleur de coton est réputé pour ses vertus adoucissantes. Le vinaigre de fruit est traditionnellement reconnu pour éliminer les résidus des cheveux et les faire briller., Sans rinçage, appliquez quelques vaporisations sur cheveux secs ou humides., Aqua, polyquaternium-22, acetum, ficus carica fruit extract, gossypium herbaceum flower extract, ppg-26-buteth-26, glycerin, propylene glycol, peg-40 hydrogenated castor oil, polysorbate 20, lactic acid, sodium benzoate, potassium sorbate., 12 mois après ouverture.]|"
22,40€ / L"|"
4,48 €"
2820|Nutri spray sous la douche, Cheveux secs|Le flacon de 200ml|[Origine : FRANCE, Enrichie en huiles d'abricot, de mangue et d'amande, sa formule pénètre immédiatement les cheveux pour les transformer des racines jusqu'aux pointes., Sous la douche, après chaque shampooing, appliquer 10 à 12 vaporisations sur cheveux mouillés. Répartir uniformément avec les mains. Rincer immédiatement. Eviter le contact avec les yeux ou les peaux sensibles. En cas de contact avec les yeux, les rincer immédiatement., Aqua/water, quaternium-87, stearyl alcohol, behentrimonium chloride, cetyl esters, niacinamide, saccharum officinarum extract/sugar cane extract, trideceth-6, polysorbate 20, chlorhexidine digluconate, limonène, camellia sinensis leaf extract, candelilla cera/candelilla wax, linalool, benzyl salicylate, benzyl alcohol, mangifera indica seed oil/ mango seed oil, propylène glycol, amodimethicone, isopropyl alcohol, 2-oleamido-1,3-octadecanediol, pyrus malus extract/apple fruit extract, pyridoxine,hci, potato starch modified, citric acid, butylphenyl methylpropional, cetrimonium chloride, citrus medica limonum peel extract/lemon peel extract, prunus amygdalus dulcis oil/sweet almond oil, prunus armeniaca kernel oil/apricot kernel oil, hexyl cinnamal, parfum/fragrance (FIL C164310/2)., 12 mois après ouverture.]|"
41,70€ / L"|"
8,34 €"
2821|Sérum, Matière & densité sans rinçage|Le flacon de 50ml|[Origine : FRANCE, Vous rêvez d'une chevelure visiblement plus abondante, épaisse au toucher ? Fructis Matière & Densité est fait pour vous ! Ce sérum apporte force, résistance, épaisseur à vos longueurs affinées., Aqua / water, hydroxyethylcellulose, vp/va copolymer, ci 19140 / yellow 5, ci 17200 / red 33, phenoxyethanol, peg-40 hydrogenated castor oil, triethanolamine, aminopropyl triethoxysilane, benzyl alcohol, linalool, punica granatum extract, 2-oleamido-1,3-octadecanediol, methylisothiazolinone, hexyl cinnamal, styrene/acrylates copolymer, amyl cinnamal, parfum / fragrance. ( f. i . L c163402/2).]|"
156,40€ / L"|"
7,82 €"
2822|Huile miraculeuse|Le flacon de 150ml|[Origine : FRANCE]|"
68,60€ / L"|"
10,29 €"
2823|Masque fortifiant Oil Repair, pour cheveux desséchés, sensibilisés, abîmés|Le pot de 300ml|[Origine : FRANCE, La force unique de 3 huiles pour une triple nutrition. Huile d'olive : nourrit en profondeur. Huile d'avocat : nourrit et assouplit. Huile de karité : nourrit et adoucit., Répartir généreusement sur cheveux essorés, laisser pauser 1 minute et rincer. En cas de contact avec les yeux, les rincer immédiatement., Aqua/water, cetearyl alcohol, behentrimonium chloride, peg-180, cetyl esters, niacinamide, ribes nigrum / black currant seed oil, saccharum officinarum extract/sugar cane extract, hydroxyethylcellulose, olea europaea oil/olive fruit oil, trideceth-6,chlorhexidine dihydrochloride, camellia sinensis extract/camellia sinenis leaf extract, benzyl alcohol, linalool, amodimethicone, isopropyl alcohol, pyrus malus extract/apple fruit extract, pyridoxine HCI, persea gratissima oil/avocado oil, methylparaben, butyrospermum parkii butter/shea butter, citric acid, cetrimonium chloride, butylphenyl methylpropional, citrus medica limonum peel extract/lemon peel extract, parfum/fragrance. (FIL C42540/2)., 12 mois après ouverture.]|"
21,80€ / L"|"
6,54 €"
2824|Nutri-repair, démêlant-soin instantané, sans rinçage, cheveux secs, abîmés|Le spray de 150ml|[Origine : FRANCE, Enrichie en sève de bambou, sa formule nourrit les boucles pour un ressort et une définition longue durée. Nourris et réparés, les cheveux redeviennent soyeux, fluides & lumineux en 1 seul geste., Bien secouer le flacon et appliquer sur cheveux essorés ou secs, ne pas rincer. Une texture si légère qu'elle peut être utilisée tous les jours. Eviter de vaporiser sur une peau irritée ou vers les yeux. En cas de contact avec les yeux, les rincer immédiatement et abondamment avec de l'eau., Aqua/water, isododecane, cyclopentasiloxane, Cl19140/yellow 5, Cl15985/yellow 6, niacinamide, saccharum officinarum extract/sugar cane extract, phenyl trimethicone, phenoxyethanol, behentrimonium chloride, trideceth-5, trideceth-10, polyquaternium-16, polyaminopropyl biguanide, dimethiconol, dimethicone, camellia sinensis extract/camellia sinensis leaf extract, benzyl alcohol, linalool, amodimethicone, pyrus malus extract/apple fruit extract, pyridoxine hci, persea gratissima oil/avocado oil, citric acid, butylphenyl methylpropional, citronellol, citrus medica limonum peel extract/lemon peel extract, laureth-23, laureth-4, prunus armeniaca kernel oil/apricot kernel oil, parfum/fragrance (FIL C34629/1)., 12 mois après ouverture.]|"
30,80€ / L"|"
4,62 €"
2825|Masque réparateur, Fleur de lotus & jojoba|Le pot de 300ml|[Origine : FRANCE, Cette formule exceptionnelle hydrate, ravive et rend la fibre capillaire soyeuse et souple, pour des cheveux sains et éclatants naturellement !, Appliquer sur les longueurs et pointes. Pour une utilisation quotidienne, rincer soigneusement. Pour réhydrater en profondeur, laisser reposer 3 à 5 min et rincer abondamment à l'eau tiède. Eviter le contact avec les yeux, si cela se produit, rincerabondamment à l'eau., Aqua, cetearyl alcohol, behentrimonium chloride, cetyl esters, parfum, cetrimonium chloride, isopropyl alcohol, butyrospermum parkii, cocos nucifera (coconut) oil, panthenol, simmondsia chinensis (jojoba) seed oil, glycerin, bis-isobutyl peg/ppg-20/35/amodimethicone copolymer, cetyl ethylhexanoate, magnesium nitrate, benzyl alcohol, polysorbate 80, butylene glycol, nelumbium speciosum flower extract, gluconolactone, magnesium chloride, sodium benzoate, methylchloroisothiazolinone, potassium sorbate, methylisothiazolinone., 12 mois après ouverture.]|"
24,00€ / L"|"
7,20 €"
2826|S.O.S.Help Me!, Masque réparateur|Le pot de 300ml|[Origine : ROYAUME UNI, SOS Help Me ! Le Masque. La superstar des traitements réparateur. Quand les cheveux ont besoin d'une solution de choc.Avec ses extraits de karité il restructure les cuticules tout en apportant de la brillance., Masser une noisette de masque des racines aux pointes. Laisser reposer 3 minutes et rincer abondamment. Eviter le contact avec les yeux. Si cela se produit, rincer abondamment à l'eau., Aqua (water), cetearyl alcohol, behentrimonium chloride, cetyl esters, glycerin, boswellia serrata (olibanum) gum, butyrospermum parkii (shea butter), panthenol, parfum (fragrance), glycereth-26, tetrasodium edta, cetrimonium chloride, dipropylene glycol, isopropyl alcohol, citric acid, magnesium nitrate, magnesium chloride, benzyl alcohol, methylchloroisothiazolinone, methylisothiazolinone., 12 mois après ouverture.]|"
24,00€ / L"|"
7,20 €"
2827|Après-Shampoing, Miracle moist|Le flacon de 250ml|[Origine : FRANCE, Finis les matins à se prendre la tête avec ses cheveux ! Notre formule spéciale, à l'huile de noix de macadamia d'Australie, aide à hydrater et adoucir les cheveux., Pour cheveux secs, abîmés et malheureux. Pour un meilleur résultat nous conseillons de commencer par le shampoing Aussie Miracle Moist puis de passer en douceur à ce fabuleux après-shampoing ! Rincer à l'eau tiède., Aqua, cetyl alcohol, stearamidopropyl dimethylamine, stearyl alcohol, quaternium-18, benzyl alcohol, cetearyl alcohol, hydroxypropyl guar, parfum, bis-aminopropyl dimethicone, oleyl alcohol, glyceryl stearate, citric acid, polysorbate 60, edta, limonene, magnesium nitrate, aloe barbadensis leaf juice, macadamia ternifolia seed oil, Cl 19140,  methylchloroisothiazolinone, magnesium chloride, methylisothiazolinone, Cl 17200, ascorbic acid, sodium benzoate, sodium sulfite, potassium sorbate., 12 mois après ouverture.]|"
28,80€ / L"|"
7,20 €"
2828|Soin intensif, Colour|Le flacon de 250ml|[Origine : FRANCE, Revitalise et régénère. Notre formule spéciale à l'extrait de pêche sauvage d'Australie est une concoction étonnante. En seulement 3 minutes, elle aide à transformer les cheveux rêches en une chevelure canon, revitalisée et éclatante., Commencer par le shampoing Aussie Color Mate, appliquer un splotch de produit et laisser poser sur les cheveux (selon leur état de manque). Rincer à l'eau tiède., 12 mois après ouverture.]|"
37,04€ / L"|"
9,26 €"
2829|Soin intensif, Frizz remedy|Le flacon de 250ml|[Origine : FRANCE, Lisse et contrôle les frisottis. Pour moins de frisottis et des cheveux souples et brillants, voici notre formule unique à l'aloe vera et huile de graines de jojoba d'Australie !, Après le shampoing, appliquer un splotch de 3 Minute Miracle Frizz Remedy et laisser poser 1 à 3 minutes. Rincer à l'eau tiède., 12 mois après ouverture.]|"
37,04€ / L"|"
9,26 €"
2830|Soin intensif, Luscious long|Le flacon de 250ml|[Origine : FRANCE, Douceur soyeuse. Notre formule de soin intensif à l'extrait d'eucalyptus d'Australie et à l'huile d'avocat, pénètre et nourrit chaque cheveu des racines aux pointes, et aide à limiter la casse due au brossage., Démarrer avec le shampoing Aussie Luscious Long puis appliquer le soin sur cheveux propres et essorés et laisser poser 1 à 3 minutes. Rincer à l'eau tiède., 12 mois après ouverture.]|"
28,80€ / L"|"
7,20 €"
2831|Soin intensif, Reconstructor|Le flacon de 250ml|[Origine : FRANCE, Redonne souplesse et brillance. En 3 minutes chrono, notre formule spéciale à l'extrait de mélisse citronnelle d'Australie, aide à transformer les cheveux secs et abîmés en une crinière brillante et facile à coiffer., Appliquer un splotch de 3 Minute Miracle sur cheveux propres et humides. Laisser agir de 1 à 3 minutes. Rincer à l'eau tiède., 12 mois après ouverture.]|"
37,04€ / L"|"
9,26 €"
2832|Soin intensif, Shine|Le flacon de 250ml|[Origine : FRANCE, Super brillance. Ce soin miracle nourrit profondément et lisse les cheveux, les rendant resplendissants en 3 minutes à peine. Inspirée d'anciens secrets de beauté d'Australie, cette formule combine des extraits de ginseng d'Australie et à la poudre de perles scintillantes., Après le shampoing Miracle Shine, répartir sur les cheveux. Rincer et chercher une coiffure belle et lumineuse., 12 mois après ouverture.]|"
37,04€ / L"|"
9,26 €"
2833|Karité, crème de soin, sans rinçage|Le pot de 300ml|[Origine : FRANCE, Enrichie en karité, la Crème de Soin DOP démêle et nourrit intensivement les cheveux très secs ou frisés.Vos cheveux font le plein de souplesse, de douceur et de brillance, ils sont incroyablement doux au toucher et beaux à regarder., Chaque jour, au moment du coiffage, appliquer sur cheveux secs ou humides la crème de soin DOP au Karité. Ne pas rincer. Procéder à la mise en forme des cheveux. En cas de projection dans les yeux, les rincer immédiatement., Aqua/water, cetearyl alcohol, amodimethicone, cetyl, esters, linalool, trideceth-6, behentrimonium chloride, coumarin, phenoxyethanol, limonene, cetrimonium chloride, butyrospermum parkii butter/shea butter, hexyl cinnamal, benzyl alcohol, parfum/fragrance, C38711/1., 12 mois après ouverture.]|"
15,60€ / L"|"
4,68 €"
2834|Masque minute, Après-shampooing|Le tube de 180ml|[Origine : FRANCE, Riche comme un masque, mais rapide et léger comme un après-shampooing. Il laisse vos cheveux instantanément nourris jusqu'aux pointes., Appliquez sur cheveux mouillés, laissez poser une minute. Rincez pour un résultat instantané., Aqua, cetearyl alcohol, dimethicone, stearamidopropyl dimethylamine, lactic acid, behentrimonium chloride, glycerin, parfum, dipropylene glycol, petrolatum, paraffinum liquidum, PEG-180M, amodimethicone, sodium chloride, trehalose, gluconolactone, PEG-150 distearate, DMDM hydantoin, disodium EDTA, PEG-7 propylheptyl, ether, sodium hydroxyde, cetrimonium chloride, phenoxyethanol, benzyl salicylate, butylphenyl methylpropional, citronellol, hexyl cinnamal, hydroxycitronellal, linalool, CI 15985, CI 19140., 12 mois après ouverture.]|"
23,72€ / L"|"
4,27 €"
2835|Masque professionnel, Extra riche|Le pot de 400ml|[Origine : FRANCE, Ultra-nutrition & détente. Beurre de karité & huile de coco., Idéal cheveux méditerranéens. Appliquez généreusement sur cheveux mouillés, laissez agir 3 ou 4 minutes, puis rincez abondamment. En cas de contact avec les yeux, les rincer immédiatement., Aqua/water, cetearyl alcohol, paraffinum liquidum/mineral oil, dipalmitoylethyl hydroxyethylmonium methosulfate, cetyl esters, Cl19140/yellow 5, Cl14700/red 4, methylparaben, cocos nucifera oil/coconut oil, cetrimonium chloride, citric acid, butyrospermum parkii butter/shea butter, hexyl cinnamal, benzyl salicylate, benzyl alcohol, parfum/fragrance. (F.I.L. C47614/1)., 12 mois après ouverture.]|"
18,78€ / L"|"
7,51 €"
2837|Masque professionnel réparation intense au céramide reconstituant|Le pot de 400 ml|[Origine : FRANCE, Céramide reconstituant. Restaure & renforce., Appliquez généreusement sur cheveux mouillés, laissez agir 3 ou 4 minutes, puis rincer abondamment. En cas de contact avec les yeux, les rincer immédiatement., Aqua/water, cetearyl alcohol, elaeis guineensis oil/palm oil, behentrimonium chloride, stearamidopropyl dimethylamine, glycerin, methylparaben, 2-oleamido-1,3-octadecanediol, chlorhexidine dihydrochloride, citric acid, hexyl cinnamal, butylphenyl methylpropional, parfum/fragrance (F.I.L. C38403/1)., 12 mois après ouverture.]|"
18,40€ / L"|"
7,36 €"
2838|Soin professionnel reconstituant anti-casse|Le flacon de 300ml|[Origine : FRANCE]|"
25,37€ / L"|"
7,61 €"
2839|Soin professionnel ultra-nourrissant sans rinçage, Beurre de karité & huile de coco, Cheveux épais, très secs ou frisés|Le flacon de 300ml|[Origine : FRANCE, Mon soin professionnel nutrition+, enrichi au beurre de karité et à l'huile de coco nourrit intensément & assouplit la fibre. Vos cheveux sont disciplinés, souples & durablement brillants., Le jour de votre shampooing, appliquez une noisette sur cheveux mouillés, en insistant bien sur les pointes. Au quotidien, utilisez en retouche sur cheveux secs, pour dompter les frisottis ou redéfinir vos boucles., Aqua/water, cetearyl alcohol, cetyl esters, Cl19140/yellow 5, Cl17400/red 4, amodimethicone, trideceth-6, behentrimonium chloride, phenoxyethanol, cocos nucifera oil/coconut oil, limonene, isopropyl alcohol, cetrimonium chloride, butyrospermum parkiibutter/shea butter, hexyl cinnamal, benzyl salicylate, benzyl alcohol, parfum/fragrance (F.I.L. C47617/1)., 12 mois après ouverture.]|"
24,00€ / L"|"
7,20 €"
2840|Soin protecteur de chaleur sans rinçage|Le flacon de 300ml|[Origine : FRANCE, Le 1er spray protecteur de chaleur jusqu'à 180°C qui facilite le coiffage. Sa formule enrichie en actif protecteur de chaleur agit comme un bouclier contre les méfaits des appareils chauffants.Son format généreux permet un usage jour après jour. Protégés de la chaleur, vos cheveux sont doux et faciles à mettre en forme., Agitez avant usage. Appliquez sur l'ensemble de la chevelure avant d'utiliser votre séchoir, fer a lisser ou autres appareils chauffants. Peut s'utiliser quotidiennement. Ne pas rincer. En cas de contact avec les yeux, rincer immédiatement., Aqua/water, dimethicone, stearyl alcohol, peg-40 hydrogenated castor oil, linalool, amodimethicone, trideceth-6, behentrimonium chloride, salicylic acid, phenoxyethanol, xylose, isopropyl alcohol, laureth-4, laureth-23, cetrimonium chloride, citronellol, hexyl cinnamal, butylphenyl methylpropional, benzyl salicylate, benzyl alcohol, parfum/fragrance. (F.I.L. C41266/1)., 12 mois après ouverture.]|"
24,53€ / L"|"
7,36 €"
2841|Gelée éclaircissante, Effet soleil|Le pot de 150ml|[Origine : FRANCE, Reflets blonds lumineux et ensoleillés, éclaircissement progressif. Effet méché. Effet Tie & Die. Application ultra-facile, pour cheveux châtains à blonds. Sans rinçage., Appliquer à la main sur cheveux lavés et essorés ou secs pour le look de vos envies ! Pour un effet méché, appliquer des racines aux pointes pour ensoleiller et donner du contraste à vos cheveux. Pour un effet Tie & dye, appliquer uniquement sur lespointes. Ne pas appliquer sur cheveux colorés. Ne couvre pas les cheveux blancs. Ne pas utiliser sur une couleur naturelle plus foncée que châtain. Si vos cheveux sont plus prononcé, il est préférable d'attendre une quinzaine de jours après la permanente avant d'utiliser le produit. Contient du peroxyde d'hydrogène. Eviter le contact avec les yeux, la peau et les vêtements. Porter des gants appropriés. Rincer immédiatement et abondamment les yeux si le produit entre en contact avec ceux-ci. Ce produit est exclusivement destiné à l'éclaircissement des cheveux. Il serait dangereux de s'en servir pour un autre usage. Ne pas appliquer si vous avez le cuir chevelu sensible, irrité ou abîmé. Ne convient pas aux enfants. Tenir hors de la portée des enfants., Aqua/water, alcohol denat, hydrogen peroxide, ammonium acryloyldimethyltaurate / steareth 25 methacrylate, crosspolymer, isopropyl myristate, chamomilla recutita extract / matricaria flower extract, sodium stannate, benzyl salicylate, benzyl alcohol,linalool, benzyl benzoate, propylene glycol, phosphoric acid, geraniol, tetrasodium pyrophosphate, coumarin, hexyl cinnamal, parfum / fragrance. Fil C161390/2., 18 mois après ouverture.]|"
12,56€ / Pce"|"
12,56 €"
2842|Pur monoï Tahiti AO, soin capillaire, cheveux secs et abîmés|le flacon de 100ml|[Origine : FRANCE, Grâce à l'effet nourrissant et réparateur du monoï, ce soin capillaire est idéal pour les cheveux secs, abîmés ou cassants. L'association du monoï et d'un hydratant capillaire aide à protéger les cheveux du dessèchement, leur apporte brillance et facilite leur coiffage. Appellation d'origine : 97,5%., Appliquez en insistant sur les pointes. Ne pas rincer. Ne pas avaler. Eviter le contact avec les yeux. En cas de contact, rincer abondamment à l'eau claire., Cocos nucifera (coconut) oil, gardenia tahitensis flower extract, parfum (fragrance), phytantriol, tocopherol, amyl cinnamal, linalool, benzyl salicylate, butylphenyl methylpropional, benzyl benzoate, benzyl alcohol, géraniol., Eviter l'exposition prolongée à la chaleur et à la lumière. A utiliser dans les 12 mois après ouverture.]|"
78,20€ / L"|"
7,82 €"
2843|Elixir soin brillance, Tous types de cheveux|Le spray de 125ml|[Origine : FRANCE, L'Elixir Soin Brillance Lovea Nature enrichi en huile d'Argan nourrissante, protège tous les types de cheveux. Sa texture non grasse concentrée en nacres sublime votre chevelure., En cas de contact avec les yeux, rincez abondamment à l'eau claire., Cyclopentasiloxane, cyclohexasiloxane, dimethiconol, argania spinosa kernel oil, silica dimethyl silylate, parfum (fragrance), alcohol denat, tocophérol, helianthus annuus (sunflower) seed oil, synthetic fluorphlogopite, cl77891, cl77491, benzyl salicylate, coumarin, hexyl cinnamal, limonène, linalool., 12 mois après ouverture.]|"
63,33€ / L"|"
7,60 €"
2844|Masque nutritif karité, Cheveux secs|Le pot de 500ml|[Origine : FRANCE, Masque au karité pour les cheveux secs., Répartir le masque sur cheveux essorés. Masser délicatement. Laisser agir 5 minutes environ puis rincer soigneusement., Aqua (water), cetyl alcohol, glyceryl stearate, butyrospermum parkii butter, cetrimonium chloride, panthenol, parfum (fragrance), ceteareth-20, bht, benzophenone-4, magnesium nitrate, pantolactone, cl19140, cl15985, methylchloroisothiazolinone, magnesium chloride, methylisothiazolinone, alpha isomethyl ionone, benzyl salicylate, hexyl cinnamal, linalool., 12 mois après ouverture.]|"
13,14€ / Pce"|"
6,57 €"
2845|Masque, AgeDefy|Le pot de 200ml|[Origine : FRANCE, Des cheveux qui paraissent jusqu'à 10 ans plus jeunes*                    * épaissit temporairement les mèches de cheveux existantes en les protégeant., Utilisez 1 à 2 fois par semaine après le shampooing pour hydrater, aider à renforcer et réparer les cheveux fourchus et ternes. Appliquez sur les cheveux en commençant par les pointes jusqu'aux racines. Laissez le masque agir pendant 2 minutes et rincez abondamment., Alcohol, parfum, bis-peg-4 dimethicone, benzyl alcohol, disodium edta, panthenol, panthenyl ethyl ether, lysine hcl c12-13 pareth-3, C12-13, pareth-23, hexyl cinnamal, limonene, butylphenyl methylpropional, linalool, methyl tyrosinate hcl, benzyl salicylate, histidine, sodium hydroxide, phenoxyethanol, magnesium nitrate, cl19140, citric acid, methylchloroisothiazolinone, Cl17200, magnesium chloride, methylisothiazolinone, cl42090., 12 mois après ouverture.]|"
43,25€ / L"|"
8,65 €"
2846|Traitement AgeDefy|Le spray de 125ml|[Origine : FRANCE, Des cheveux qui paraissent jusqu'à 10 ans plus jeunes*                    * épaissit temporairement les mèches de cheveux existantes en les protégeant.]|"
82,32€ / L"|"
10,29 €"
2847|Karité cashmere, Soin instantané|Le flacon de 150ml|[Origine : ALLEMAGNE, Le Soin Instantané Gliss Karité Cashmere enrichi en beurre de Karité nourrit la fibre capillaire et offre à vos cheveux souplesse et toucher cashmere., Appliquez sur vos cheveux essorés après chaque shampooing. Ne pas rincer. Evitez le contact avec les textiles !, Aqua, dimethicone, polyquaternium-37, propylene glycol dicaprylate/dicaprate, propylene glycol, amodimethicone, phenoxyethanol, ppg-1 frideceth-6, dimethiconol, sodium methylparaben, parfum, panthenol, citric acid, laurdimonium hydroxypropyl hydrolyzed wheat protein, butyrospermum parkii butter, polyquaternium-10, trideceth-12, benzyl salicylate, hydrolyzed keratin, hexyl cinnamal, butylphenyl methylpropional, linalool, limonene, cetrimonium chloride, benzyl alcohol, alpha-isomethyl ionone, coumarin, citronellol, cl 47005, cl 17200., Consommer 12 mois après ouverture.]|"
36,73€ / L"|"
5,51 €"
2848|Brume sublimante, Aux huiles précieuses|Le spray de 150ml|[Origine : FRANCE]|"
40,47€ / L"|"
6,07 €"
2849|Créme bluffante au Gingembre sans rincage|Le flacon de 250ml|[Origine : FRANCE, Le geste miracle pour sauver les cheveux abimés, ternes & fins. A la racine fraîche de gingembre et de thé vert, cette crème aérienne révèle l'éclat de la couleur & protège des dégâts liés à la chaleur du coiffage et aux UV. En coup de fouet dans lajournée elle hydrate, démêle et lisse les frisotis. Le cheveu revit, il devient fort, soyeux et éclatant., Sur cheveux épongés après le shampooing, répartir dans la chevelure en insistant sur les pointes. Peigner et coiffer. L'astuce du Pro : en retouche, utilisez sur cheveux secs pour refaire un plein d'énergie & de fraîcheur dans la chevelure. Eviter lecontact pur avec les yeux, en cas d'irritation, arrêter l'utilisation., Aqua (water), cetearyl alcohol, glyceryl stearate, peg-100 stearate, propylene glycol, cetrimonium chloride, phenoxyethanol, dimethicone, phenyl trimethicone, sodium benzoate, sodium laneth-40 maleate/styrene sulfonate copolymer, parfum, polyquaternium-37, propylene glycol dicaprylate/dicaprate, panthenol, limonene, hexyl cinnamal, benzophenone-4, xanthan gum, ppg-1 trideceth-6, sorbitol, camellia sinensis leaf extract, zingiber officinalis (ginger) root extract, linalool, potassium sorbate, eugenol, citral., 12 mois après ouverture.]|"
37,88€ / L"|"
9,47 €"
2850|Crème lissante & douceur|Le spray de 100ml|[Origine : FRANCE, Le 'must have' des produits professionnels pour la finition du coiffage. L'huile de jojoba pour l'éclat et la douceur. La vitamine E pour hydrater, nourrir & protéger. Ce soin crème tout à fait unique nourrit & renforce le cheveu, le laissant lisse &apaisé. Coiffer vos cheveux sera un pur régal car elle les rendra brillants et soyeux., Idéal pour apaiser tous types de cheveux, longs ou courts ! A la première utilisation, presser pour libérer la crème. Presser quelques noisettes de crème dans la paume des mains et appliquer le long des cheveux secs et coiffés. L'effet doux et brillant est assuré. Réservé à l'usage externe., A utiliser dans les 12 mois après ouverture.]|"
94,70€ / L"|"
9,47 €"
2851|Goutte magique sérum, à huile de jojoba & vitamine E, brillance &force.|Le flacon 50ml|[Origine : FRANCE, Une petite goutte de miracle qui rend le cheveux plus fort, plus doux, plus soyeux., Du bout des doigts, appliquer la goutte magique de la racine vers les pointes. Sur cheveux humides, la goutte magique transforme la texture du cheveu. Elle le rend plus épais & plus doux. Sur cheveux secs, d'un seul coup de goutte magique, les mèchesrebelles sont effacées & les cheveux métamorphosés en une matière douce, fluide a soyeuse., Cyclopentasiloxane, cyclomethicone, dimethiconol, phenyl trimethicone, simmondsia chinensis (jojoba) seed oil, tocopheryl acetate, parfum, phenoxyethanol, butylphenyl methylpropional, linalool, alpha-methyl ionone, geraniol, hydroxycitronellal, citronellol, benzyl alcohol., 12 mois après ouverture.]|"
242,00€ / L"|"
12,10 €"
2852|Masque nutrition éclatante|Le pot de 200ml|[Origine : FRANCE, Un soin intense pour dorloter les cheveux abîmés & exalter la couleur. La fabuleuse huile de Babassu protège & nourrit instantanément. L'abricot, l'amande et le blé répare la texture externe et lui redonne brillance & couleur., Pour réparer & raviver, utilisez le masque 1 fois par semaine. Commencez par le shampooing & démêlant puis appliquez sur les cheveux mouillés en massages légers. Concentrez-vous sur les pointes. Laissez 3-30 min puis rincez soigneusement à l'eau tiède. Eviter le contact avec les yeux. En cas d'irritation, arrêter l'utilisation., Aqua (water), cetearyl alcohol, glyceryl stearate, peg-100 stearate, stearamidopropyl dimethylamine, dicetyldimonium chloride, prunus armeniaca (apricot) kernel oil, cetrimonium chloride, babassu (orbignya oleifera) oil, parfum, dimethicone, phenoxyethanol, prunus amygdalus dulcis (sweet almond) seed oil, sodium benzoate, panthenol, citric acid, hydroxyethylcellulose, propylene glycol, benzophenone-4, limonene, caramel, disodium edta, ethylhexyl methoxycinnamate, laureth-8, tocopherol, butylphenyl methylpropional, alpha-isomethyl ionone, hexyl cinnamal, succinoglycan, methylchloroisothiazolinone, methylisothiazolinone., 12 mois après ouverture.]|"
45,80€ / L"|"
9,16 €"
2853|Masque réparation éblouissante|Le tube de 100ml|[Origine : FRANCE, Cette crème de soin intensément riche est conçue pour réparer instantanément les dommages causés par la chaleur du séchage et des colorations. L'huile d'abricot apporte la douceur et aide à protéger le cheveu. L'huile d'avocat et le beurre de karités'ajoutent aux agents experts galbants et reconstituants pour donner de la texture et protéger durablement., Après le shampooing, massez les cheveux en insistant sur les pointes et les mèches abîmées. Laissez reposer 3 min puis rincez abondamment. Eviter le contact pur avec les yeux. En cas d'irritations, arrêter l'utilisation., Aqua, cetearyl alcohol, glyceryl stéarate, peg-100 stéarate, stearamidopropyl dimethylamine, cetrimonium chloride, silicone quaternium-22, parfum, dimethicone, behenyl alcohol, prunus armeniaca (apricot) kernel oil, sodium benzoate, phenoxyethanol, persea gratissima (avocado) oil, hydroxyethyl cetearamidopropyldimonium chloride, panthenol, citric acid, ppg-3 myristyl ether, hydroxyethylcellulose, polyquaternium-10, prunus amygdalus dulcis (sweet almond) oil, limonène, disodium edta, ethylhexyl methoxycinnamate, butyrospermum parkii (shea butter), laureth-8, linalool, tocophérol, citral, succinoglycan, pentaerythrityl tetra-di-t-butyl hydroxyhydrocinnamate, methylchloroisothiazolinone, methylisothiazolinone., 12 mois après ouverture.]|"
97,30€ / L"|"
9,73 €"
2854|Kit, Mini serum gloss brillance & mini laque fixation forte|La boîte de 105ml|[Origine : FRANCE, Contrôles les frisottis et apporte aux cheveux une brillance et un lissage incroyable. N'alourdit pas les cheveux., Le sérum s'utilise sur cheveux secs ou mouillés. Faites chauffer 1 pression de sérum dans la paume de vos mains puis appliquez dur les longueurs et les pointes. Eviter les racines. Tenez la laque verticalement et vaporisez à 25 cm de vos cheveux après les avoir coiffés. Bien secouer avant utilisation. Ne pas vaporiser vers les yeux. Récipient sous pression. Ne pas percer ou brûler même après usage. Ne pas vaporiser vers une flamme ou un objet incandescent. Conserver et utiliser à l'écart de toute flamme ou source d'ignition et d'étincelles, source de chaleur, appareil électrique en fonctionnement. Ne pas fumer. Conserver hors de la portée des enfants. Eviter d'inhaler intentionnellement. Utiliser seulement dans des zones bien ventilées., Sérum : cyclopentasiloxane, isododecane, dimethiconol, parfum, phenyl trimethicone, amodimethicone, alpha isomethyl ionone, benzyl alcohol, benzyl salicylate, butylphenyl methylpropional, citral, citronellol, coumarin, geraniol, hexyl cinnamal, hydroxycitronellal, limonene, linalool. Laque : alcohol denat, butane, propane, acrylates copolymer, aqua, isobutane, aminomethyl propanol, parfum, pvp, peg-8 dimethicone, dimethicone, alpha isomethyl ionone, benzyl alcohol, benzyl salicylate, butylphenylmethylpropional, citral, citronellol, coumarin, geraniol, hexyl cinnamal, hydroxycitronellal, limonene, linalool., 12 mois après ouverture. A protéger contre les rayons solaires et à ne pas exposer à une température supérieure à 50°C.]|"
8,65€ / Pce"|"
8,65 €"
2855|Masque regénérant, soin profond|Le pot de 250ml|[Origine : FRANCE, Réparation et reconstruction avancées pour une douceur et une brillance démultipliées., Appliquez sur cheveux propres et mouillés. Laissez poser 3 à 5 minutes puis rincez abondamment. A utiliser exclusivement selon les instructions. Eviter le contact avec les yeux. Si cela se produit, rincer immédiatement abondamment avec de l'eau. Si une irritation survient, arrêter l'utilisation du produit immédiatement., Aqua, cetearyl alcohol, dimethicone, stearamidopropyl dimethylamine, lactic  acid, behentrimonium chloride, glycerin, parfum (fragrance), hydroxypropyl methylcellulose, dipropylene glycol amodimethicone, petrolatum, polyurethane-39, paraffinum liquidum (mineral oil), sodium chloride, trehalose, gluconolactone, peg-180m, adipic acid, sodium sulfate, disodium edta, peg-7 propylheptyl ether, cetrimonium chloride, magnesium nitrate, magnesium chloride, silica, phenoxyethanol, dmdm hydantoin, benzoicacid, dehydroacetic acid, ethylhexylglycerin, methylchloroisothiazolinone, methylisothiazolinone, citronellol, geraniol, limonene, linalool., 9 mois après ouverture.]|"
46,10€ / L"|"
9,22 €"
2856|Sérum magique, Glamour|Le flacon de 30ml|[Origine : FRANCE, Aide à prévenir les frisottis ou les cheveux électriques. Apporte une brillance éclatante et une finition glossy., S'utilise sur cheveux secs ou mouillés. Faites chauffer 2 pressions de sérum dans la paume de vos mains puis appliquez sur les longueurs et les pointes. Evitez les racines. Eviter le contact avec les yeux. Si cela se produit rincer immédiatement et abondamment avec de l'eau. Si une irritation survient, arrêter l'utilisation du produit immédiatement., Cyclopentasiloxane, dimethiconol, parfum, phenyl trimethicone, amodimethicone, alpha isomethyl ionone, benzyl alcohol, benzyl salicylate, butylphenyl methylpropional, citral, citronellol, coumarin, geraniol, hexyl cinnamal, hydroxycitronellal, limonene, linalool., 12 mois après ouverture.]|"
339,67€ / L"|"
10,19 €"
2857|Soin nourissant sans rinçage|Le tube de 100ml|[Origine : ITALIE]|"
92,20€ / L"|"
9,22 €"
2858|Spray protection chaleur, Matière lisse & fini parfait|Le flacon pompe de 150ml|[Origine : FRANCE, Hydrate les cheveux et aide à les protéger des dommages causés par la chaleur lors du coiffage jusqu'à 230°C., Aqua (water), dimethiconol, vp/va copolymer, tea-dodecylbenzenesulfonate, peg-40 hydrogenated castor oil, glycerin, dimethiconol/silsesquioxane copolymer, laureth-23, parfum (fragrance), peg/ppg-20/15 dimethicone, citric acid, disodium edta, dmdm hydantoin, methylisothiazolinone, alpha-isomethyl ionone, benzyl alcohol, benzyl salicylate, butylphenyl methylpropional, citral, citronellol, coumarin, geraniol, hexyl cinnamal, hydroxycitronellal, limonene, linalool., 12 mois après ouverture.]|"
61,47€ / L"|"
9,22 €"
2859|Gel coiffant, effer mouillé, tenue longue durée|Le tube de 150ml|[Origine : BELGIQUE, Le gel coiffant effet mouillé Monoprix vous permet de modeler votre coiffure et de donner à vos cheveux une effet mouillé. Sa texture, non collante, se fond très facilement dans les cheveux, pour une coiffure brillante et souple, sans sensation de gras. Grâce à la tenue longue durée du gel coiffant, votre coiffure garde son aspect mouillé et brillant sans dessécher ni durcir le cheveux. Testée sous contrôle dermatologique sa formule enrichie en vitamine PP et en provitamine B5, respecte vos cheveux et les laisse brillants et doux au toucher. Le gel coiffant Monoprix s'élimine facilement au shampooing ou au brossage sans laisser de résidus., Appliquez sur cheveux secs ou humides pour sculpter ou fixer vos cheveux. Etalez une noisette de gel avec vos mains ou au peigne sur l'ensemble de la coiffure ou simplement sur les mèches souhaitées. Séchez à l'air libre ou au sèche-cheveux., Aqua, glycerin, alcohol denat., acrylates/hydroxyesters acrylates copolymer, acrylates/beheneth-25 methacrylate copolymer, aminomethyl propanol, peg/ppg-14/4 dimethicone, pentaerythrityl tetra-di-t-butyl hydroxyhydrocinnamate, peg-40 hydrogenated castor oil, panthenol, pantolactone, citric acid, niacinamide, parfum, tetrasodium edta, propylene glycol, benzoic acid, sodium benzoate, phenoxyethanol, methylisothiazolinone., 12 mois après ouverture.]|"
17,33€ / L"|"
2,60 €"
2860|Gel coiffant, fixation béton, tenue longue durée|Le pot de 250ml|[Origine : BELGIQUE, La formule ultra puissante du gel coiffant Monoprix fixation béton vous permet de sculpter et de fixer tous les tyles de coiffure, même les plus extrêmes et inventifs. Sa texture, non collante et non grasse, se fond très facilement dans vos cheveux,pour une coiffure impeccable toute la journée. Grâce à la tenue longue durée du gel, vos cheveux reviennent en place et votre coiffure résiste à toute épreuve (vent, pluie ). Testée sous contrôle dermatologique, sa formule enrichie en vitamine PP eten provitamine B5, respecte vos cheveux. Le gel coiffant Monoprix s'élimine facilement au shampooing ou au brossage sans laisser de résidus., Appliquez sur cheveux secs ou humides pour sculpter ou fixer vos cheveux. Etalez une noisette de gel avec vos mains ou au peigne sur l'ensemble de la coiffure ou simplement sur les mèches souhaitées. Séchez à l'air libre ou au sèche-cheveux., Aqua, alcohol denat, acrylates/steareth-20 methacrylate crosspolymer, acrylates/hydroxyesters acrylates copolymer, aminomethyl propanol, peg-40 hydrogenated castor oil, peg/ppg-14/4 dimethicone, propylene glycol, pentaerythrityl tetra-di-t-butyl hydroxyhydrocinnamate, panthenol, pantolactone, citric acid, niacinamide, parfum, tetrasodium edta, benzoic acid, sodium benzoate, phenoxyethanol, methylisothiazolinone., 12 mois après ouverture.]|"
10,40€ / L"|"
2,60 €"
2861|Gel coiffant, fixation extra-forte, tenue longue durée|Le pot de 250ml|[Origine : BELGIQUE, Le gel coiffant fixation extra forte Monoprix vous permet de fixer tous les styles de coiffure. Sa texture, non collante et non grasse, se fond très facilement dans vos cheveux, pour une coiffure impeccable. Grâce à la tenue longue durée du gel coiffant, votre coiffure reste fixée et vos cheveux sont protégés de l'humidité. Testée sous contrôle dermatologique, sa formule enrichie en vitamine PP et en provitamine B5, respecte vos cheveux et les laisse brillants sans les dessécher. Le gel coiffantMonoprix s'élimine facilement au shampooing ou au brossage sans laisser de résidus., Appliquez sur cheveux secs ou humides pour sculpter ou fixer vos cheveux. Etalez une noisette de gel avec vos mains ou au peigne sur l'ensemble de la coiffure ou simplement sur les mèches souhaitées. Séchez à l'air libre ou au sèche-cheveux., Aqua, PVP, polyquaternium-68, aminomethyl propanol, peg-40, hydrogenated castor oil, panthenol, pantolactone, citric acid, niacinamide, acrylates/C10-30 alkyl acrylate crosspolymer, parfum, tetrasodium edta, ethylhexylglycerin, propylene glycol, methylisothiazolinone, phenoxyethanol, polyaminopropyl biguanide., 12 mois après ouverture.]|"
10,16€ / L"|"
2,54 €"
2862|Gel coiffant, fixation forte, sans résidus, non collant, tenue longue durée|Le tube de 150ml|[Origine : BELGIQUE, Le gel coiffant fixation forte Monoprix vous permet de fixer tous les styles de coiffure. Sa texture, non collante, se fond très facilement dans vos cheveux, pour une coiffure impeccable, sans sensation de gras. Grâce à la tenue longue durée du gel coiffant, votre coiffure est fixée toute la journée. Testée sous contrôle dermatologique sa formule enrichie en vitamine PP et en provitamine B5, respecte vos cheveux et les laisse brillants. Le gel coiffant Monoprix s'élimine facilement au shampooingou au brossage sans laisser de résidus., Appliquez sur cheveux secs ou humides pour sculpter ou fixer vos cheveux. Etalez une noisette de gel avec vos mains ou au peigne sur l'ensemble de la coiffure ou simplement sur les mèches souhaitées. Séchez à l'air libre ou au sèche-cheveux., Aqua, alcohol denat., acrylates/hydroxyesters acrylates copolymer, aminomethyl propanol, acrylates/beheneth-25 methacrylate copolymer, peg/ppg-14/4 dimethicone, pentaerythrityl tetra-di-t-butyl hydroxyhydrocinnamate, peg-40 hydrogenated castor oil, panthenol, pantolactone, citric acid, niacinamide, parfum, tetrasodium edta, propylene glycol, benzoic acid, sodium benzoate, phenoxyethanol, methylisothiazolinone., 12 mois après ouverture.]|"
17,33€ / L"|"
2,60 €"
2863|Gel coiffant fixation extrême|Tube 150ml|[Origine : BELGIQUE, La formule ultra puissante du gel coiffant fixation extrême vous permet de sculpter et de fixer tous les styles de coiffure même les plus extrêmes et inventifs. Sa texture, non collante et non grasse se fond très facilement dans vos cheveux, pour unecoiffure impeccable toute la journée., Appliquez sur cheveux secs ou humides pour sculpter ou fixer vos cheveux. Etalez une noisette de gel avec vos mains ou au peigne sur l'ensemble de la coiffure ou simplement sur les mèches souhaitées. Séchez à l'air libre ou au sèche-cheveux., Aqua, alcohol denat, acrylates/steareth-20 methacrylate crosspolymer, acrylates/hydroxyesters acrylates copolymer, aminomethyl propanol, peg/ppg-14/4 dimethicone, pentaerythrityl tetra-di-t-butyl hydroxydrocinnamate, panthenol, pantolactone, citric acid, niacinamide, parfum, tetrasodium edta, propylene glycol, benzoic acid, sodium benzoate, phenoxyethanol, methylisothiazolinone., 12 mois après ouverture.]|"
17,33€ / L"|"
2,60 €"
2864|Crème de coiffage, soin quotidien brillant des cheveux secs et abîmés, sans rinçage|La boîte de 25ml|[Origine : FRANCE, La crème de coiffage Biorène est un soin quotidien brillantant particulièrement destiné aux cheveux secs, desséchés et abîmés. Elle facilite le coiffage, maintient la coiffure et donne une remarquable brillance aux cheveux sans les alourdir., Paraffinum liquidum (mineral oil), aqua (water), cetyl alcohol, hydroxystearic/linolenic/oleic polyclycerides, synthetic beeswax, cera microcristallina (microcrystalline wax), diisopropyl adipate, glycol stearate, ceresin, sorbitan oleate, hydrogenated castor oil, stearic acid, magnesium stearate, parfum (fragrance), methylparaben, dmdm hydantoin, butylparaben, cetrimonium chloride, ethylparaben, isobutylparaben, propylparaben,citronellol, linalool, geraniol, evernia prunastri (oakmoss) extract.cinnamyl alcohol, eugenol, (F14).]|"
183,20€ / L"|"
4,58 €"
2865|Brillantine spray, soin et coiffage à l'huile de macadamia, cheveux secs et abîmés|Le spray de 100ml|[Origine : FRANCE, La brillantine spray à l'huile de macadamia Biorène procure aux cheveux secs et abîmés une brillance exceptionnelle au toucher soyeux non gras (silicones fluides : 50%). Des huiles naturelles se conjuguent pour réparer et nourrir la fibre capillaire.Grâce à son système de pulvérisation microfine, ce spray permet un coiffage précis : modelage des racines et gainage des pointes. Huile de macadamia : 1%., Valeur énergétique en Joules :  0, Valeur énergétique en Kcal : 0, Glucides : 0, Lipides : 0, Protides :0, Cyclomethicone, paraffinum liquidum, oleic acid, palmitic acid, macadamia ternifolia seed oil, parfum (fragrance), tocopherol, citronellol, eugenol, limonene, linalool, alpha-isomethyl ionone, amyl cinnamal, cinnamyl alcohol, coumarin, geraniol, hydroxycitronellal, hydroxyisohexyl 3-cyclohexene carboxaldehyde, isoeugenol, (F01).]|"
111,80€ / L"|"
11,18 €"
2866|Poudre densifiante professionnelle, s'adapte à tous les cheveux poivres et sel|La boîte de 14g|[Origine : FRANCE]|"
1610,71€ / Kg"|"
22,55 €"
2867|Brillantine parfum|Le flacon de 50ml|[Origine : FRANCE, Apporte aux cheveux une brillance durable sans les alourdir. Les parfume toute la journée. Leur redonne éclat et santé., PARAFFINUM LIQUIDUM, PARFUM, ISOPROPYL MYRISTATE, LECITHIN, Cl 60725,Cl 61565,(F.I.L. C 5062/1)]|"
130,80€ / L"|"
6,54 €"
2868|Cire brillance aux micro-cires de fruits fortifiantes, fort|Le pot de 75ml|[Origine : FRANCE, Structure brillance, toucher doux. Donnez à votre style une définition parfaite et une brillance longue durée tout en conservant sa souplesse.La 1ère cire coiffante Fructis Style aux micro-cires de fruits fortifiantes qui définit votre style tout enbrillance et en douceur tout en respectant vos cheveux., Petrolatum, ozokerite, paraffinum liquidum/mineral oil, phenyl trimethicone, Cl47000/yellow 11, Cl61565/solvant green 3, oleyl alcohol, PEG-192 apricot kernel glycerides, PEG-70 mango glycerides, limonene, lanolin alcohol, linalool, cholesterol, propylparaben, propylene glycol, citrus limonum/lemon extract, aqua/water, amyl cinnamal, parfum/fragrance (FIL C21609/1)., 12 mois après ouverture.]|"
85,07€ / L"|"
6,38 €"
2869|Cire coiffante collé-serré|Le pot de 75ml|[Origine : ALLEMAGNE, La première cire de got2b avec une tenue stupéfiante et une texture modelante pour structurer ton look sans effet carton. Modèle comme une cire, fixe comme un gel !, Mets une petite quantité de cire dans ta main et modèle-la sur cheveux secs selon tes envies., 12 mois après ouverture.]|"
95,07€ / L"|"
7,13 €"
2870|Cire Sculptante Fixation Forte Indestructible|Le pot de 75ml|[Origine : ROYAUME UNI, Petrolatum, ozokerite, paraffinum liquidum/mineral oil, phenyl trimethicone, phenoxyethanol, oleyl alcohol, ethylparaben, limonene, lanolin alcohol, benzyl salicylate, cholesterol, propylparaben, isobutylparaben, methylparaben, butylparaben, butylphenyl methylpropional, parfum/fragrance. (F.I.L. C27963/1)., 12 mois après ouverture.]|"
81,20€ / L"|"
6,09 €"
2871|Crème Fibre Effet Décoiffé 24h Out of Bed|Le pot de 150ml|[Origine : ROYAUME UNI, Aqua/water, alcohol denat, PVP, VP / dimethylaminoethylmethacrylate- copolymer, hydroxypropylcellulose, PEG-40 hydrogenated castor oil, PEG-PPG-22/24 dimethicone, triethanolamine, polyquaternium-11, polystyrene, limonene, pentasodium pentetate, benzophenone-4 benzyl salicylate, carbomer, butylphenyl methylpropional, parfum/fragrance (FIL C29212/1)., 12 mois après ouverture.]|"
44,53€ / L"|"
6,68 €"
2872|Gel coiffant Invisi'Fix Zero Clear Control|Le flacon de 300ml|[Origine : FRANCE, Ultra propre : Invisi'Fix Zéro est spécialement formulé pour ne laisser aucun résidu sur les cheveux. Ultra clair : pour un toucher ultra naturel, qui ne brille pas et ne colle pas. Zéro compromis : Invisi'Fix Zéro respecte les cheveux. Sa formule, sans alcool, est enrichie en arginine, acide aminé semi-essentiel nécessaire à la croissance naturelle du follicule., Testé sous contrôle dermatologique. Adapté à un usage quotidien. Convient particulièrement aux cheveux clairsemés ou fatigués. Appliquer sur cheveux secs ou humides et définir la coiffure aux doigts. S'élimine facilement au shampooing., Aqua/water, propylene glycol, acrylates/hydroxyesters acrylates copolymer, acrylates/steareth-20 methacrylate crosspolymer, triethanolamine, sodium benzoate, hydroxyisohexyl 3- cyclohexene carboxaldehyde, phenoxyethanol, peg-40 hydrogenated castor oil, arginine, ethylhexylglycerin, limonene, pentasodium pentetate, benzoic acid, benzyl salicylate, benzyl alcohol, linalool, butylphenyl methylpropional, methylisothiazolinone, hexyl cinnamal, parfum/fragrance (FIL C159947/1)., 12 mois après ouverture.]|"
22,27€ / L"|"
6,68 €"
2874|Gel Fixation Extrême Indestructible|Le tube de 150ml|[Origine : ROYAUME UNI, Indestructible Gel, le 1er gel coiffant de L'Oréal Paris qui permet à la coiffure de revenir en forme en toutes circonstances passage des mains, d'un vêtement et d'un casque. Innovation technologique, effet mémoire de forme : pour une fixation extrême à résistance élastique. La coiffure encaisse la déformation et reprend sa forme. Sans résidus : le Gel Indestrictible ne graisse pas les cheveux ne fait pas de résidus. S'élimine au shampooing habituel. Sans cartonner : les cheveux ne durcissent pas., Frottez une noisette de gel dans vos mains. Appliquez sur cheveux secs ou humides. Pour encore plus d'effet, sculptez, dressez, travaillez vos mèches aux doigts. Repartissez sur toute la chevelure puis travailler vos cheveux des la racine en étirantjusqu'aux pointes., AQUA / WATER, ALCOHOL DENAT., AMP-ACRYLATES/ ALLYL METHACRYLATE COPOLYMER, AMINOMETHYL PR0PANOL, CARBOMER. NIACINAMIDE, HYDROXYPROPYL GUAR, SODIUM METHYLPARABEN, HYDROGENATED CASTOR OIL PEG-14 DIMERHICONE, CHLORHENISIN, POLYETHYLENE GLYCOL LIMONENE,PANTHENOL, PENTASODIUL PENTATE, BENZYL SALICYLATE, BENZOPHENONE-4, LINALOOL, BUTYLPHENYL METHYLPROPIONAL, PARFUM / FRAGRANCE, (FIL C25998/1)., 12 mois après ouverture.]|"
43,87€ / L"|"
6,58 €"
2875|Gel Indestructible Fixation Ultime|Le flacon de 300ml|[Origine : FRANCE, Grâce à sa concentration extrême en polymères ultra fixants, la technologie Kevlax assure une tenue 48h à toute épreuve, sans faire de paquet et sans alourdir le cheveu., Dépose du gel sur tes mains et frotte les pendant 5 sec pour chauffer la matière. Utilisé avec de l'eau, le gel KVX 48 peut aussi apporter un look effet mouillé aux cheveux les plus rebelles et indomptables. S'élimine au shampooing habituel., Aqua/water, acrylates/hydroxyesters acrylates copolymer, propylene glycol, triethanolamine, alcohol denat, acrylates/steareth-20 methacrylate crosspolymer, sorbitol, sodium benzoate, hydroxyisohexyl 3-cyclohexene carboxaldehyde, phenoxyethanol, peg-40 hydrogenated castor oil, ethylhexylglycerin, aminomethyl propanol, limonene, benzoic acid, benzyl salicylate, benzyl alcohol, benzophenone-4, linalool, moringa pterygosperma seed extract, disodium edta, methylparaben, butylphenyl methylpropional, methylisothiazolinone, hexyl cinnamal, glycerin, parfum/fragrance. (FIL C159188/1)., 12 mois après ouverture.]|"
22,63€ / L"|"
6,79 €"
2876|Gel Pure Wet Effet Mouillé 24h|Le tube de 150ml|[Origine : FRANCE, Pure Wet, le gel effet mouillé de Studio Line. Texture fraîche, non grasse pour un résultat ultra-brillant qui ne sèche pas. Effet mouillé 24h.Sans graisser ni cartonner : des cheveux parfaitement disciplinés, maintenus en souplesse, sans aucune sensation de gras ou collant., Etalez uniformément une grosse noisette de gel dans vos mains. Appliquez sur cheveux humides de préférence. Pour un effet mouillé miroir : répartissez-la sur l'ensemble de la chevelure en plaquant les cheveux en arrière avec les paumes des mains. Vous pouvez aussi brosser vos cheveux aux doigts vers l'avant et relever quelques mèches sur le front., Aqua/water, glycerin, alcohol denat, PEG-8, hydroxyisohexyl 3-cyclohexene carboxaldehyde, phenoxyethanol, PEG-40 hydrogenated castor, oil, triethanolamine, polyacrylate-3, limonene, benzyl salicylate, caprylyl glycol, butylphenyl methylpropional, hexyl cinnamal, glyceryl polyacrylate, parfum/fragrance, (FIL C45047/1)., 12 mois après ouverture.]|"
43,87€ / L"|"
6,58 €"
2877|Gel Très Fixant 24h Mineral FX|Le tube de 150ml|[Origine : ROYAUME UNI, Mineral FX invisi'gel, le 1er gel coiffant de StudioLine enrichi en actifs minéraux., Conseils coiffeurs : Étalez uniformément une grosse noisette de gel dans vos mains. Sur cheveux pré séchés ou humides, répartissez-la dans la chevelure. Pour une coiffure plaquée, lissez vos cheveux avec la paume de vos mains. Pour une coiffure structurée, soulevez les mèches avec vos doigts., Aqua/water, propylene glycol, sorbitol, ammonium polyacryloyldimethyl taurate, VP/acrylates/lauryl methacrylate copolymer, diazolidinyl urea, hydroxyisohexyl 3-cyclohexene carboxaldehyde, PEG-40 hydrogenated castor oil, triethanolamine, polyethyleneglycol, limonene, benzyl salicylate, linalool, methylparaben, butylphenyl methylpropional, parfum/fragrance, (fil C25393/1)., Se conserve 12 mois après ouverture.]|"
42,20€ / L"|"
6,33 €"
2878|Gomme aérienne Matt & Messy|Le pot de 150ml|[Origine : FRANCE, Appliquer uniformément sur les cheveux secs ou humides. Facile à appliquer, s'élimine au shampooing habituel., Aqua, cetearyl alcohol, c12-15 alkyl benzoate, propylene glycol, lithium magnesium sodium silicate, vp/va copolymer, peg-100 stearate, glyceryl stearate, cera alba/beeswax, cetyl esters, CI77491, CI77499/iron oxides, CI77891/titanium dioxide, mica, sodium chloride, hydroxyisohexyl 3-cyclohexene carboxaldehyde, phenoxyethanol, triethanolamine, limonene, benzyl salicylate, benzyl alcohol, linalool, acrylates/c10-30 alkyl acrylate crosspolymer, methylparaben, butylphenyl methylpropional, hexyl cinnamal, parfum (FIL C52746/1)., 12 mois après ouverture.]|"
43,87€ / L"|"
6,58 €"
2879|Gomme destructurante, effet brut décoiffé TXT02|Le pot de 75ml|[Origine : ROYAUME UNI, Texturise pour un fini brut. Look ultra-mat longue tenue. Ne cartonne pas. Facilement remodelable. Ne colle pas / sans effet gras / sans résidus., Chauffer une noisette de gomme dans vos mains et appliquer sur cheveux secs., 12 mois après ouverture.]|"
106,93€ / L"|"
8,02 €"
2880|Invisi'FX, liquid'gel sans résidus, fixant|Le flacon de 150ml|[Origine : FRANCE, Une fixation 24h sans résidus. Ne colle pas et ne cartonne pas les cheveux. Texture et diffusion ultra-fine pour un résultat ultra-propre., Conseils coiffeurs : Vaporisez directement à environ 10 cm de la chevelure et répartissez uniformément. Pour donner à votre coiffure la forme ou le mouvement souhaité, coiffez au peigne ou modelez aux doigts. Pour discipliner ou fixer une mèche, vaporisez localement et modelez aux doigts. En cas de contact avec les yeux, les rincer immédiatement., Aqua / water, PVP, propylene glycol, niacinamide, hydroxyisohexyl 3-cyclohexene carboxaldehyde, phenoxyethanol, PEG-40 hydrogenated castor oil, aminomethyl propanol, polyacrylate-3, limonene, panthenol, benzyl salicylate, linalool, terephthalylidenedicamphor sulfonic acid, methylparaben, butylphenyl methylpropional, parfum / fragrance, (fil C21983/1)., 12 mois après ouverture.]|"
43,20€ / L"|"
6,48 €"
2881|Pâte Fibre Effet Remodelable 24h Remix|Le pot de 150ml|[Origine : ROYAUME UNI, Effet remodelable à volonté. Un effet texturisé uniforme modelable et remodelable à volonté, toute la journée. La pâte fibreuse enrobe et donne de la matière aux cheveux.Les agents fixants flexibles ne durcissent pas, vous pouvez remodeler votre coiffure à volonté., Frotter et étalez une noisette au creux de vos mains et écartez-les à plusieurs reprises pour créer un réseau de fibres. Répartissez sur l'ensemble de la chevelure en donnant un mouvement. Bien passer les doigts dans les cheveux pour une meilleure répartition. Remixez votre style à votre guise n'importe quand, n'importe où., Aqua/water, glycerin, butylene glycol, cetearyl alcohol, PEG-100 stearate, glyceryl stearate PVP, dimethicone, sodium methylparaben, hydroxypropyl guar, PEG-150 pentaerythrityl tetrastearate, PEG-90M, chlorhexidine dihydrochloride, limonene, linalool, butylphenyl methylpropional, citronellol, citral, hexyl cinnamal, amyl cinnamal, parfum/fragrance, (F.I.L. C15366/2)., 12 mois après ouverture]|"
45,00€ / L"|"
6,75 €"
2882|Pâte Fibre Matt & Messy|Le tube de 150ml|[Origine : FRANCE]|"
43,60€ / L"|"
6,54 €"
2883|Pâte modelante, tenue souple extrème, effet mat TXT01|Le pot de 75ml|[Origine : ROYAUME UNI, Texture ultra-malléable pour un look sans faute. Look semi-mat longue tenue, non gras., Frotter une noisette de pâte dans vos mains et appliquer sur cheveux secs., 12 mois après ouverture.]|"
108,40€ / L"|"
8,13 €"
2884|Crème capillaire|Le tube de 100ml|[Origine : FRANCE, Pento conditionne vos cheveux sans leur donner un aspect gras ni les laquer. Il apporte les éléments qui leur sont nécessaires pour conserver un aspect souple et plein de vie., Chaque matin, appliquez une noisette de Pento sur vos cheveux, de préférence légèrement humidifiés. Répartissez uniformément en massant doucement. Vos cheveux se mettent en place tout naturellement. Pento, une noisette suffit., Aqua, paraffinum liquidum, cera alba, parfum, calcium hydroxide, limonene, citral, linalool., 12 mois après ouverture.]|"
29,40€ / L"|"
2,94 €"
2885|Cire gloss, effet soie, tenue forte|Le pot de 50ml|[Origine : FRANCE, Cire Gloss : une formule irisée et soyeuse spécifiquement développée pour modeler vos cheveux et leur apporter contraste et luminosité. Résultat : votre coiffure est structurée et ultra brillante. Sans résidus, se rince facilement. Ne graisse pas., Prélevez une petite quantité de cire, chauffez-la entre vos mains et travaillez mèche à mèche jusqu'aux pointes., Aqua, ceteareth-30, peg-7 glyceryl cocoate, coco-caprylate/caprate, oleth-10, parfum, distearyldimonium chloride, methylparaben, propylparaben, panthenol, dmdm hydantoin, citric acid, sorbic acid, limonene, phenoxyethanol, benzophenone-4, hexyl cinnamal, coumarin, citronellol, linalool, geraniol, eugenol, butylphenyl methylpropional, alpha-isomethylionone, mica, tin oxide, Cl77891., 12 mois après ouverture.]|"
123,40€ / L"|"
6,17 €"
2886|Cire Wax brillance|Le pot de 75ml|[Origine : FRANCE, Tenue longue durée 24h. Structure votre coiffure en lui apportant une brillance ultra. Facile à étaler et facile à rincer. Protège les cheveux du dessèchement., Aqua, ceteareth-30, peg-7 glyceryl cocoate, coco-caprylate/caprate, oleth-10 , parfum, phenoxyethanol, panthenol, citric acid, methylparaben, propylene glycol, citronellol, limonene, linalool, hexyl cinnamal, propylparaben, butylphenyl methylpropional, geraniol, methylisothiazolinone, amyl cinnamal., 12 mois après ouverture.]|"
71,07€ / L"|"
5,33 €"
2887|Coup de tête, gel fibre décoiffant|Le pot de 100ml|[Origine : ALLEMAGNE, Changez de look sur un coup de tête ... ,.. avec ce gel à la texture fibreuse qui ne durcit jamais totalement Inventez, modelez et remodelez ... indéfiniment tous les styles qui vous passent par la tête., Règles du jeu: Pour un effet complètement décoiffé, appliquez en désordre du bout des doigts sur cheveux secs ou humides. Sans résidu., AQUA, ISOPROPYL MYRISTATE, OLETH-10, EUPHOBIA CERIFERA WAX, OCTYLACRYLAMIDE/ACRYLATES/BUTYLAMINO ETHYL METHACRYLATE COPOLYMER, PALMITIC ACID, STEARIC ACID, BUTYLENE GLYCOL, CETETH-2, PARFUM, CERA MICROCRISTALLINA, AMINOMETHYL PROPANOL, PHENOXYETHANOL, PEG-90M, PROPYLENE GLYCOL, METHYLPARA BEN, PROPYLPARABEN, MEL, ACRYLATES/C10-30 ALKYLACRYLATE CROSSPOLYMER, DMDM, HYDAN TOIN, POTASSIUM SORBATE, CI 42090, CI 60730, 12 mois après ouverture.]|"
71,30€ / L"|"
7,13 €"
2888|Gel mousse coiffant                                              Fixation extra forte, effet redensifiant|Le flacon de|[Origine : ALLEMAGNE, Le premier Gel Mousse Taft combinant la tenue forte d'un gel et la densité d'une mousse. Effet redensifiant, sans effet carton, tenue 24h non collant., Agitez avant utilisation. Maintenir en position verticale. Dosez l'équivalent d'une balle de golf dans votre main. Répartissez dans vos paumes et appliquez uniformément sur cheveux essorés ou secs. Ne pas rincer. Travaillez vos cheveux de la même manière qu'avec un gel. Séchez au sèche cheveux pour davantage de volume. Récipient sous pression. Ne pas percer ou bruler même après usage. Ne pas vaporiser vers une flamme ou un corps incandescent. Utiliser et ranger à l'écart de toute flamme ou source d'étincelles, source de chaleur, appareil électrique en fonctionnement. Ne pas fumer. Conserver hors de la portée des enfants. Ne pas utiliser pour un usage autre que celui pour lequel le produit est destiné. Utiliser dans un endroit bien ventilé.Ne pas vaporiser vers les yeux., Aqua, butane, propane, vinyl caprolactam/vp/dimethylaminoethyl methacrylate copolymer, polyquaternium-4, polyquaternium-11, sodium benzoate, cetrimonium chloride, peg-40 hydrogenated castor oil, pvp, parfum, lactic acid, isobutane, ceteareth-25, hydroxyethylcellulose, phenoxyethanol, caprylyl glycol, citric acid, linalool, butylphenyl methylpropional, limonene, CI42090., A protéger contre les rayons solaires et à ne pas exposer à une température supérieure à 50°C.]|"
42,53€ / L"|"
6,38 €"
2889|Gel Strand mat et chic et mat|Le pot de100ml|[Origine : ALLEMAGNE, Avec et chic et mat, tu es sûr de gagner la partie . Que tu aies les cheveux, hérissés, en bataille, lisses ou bien coiffés : le chic réside dans le mat. Tous les mecs chic choc et charme et autres tombeurs de plage te le diront ce gel mat, tenue moyenne fait des miracles., AQUA, CERA ALBA, ISOPROPYL MYRISTATE, CERA CARNAUBA, GLYCERYL STEARATE, PETROLATUM, EUPHOBIA CERIFERA WAX, PALMITIC ACID, PEG-8 BEESWAX, AMINOMETHYL PROPANOL, HYDROXYETHYLCELLULOSE, PARFUM, STEARIC ACID, PHENOXYETHANOL, METHYLPARABEN, BUTYLPARABEN, ETHYLPARABEN, ISOBUTYL PARABEN, PROPYLPARABEN, MICA, CI 77499., A conserver 12 mois après ouverture]|"
71,30€ / L"|"
7,13 €"
2890|Gel tenue longue durée                                           Endurance 48H|La boîte de 250ml|[Origine : FRANCE, Le premier gel Taft avec une tenue longue durée 48 h. Pour une tenue ultra forte qui résiste à toutes les épreuves. Sa formule enrichie en polymères haute endurance vous assure une longue durée sans résidus et non collante., Appliquez sur cheveux secs ou essorés. Coiffez vos cheveux pour obtenir le look souhaité. Pour structurer votre coiffure, travaillez-la du bout des doigts., 12 mois après ouverture.]|"
25,32€ / L"|"
6,33 €"
2891|Poudre coiffante, structure et matifie instantanément|Le pot de 10g|[Origine : ALLEMAGNE, La révolution par Taft : Taft chaotique Fix poudre coiffante ! Essayez la nouvelle formule en poudre. Elle devient invisible en quelques secondes et vous offre une texture inédite., Mettez une petite quantité de la poudre Chaotique Fix dans votre main et frottez vos mains l'une contre l'autre. Appliquez sur cheveux secs et sculptez votre coiffure. Pour encore plus de fixation, mouillez le bout de vos doigts et sculptez quelquesmèches après avoir fini de vous coiffer. Garder hors de la portée des enfants., Aqua, silica silylate, octylacrylamide, acrylates, butylaminoethyl methacrylate copolymer, sodium benzoate, citric acid., 12 mois après ouverture.]|"
685,00€ / Kg"|"
6,85 €"
2892|Power gel, fixation super glue, tenue ultime, prise instantanée, sans résidus|Le pot de 250ml|[Origine : ALLEMAGNE, Le premier gel Taft avec une fixation Super Glue ! Sa nouvelle technologie prise instantanée vous assure une fixation immédiate et très puissante, pour une tenue inégalée !, Appliquez sur cheveux secs ou essorés. Coiffez vos cheveux pour obtenir le look souhaité. Pour structurer votre coiffure, travaillez-la du bout des doigts., 12 mois après ouverture.]|"
25,08€ / L"|"
6,27 €"
2893|Power gel effet mouillé extra forte|Le flacon de 300ml|[Origine : ALLEMAGNE]|"
19,20€ / L"|"
5,76 €"
2894|Power Gel Maxx Power|Le pot de 250ml|[Origine : ALLEMAGNE]|"
26,16€ / L"|"
6,54 €"
2895|Power gel titane, tenue ultime|Le flacon de 300ml|[Origine : ALLEMAGNE, Une tenue ultime longue durée qui résiste même à l'humidité  aussi forte que du Titane ! Pour une tenue 24h sans effet collant, sans résidus et facile à rincer. N'alourdit pas les cheveux., Appliquez sur cheveux secs ou légèrement humides. Coiffer vos cheveux pour obtenir le look souhaité. Pour sculpter et structurer votre coiffure, travaillez-la du bout des doigts., Aqua, alcohol denat., pvp, vp/va copolymer, peg-32, peg-40 hydrogenated castor oil, carbomer, aminomethyl propanol, panthenol, parfum, benzophenone-4, linalool, hexyl cinnamal, disodium edta, benzyl alcohol, alpha-isomethyl ionone, geraniol, citronellol., 12 mois après ouverture.]|"
19,07€ / L"|"
5,72 €"
2896|Power gel V12|Le cube de 250ml|[Origine : ALLEMAGNE, Taft V12 Power, nouvelle formule Taft enrichie en agents fixants V12 et d'une technologie fixation rapide ! Une fixation inégalée en quelques secondes pour défier les styles les plus extrêmes., Appliquez sur cheveux secs ou légèrement humides. Coiffez vos cheveux pour obtenir le look souhaité. Pour sculpter et structurer votre coiffure, travaillez-la du bout des doigts., Aqua, pvp, acrylates/hydroxyesters acrylates copolymer, acrylates/steareth-20 methacrylate crosspolymer, aminomethyl propanol, phenoxyethanol, peg-40 hydrogenated castor oil, glycerin, panthenol, parfum, propylene glycol, benzotriazolyl dodecyl p-cresol, benzoic acid, methylisothiazolinone, benzyl salicylate, limonene, tris(tetramethylhydroxypiperidinol) citrate, Cl 60730., 12 mois après ouverture.]|"
25,52€ / L"|"
6,38 €"
2897|Titane Power Gel, tenue ultime non collant, sans résidus|Le pot de 250ml|[Origine : ALLEMAGNE, Power gel Titane : une formule exclusive concentrée en agents méga-fixants.Résultat : votre style se fige instantanément et pour longtemps grâce à une tenue ultime qui résiste à l'humidité, par tous les temps  aussi forte que du Titane ! Se rince facilement., Pour un look qui défie les lois de la gravité : appliquez de préférence sur cheveux secs. Construisez votre style des racines aux pointes., Aqua, PVP, acrylates/steareth-20 itaconate copolymer, glycerin, phenoxyethanol, aminomethyl propanol, PPG-26-buteth-26, PEG-40 hydrogenated castor oil, panthenol, parfum, PEG-25 paba, DMDM hydantoin, disodium EDTA, benzyl salicylate, hexyl cinnamal,butylphenyl methylpropional, citronellol, coumarin., 12 mois après ouverture.]|"
24,28€ / L"|"
6,07 €"
2898|Cire wax effet mat|Le pot de 75ml|[Origine : ALLEMAGNE]|"
88,53€ / L"|"
6,64 €"
2899|Laque, Fixation extra forte|La pompe de 300ml|[Origine : FRANCE, La laque fixation extra forte Monoprix maintien votre coiffure en lui conservant un effet naturel toute la journée. Enrichie en protéines de soie, en vitamine PP et en provitamine B5, elle apporte à vos cheveux douceur et brillance et les protège del'humidité. Elle s'élimine par un simple brossage., Vaporisez la laque sur cheveux secs à environ 30 cm de la chevelure. Le diffuseur vous assure une réparation uniforme. Convient à une utilisation quotidienne. Extrêmement inflammable. Récipient sous pression. Ne pas percer ou brûler, même après usage. Ne pas vaporiser vers une flamme ou un corps incandescent. Utiliser et conserver à l'écart de toute flamme ou source d'ignition et d'étincelles, source de chaleur, appareil électrique en fonctionnement. Ne pas fumer. Conserver hors de la portée desenfants. Utiliser et conserver le récipient dans un endroit bien ventilé. Eviter de vaporiser vers les yeux ou sur une peau irritée, d'inhaler intentionnellement. Procéder par de brèves pressions sans pulvérisation prolongée. Bien ventiler après usage. Ne pas utiliser pour un usage autre que celui pour lequel le produit est destiné., A protéger contre les rayons solaires et à ne pas exposer à une température supérieure à 50°C.]|"
7,03€ / L"|"
2,11 €"
2900|Laque fixation forte|Le spray de 300ml|[Origine : FRANCE, La laque fixation forte Monoprix maintient votre coiffure en lui conservant un effet naturel toute la journée. Enrichie en protéines de soie, en vitamine PP et en provitamine B5, elle apporte à vos cheveux douceur et brillance et les protège de l'humidité. Elle s'élimine par un simple brossage., Vaporisez la laque sur cheveux secs à environ 30 cm de la chevelure. Le diffuseur vous assure une répartition uniforme. Convient à une utilisation quotidienne. Extrêmement inflammable. Récipient sous pression. Ne pas percer ou brûler, même après usage. Ne pas vaporiser ver une flamme ou un corps incandescent. Utiliser et conserver à l'écart de toute flamme ou source d'ignition et d'étincelles, source de chaleur, appareil électrique en fonctionnement. Ne pas fumer. Conserver hors de la portée desenfants. Utiliser et conserver le récipient dans un endroit bien ventilé. Eviter de vaporiser vers les yeux ou sur une peau irritée, d'inhaler intentionnellement. Procéder par de brèves pressions sans pulvérisation prolongée. Bien ventiler après usage. Ne pas utiliser pour un usage autre que celui pour lequel le produit est destiné., Alcohol denat., butane propane, butyl ester of pvm/ma, copolymer, dimethyl stearamine, cyclopentasiloxane, niacinamide, panthenol, aqua, hydrolyzed silk, sodium chloride, propylene glycol, parfum., A protéger contre les rayons solaires et à ne pas exposer à une température supérieure à 50°C.]|"
7,03€ / L"|"
2,11 €"
2901|Laque fixation forte, Maintien naturel|Le flacon de 75ml|[Origine : FRANCE, Vaporisez la laque sur cheveux secs à environ 30 cm de la chevelure. Le diffuseur vous assure une répartition uniforme. Convient à une utilisation quotidienne. Récipient sous pression. Ne pas percer ou brûler, même après usage. Ne pas vaporiser versune flamme ou un corps incandescent. Utiliser et conserver à l'écart de toute flamme ou source d'ignition ou d'étincelles, source de chaleur, appareil électrique en fonctionnement. Ne pas fumer. Conserver hors de la portée des enfants. Utiliser et conserver le récipient dans un endroit bien ventilé. Eviter de vaporiser vers les yeux ou sur une peau irritée, d'inhaler intentionnellement. Procéder par de brèves pressions sans pulvérisation prolongée. Bien ventiler après usage. Ne pas utiliser pourun usage autre que celui pour lequel le produit est destiné., Alcohol denat, butane, propane, butyl ester of pvm/ma copolymer, dimethyl stearamine, cyclopentasiloxane, niacinamide, panthenol, aqua, hydrolyzed silk, sodium chloride, propylene glycol, parfum., A protéger contre les rayons solaires et à ne pas exposer à une température supérieure à 50°C.]|"
14,53€ / L"|"
1,09 €"
2902|Laque fixation normale|Le spray de 300ml|[Origine : FRANCE, La laque fixation normale Monoprix maintient votre coiffure en lui conservant un effet naturel toute la journée. Enrichie en protéines de soie, en vitamine PP et en provitamine B5, elle apporte à vos cheveux douceur et brillance et les protège de l'humidité. Elle s'élimine par un simple brossage., Vaporisez la laque sur cheveux secs à environ 30 cm de la chevelure. Le diffuseur vous assure une répartition uniforme. Convient à une utilisation quotidienne. Extrêmement inflammable. Récipient sous pression. Ne pas percer ou brûler, même après usage. Ne pas vaporiser ver une flamme ou un corps incandescent. Utiliser et conserver à l'écart de toute flamme ou source d'ignition et d'étincelles, source de chaleur, appareil électrique en fonctionnement. Ne pas fumer. Conserver hors de la portée desenfants. Utiliser et conserver le récipient dans un endroit bien ventilé. Eviter de vaporiser vers les yeux ou sur une peau irritée, d'inhaler intentionnellement. Procéder par de brèves pressions sans pulvérisation prolongée. Bien ventiler après usage. Ne pas utiliser pour un usage autre que celui pour lequel le produit est destiné., Alcohol denat., butane propane, butyl ester of pvm/ma, copolymer, dimethyl stearamine, cyclopentasiloxane, niacinamide, panthenol, aqua, hydrolyzed silk, sodium chloride, propylene glycol, parfum., A protéger contre les rayons solaires et à ne pas exposer à une température supérieure à 50°C.]|"
7,03€ / L"|"
2,11 €"
2903|Laque brillance aux isoflavones d'Iris|Le spray de 125ml|[Origine : FRANCE, LA MARQUE DÉDIÉE AUX CHEVEUX SECS & FRAGILISES À base d'actifs naturels, les soins Biorène nourissent et revitalisent la fibre capillaire pour garder encore longtemps de beaux cheveux. LES ISOFLAVONES D'IRIS Ces actifs d'origine végétale stimulent lerenouvellement cellulaire et agissent comme de véritables agents revitalisants pour les cheveux matures., Vaporisez à 15-20 cm de la chevelure, loin de toute flamme.  F+: Extrêmement inflammable, ALCOHOL DENAT., VA/CROTONATES COPOLYMER, BUTYLENE GLYCOL, AMINOMETHYL PROPANOL, PARFUM (FRAGRANCE), IRIS FLORENTINA (ORRIS) EXTRACT, AQUA (WATER), PEG/PPG-18/18 DIMETHICONE, PEG-29 CASTOR OIL, BENZOPHENONE-4, EUGENOL, BENZYL SALICYLATE, GERANIOL, BUTYLPHENYL METHYLPROPIONAL, LINALOOL, CITRONELLOL, ALPHA-ISOMETHYLIONONE, (F01).]|"
73,76€ / L"|"
9,22 €"
2904|Laque aux protéines de soi, cheveux normaux|L'atomiseur de 300ml|[Origine : FRANCE, Grâce à sa diffusion micro-aérée, la formule ultra-fine de la laque Cadonett Dop se répartit facilement et uniformément sans alourdir la fibre capillaire.  Récipient sous pression, A protéger contre les rayons solaires et à ne pas exposer à une température supérieure à 50 oC, Ne pas percer ou brûler même après usage, Ne pas vaporiser vers une flamme ou un corps incandescent, Conserver à l'écart de toute flam, Acohol denat.,dimethyl ether, VA/vinyl buthyl benzoate/crotonates copolymer,aminomethyl propanol,PPG-3 methyl ether,octhyl methoxycinnamate,cyclopentasiloxane,dimeticone copolyol,ethyl ester of hydrolyzed silk, parfum. C11217/1.]|"
16,10€ / L"|"
4,83 €"
2905|Laque micro-aérée aux protéines de soie pour cheveux secs, triple protection, longue durée|L'atomiseur de 300ml|[Origine : FRANCE, Aujourd'hui, pour garder une coiffure impeccable, quel que soit le temps, découvrez la laque Cadonett Dop triple protection : contre le vent, contre l'humidité et contre le soleil. Vos cheveux sont brillants, doux au toucher, en pleine santé., Grâce à sa diffusion micro-aérée, la formule ultra-fine de la laque Cadonett Dop se répartit facilement et uniformément sans alourdir la fibre capillaire.  Récipient sous pression, A protéger contre les rayons solaires et à ne pas exposer à une température supérieure à 50 oC, Ne pas percer ou brûler même après usage, Ne pas vaporiser vers une flamme ou un corps incandescent, Conserver à l'écart de toute flam, Acohol denat, dimethyl ether, VA/vinyl butyl benzoate/crotonates copolymer, PPG-3 methyl ether, linalool, geraniol, dimethicone copolyol, eugenol, alpha-isomethyl ionone, cyclopentasiloxane, aminomethyl propanol, limonene, ethylhexyl methoxycinnamate, ethyl ester of hydrolyzed silk, hexyl cinnamal, butylphenyl methylpropional, benzyl benzoate, parfum. C21802/1.]|"
18,33€ / L"|"
5,50 €"
2906|Laque finition & brillance cheveux colorés ou méchés, micro-réflecteur de lumière|L'atomiseur de 300ml|[Origine : FRANCE, La laque professionnelle Finition Brillance diffuse de façon très fine des micro-particules de résine qui reflètent intensément la lumière et fixent parfaitement votre coiffure.Parfaitement fixée, votre coiffure tient toute la journée. Vos cheveux sont illuminés d'une brillance satinée. Sa formule enrichie en Pro Vitamine B et en agents cosmétiques adaptés aux cheveux fins, pour leur donner du volume sans les alourdir et protéger la fibre capillaire. Micro-diffusée, elle ne laisse pas de résidusvisibles sur vos cheveux et s'élimine facilement au brossage., Récipient sous pression. Ne pas percer ou brûler même après usage. Ne pas vaporiser vers une flamme ou un corps incandescent. Conserver à l'écart de toute flamme ou source d'étincelles. Ne pas fumer. Conserver hors de la portée des enfants. Eviter de vaporiser vers les yeux ou sur une peau irritée et d'inhaler intentionnellement. Ne pas utiliser pour un usage autre que celui pour lequel le produit est destiné. Ne pas utiliser dans une atmosphère confinée., Alcohol denat, dimethyl ether, va/crotonates/vinyl neodecanoate copolymer, peg/ppg-18/18, linalool, alpha-isomethyl ionone, amyl cinnamal, aminomethyl propanol, limonene, citronellol, panthenol, hexyl cinnamal, butylphenyl methylpropional, benzyl salicylate, benzyl alcohol, parfum/fragrance (F.I.L. C35329/1)., A protéger contre les rayons solaires et à ne pas exposer à une température supérieure à 50°C.]|"
29,00€ / L"|"
8,70 €"
2907|Laque finition & brillance cheveux fins ou sans volume, micro-réflecteur de lumière|La bombe de 300ml|[Origine : FRANCE, La laque professionnelle Finition Brillance diffuse de façon très fine des micro-particules de résine qui reflètent intensément la lumière et fixent parfaitement votre coiffure.Parfaitement fixée, votre coiffure tient toute la journée. Vos cheveux sont illuminés d'une brillance satinée. Sa formule enrichie en Pro Vitamine B et en agents cosmétiques adaptés aux cheveux fins, pour leur donner du volume sans les alourdir et protéger la fibre capillaire. Micro-diffusée, elle ne laisse pas de résidusvisibles sur vos cheveux et s'élimine facilement au brossage., Volume : soulevez les cheveux et vaporisez aux racines. Finition : vaporisez d'un geste large sur cheveux secs, à environ 30cm, en insistant sur les mèches les plus structurées. Récipient sous pression. Ne pas percer ou brûler même après usage. Ne pas vaporiser vers une flamme ou un corps incandescent. Conserver à l'écart de toute flamme ou source d'étincelles. Ne pas fumer. Conserver hors de la portée des enfants. Eviter de vaporiser vers les yeux ou sur une peau irritée et d'inhaler intentionnellement. Ne pas utiliser pour un usage autre que celui pour lequel le produit est destiné. Ne pas utiliser dans une atmosphère confinée., Alcohol denat, dimethyl ether, va/crotonates/vinyl neodecanoate copolymer, peg/ppg-18/18 dimethicone, linalool, alpha-isomethyl ionone, amyl cinnamal, aminomethyl propanol, limonene, citronellol, panthenol, hexyl cinnamal, butylphenyl methylpropional, benzyl salicylate, benzyl alcohol, parfum/fragrance (F.I.L. C35328/1)., A protéger contre les rayons solaires et à ne pas exposer à une température supérieure à 50°C.]|"
29,00€ / L"|"
8,70 €"
2908|Laque expert volume                                              Fixation forte|La bombe de 400ml|[Origine : FRANCE, Laques professionnelles Expert Volume, ultrafines et enrichies en agents anti-humidité, pour apporter de la tune à votre coiffure pendant 24 heures et un volume dès la racine., Après séchage, diffuser la laque professionnelle tête en bas en décollant les racines. A ne pas percer ou bruler même après usage. Ne pas vaporiser vers une flamme ou un corps incandescent. Conserver à l'écart de toute flamme ou source d'étincelles.Ne pas fumer. Conserver hors de la portée des enfants. Eviter de vaporiser vers les yeux ou sur une peau irritée et d'inhaler intentionnellement. Ne pas utiliser pour un usage autre que celui pour lequel  le produit est destiné. Ne pas utiliser dansune atmosphère confinée., Dimethyl ether, alcohol, denat, vacrotonates/vinyl neodecanoate copolymer, pvp, linalool, sodium saccharin, coumarin, aminomethyl propanol limonene, citronellol, hexyl cinnamal ethylhexyl methoxycinnamate, butylphenyl methylpropional, benzyl salicylate, benzyl alcohol parfum/fragrance  (F.I.L C159968/1)., Récipient sous pression, à protéger contre les rayons solaires et à ne pas exposer à une température supérieure à 50°C.]|"
18,00€ / L"|"
7,20 €"
2909|Laque ultra-fine, formule micro-aérée, diffusion fine et uniforme, fixation normale|La bombe de 300ml|[Origine : FRANCE, Si fine dans vos cheveux qu'elle ne se voit pas. Micro-aérée, elle fixe parfaitement sans faire de paquets, et maintient votre coiffure toute la journée en laissant vos cheveux légers.Micro-diffusée, elle se répartit uniformément en micro-gouttelettes invisibles dans la chevelure., Récipient sous pression. Ne pas percer ou brûler même après usage. Ne pas vaporiser vers une flamme ou un corps incandescent. Conserver à l'écart de toute flamme ou source d'étincelles ou d'ignition. Ne pas fumer. Conserver hors de la portée des enfants. Eviter de vaporiser vers les yeux ou sur une peau irritée et d'inhaler intentionnellement. Ne pas utiliser pour un usage autre que celui pour lequel le produit est destiné. Ne pas utiliser dans une atmosphère confinée., Alcohol denat, dimethyl ether, va/vinyl butyl benzoate/crotonates copolymer, cyclopentasiloxane, hydroxycitronellal, hydroxyisohexyl 3-cyclohexene carboxaldehyde, PPG-3 methyl ether, eugenol, aminomethyl propanol, dimethicone copolyol, limonene, benzyl salicylate, linalool, cinnamyl alcohol, geraniol, citral, coumarin, amyl cinnamal, parfum/fragrance (FIL C28613/1)., A protéger contre les rayons solaires et à ne pas exposer à une température supérieure à 50°C.]|"
26,07€ / L"|"
7,82 €"
2910|Style, laque tenue & flex, finition, à l'extrait de bambou, tenue 24h, fixation forte|La bombe de 300ml|[Origine : FRANCE, Découvrez la 1ère laque Fructis Style qui utilise la force naturelle du bambou pour donner à votre coiffure tenue et flexibilité pendant 24h. A l'extrait de bambou : reconnu pour ses propriétés à la fois résistantes et flexibles. 'Action tenue & flex' sur votre coiffure : elle tient 24h et revient toujours en place naturellement. Micro-diffusion ultra-fine : sa formule fait instantanément corps avec votre coiffure pour un séchage immédiat et une finition parfaite., une fois votre coiffure mise en forme, vaporisez en halo sur cheveux secs à environ 30cm de la chevelure. S'élimine parfaitement au brossage.  Récipient sous pression. Ne pas percer ou brûler même après usage. Ne pas vaporiser vers une flamme ou un corps incandescent. Conserver à l'écart de toute flamme ou source d'étincelles ou d'ignition. Ne pas fumer. Conserver hors de la portée des enfants. Eviter de vaporiser vers les yeux ou sur une peau irritée, d'inhaler intentionnellement. Ne pas utiliser pour un usage autre que celui pour lequel le produit est destiné. Ne pas utiliser dans une atmosphère confinée. Extrêmement inflammable, Alcohol denat, isobutane, butane, propane, VA/crotonates/vinyl neodecanoate copolymer, aqua/water, niacinamide, aminomethyl propanol, limonene, bambusa vulgaris extract, panthenol, linalool, propylene glycol, sorbitol, citrus aurantium dulcis extract/orange fruit extract, prunus armeniaca kernel oil/apricot kernel oil, hexyl cinnamal, glycerin, amyl cinnamal, parfum/fragrance (FIL C34663/1)., A protéger contre les rayons solaires et à ne pas exposer à une température supérieure à 50°C.]|"
20,57€ / L"|"
6,17 €"
2911|Style, laque tenue & flex, volume, à l'extrait de bambou, tenue 24h, cheveux fins|La bombe de 300ml|[Origine : FRANCE, Découvrez la 1ère laque Fructis Style spécialement adaptée aux cheveux fins. Elle utilise la force naturelle du bambou pour donner à votre coiffure tenue et flexibilité pendant 24h. A l'extrait de bambou : reconnu pour ses propriétés à la fois résistantes et flexibles. 'Action tenue & flex' sur votre coiffure : elle tient 24h et revient toujours en place naturellement. Micro-diffusion ultra-fine : sa formule fait instantanément corps avec vos cheveux fins pour un séchage immédiat et une finitionparfaite., Une fois votre coiffure mise en forme, vaporisez en halo sur cheveux secs à environ 30cm de la chevelure. S'élimine parfaitement au brossage.  Récipient sous pression. Ne pas percer ou brûler même après usage. Ne pas vaporiser vers une flamme ou un corps incandescent. Conserver à l'écart de toute flamme ou source d'étincelles ou d'ignition. Ne pas fumer. Conserver hors de la portée des enfants. Eviter de vaporiser vers les yeux ou sur une peau irritée, d'inhaler intentionnellement. Ne pas utiliser pour un usage autre que celui pour lequel le produit est destiné. Ne pas utiliser dans une atmosphère confinée. Extrêmement inflammable, Alcohol denat, isobutane, butane, propane, VA/crotonates/vinyl neodecanoate copolymer, aqua/water, niacinamide, aminomethyl propanol, limonene, bambusa vulgaris extract, panthenol, linalool, propylene glycol, sorbitol, citrus aurantium dulcis extract/orange fruit extract, prunus armeniaca kernel oil/apricot kernel oil, hexyl cinnamal, glycerin, amyl cinnamal, parfum/fragrance (FIL C34659/1)., A protéger contre les rayons solaires et à ne pas exposer à une température supérieure à 50°C.]|"
20,57€ / L"|"
6,17 €"
2912|Laque fixation forte, bouclier anti-humidité|L'aérosol de 250ml|[Origine : FRANCE, Résistance à l'humidité pendant 24 heures, pour une tenue professionnelle sans frisottis. C'est une laque fixation forte qui sèche rapidement et apporte du maintien à votre style. Elle fait barrage à l'humidité et contribue à prévenir les frisottis sous la pluie comme au soleil. Avec filtres UV., Tenez l'aérosol à 20-25 cm des cheveux. Vaporisez uniformément sur votre coiffure. Extrêmement inflammable. Récipient sous pression. Ne pas vaporiser vers une flamme ou vers un corps incandescent. Tenir éloigné de toute source d'ignition. Ne pas fumer lors de l'utilisation du produit et tant que les cheveux ne sont pas complètement secs. A n'utiliser que dans une pièce bien ventilée. Eviter le contact avec les yeux. Le cas échéant, rincer abondamment à l'eau immédiatement. Toute utilisation impropre intentionnelle telle que l'inhalation délibérée du produit peut être dangereuse, voire fatale. Conserver hors de la portée des enfants. Ne pas percer et ne pas incinérer, même après usage. Une fois le récipient entièrement vide, il peut être jeté. A n'utiliser que conformément au mode d'emploi., Alcohol denat, butane, propane, isobutane, octylacrylamide/acrylates/butylaminoethyl methacrylate copolymer, aminomethyl propanol, triethyl citrate, pentaerythrityl tetracaprylate/tetracaprate, quaternium-52, PEG/PPG-14/4 dimethicone, amp-isostearoylhydrolyzed wheat protein, ethylhexyl methoxycinnamate, aqua, parfum, butylphenyl methylpropional, limonene, linalool., A protéger contre les rayons solaires et à ne pas exposer à une température supérieure à 50°C.]|"
49,08€ / L"|"
12,27 €"
2913|Laque brillance infinie, Fixation très forte|L'aérosol de 300ml|[Origine : BELGIQUE, Maintient parfaitement votre coiffure toute la journée en l'habillant de lumière. Grâce à ses micro réflecteurs, elle capte la lumière et la redisperse pour une brillance et tenue longue journée., Diffuser à environ 30 cm de la chevelure : le micro diffuseur assure une diffusion ultra fine et une répartition plus uniforme de la laque sur les cheveux. Récipient sous pression. Ne pas percer ou brûler même après usage. Ne pas vaporiser vers une flamme ou un corps incandescent. Conserver à l'écart de toute flamme ou source d'étincelles. Ne pas fumer. Conserver hors de la portée des enfants. Eviter de vaporiser vers les yeux ou sur une peau irritée et d'inhaler intentionnellement. Ne pas utiliser pour un usage autre que celui pour lequel le produit est destiné. Ne pas utiliser dans une atmosphère confinée., Alcohol denat, dimethyl ether, va/crotonates/vinyl neodecanoate copolymer, hydroxycitronellal, peg/ppg-18/18 dimethicone, ethylhexyl methoxycinnamate, aminomethyl propanol, limonene, linalool, benzyl alcohol, benzyl benzoate, alpha isomethyl ionone,geraniol, citronellol, coumarin, glycerin, amyl cinnamal, parfum (FIL C53423/1)., A protéger contre les rayons solaires et à ne pas exposer à une température supérieure à 50°C.]|"
37,03€ / L"|"
11,11 €"
2914|Laque Elnett|La bombe de 300ml|[Origine : FRANCE, Allurelle d'Elnett, assure à toutes les coiffures actuelles un maintien naturel. Allurelle respecte le cheveux et permet une fixation discrète et souple tout au long de la journée.Avec Allurelle, vos cheveux restent souples et agréables au toucher. Allurelle s'élimine totalement et laisse les cheveux légers et brillants., Diffuser à environ 30cm de la chevelure sur cheveux secs. Vous pouvez utiliser Allurelle pour donner du volume (vaporisez alors en mèche à mèche sur les racines, ou sur l'ensemble de la chevelure, la tête en bas). Vous pouvez aussi utiliser Allurellesur cheveux mouillés, avant la mise en forme. Récipient sous pression. Ne pas percer ou brûler même après usage. Ne pas vaporiser vers une flamme ou un corps incandescent. Conserver à l'écart de toute flamme ou source d'étincelles ou d'ignition. Nepas fumer. Conserver hors de la portée des enfants. Eviter de vaporiser vers les yeux ou sur une peau irritée et d'inhaler intentionnellement. Ne pas utiliser pour un usage autre que celui pour lequel le produit est destiné. Ne pas utiliser dans uneatmosphère confinée., Alcohol denat, dimethyl ether, va/vinyl butyl benzoate/crotonates copolymer, cyclopentasiloxane, oleth-16, steareth-16, PPG-3 methyl ether, eugenol, aminomethyl propanol, limonene, dimethicone copolyol, linalool, laneth-16, ceteth-16, citral, parfum/fragrance (FIL C18479/2)., A protéger contre les rayons solaires et à ne pas exposer à une température supérieure à 50°C.]|"
26,07€ / L"|"
7,82 €"
2915|Laque Satin Absolute|L'aérosol de 300ml|[Origine : FRANCE, Micro-diffusion. Elle maintient parfaitement votre coiffure et laisse vos cheveux souples et soyeux. Protège vos cheveux de l'humidité. S'élimine au plus léger brossage., Diffuser à environ 30cm de la chevelure : le micro-diffuseur assure une diffusion ultra-fine et une répartition plus uniforme de la laque sur les cheveux. Récipient sous pression. Ne pas percer ou brûler même après usage. Ne pas vaporiser vers une flamme ou un corps incandescent. Conserver à l'écart de toute flamme ou source d'étincelles ou d'ignition. Ne pas fumer. Conserver hors de la portée des enfants. Eviter de vaporiser vers les yeux ou sur une peau irritée et d'inhaler intentionnellement.Ne pas utiliser pour un usage autre que celui pour lequel le produit est destiné. Ne pas utiliser dans une atmosphère confinée., Alcohol denat, dimethyl ether, Va/crotonates/vinyl neodecanoate copolymer, hydroxycitronellal, evernia prunastri/oakmoss extract, PEG/PPG-18/18 dimethicone, ethylhexyl methoxycinnamate, aminomethyl propanol, calcium pantothenate, limonene, linalool,benzyl benzoate, benzyl alcohol, alpha-isomethyl ionone, geraniol, citronellol, coumarin, amyl cinnamal, parfum/fragrance, (F.I.L. C39493/1)., A protéger contre les rayons solaires et à ne pas exposer à une température supérieure à 50°C.]|"
36,70€ / L"|"
11,01 €"
2916|Laque Satin Cheveux Colorés|L'aérosol de 150ml|[Origine : FRANCE, Elnett Satin micro-diffusion filtre UV. Toute la tenue et la finesse d'Elnett Satin adaptées aux besoins spécifiques des cheveux colorés.Maintient votre coiffure en lui gardant tout son naturel. Préserve l'éclat de votre couleur. Protège vos cheveuxde l'humidité. S'élimine au plus léger brossage., Diffuser à environ 30 cm de la chevelure le micro-diffuseur assure une diffusion ultra fine et une répartition plus uniforme de la laque sur les cheveux. Récipient sous pression. Ne pas percer ou brûler même après usage. Ne pas vaporiser vers une flamme ou un corps incandescent. Conserver à l'écart de toute flamme, source d'ignition et d'étincelles. Ne pas fumer. Conserver hors de la portée des enfants. Ne pas vaporiser vers les yeux ou sur une peau irritée. Ne pas inhaler. Ne pas utiliser pourun usage autre que celui pour lequel le produit est destiné. Ne pas utiliser dans une atmosphère confinée. Extrêmement inflammable., Alcohol denat, dimethyl ether, va/crotonates/vinyl neodecanoate copolymer, tocopherol, hydroxycitronellal, evernia prunastri/oakmoss extract, peg/ppg-18/18 dimethicone, methyl ether, ethylhexyl methoxycinnamate, aminomethyl propanol, limonene, linalool, benzyl benzoate, benzyl alcohol, alpha-isomethyl ionone, geraniol, citronellol, coumarin, amyl cinnamal, parfum/fragrance (FIL C44731/1)., A protéger contre les rayons solaires et à ne pas exposer à une température supérieure à 50°C.]|"
45,93€ / L"|"
6,89 €"
2917|Laque Satin Cheveux Colorés|L'aérosol de 300ml|[Origine : BELGIQUE, Toute la tenue et la finesse d'Elnett Satin adaptées aux besoins spécifiques des cheveux colorés. Maintient votre coiffure en lui gardant tout son naturel.Préserve l'éclat de votre couleur. Protège votre coiffure de l'humidité. S'élimine au plus léger brossage., Diffuser à environ 30cm de la chevelure : le micro-diffuseur assure une diffusion ultra fine et une répartition plus uniforme de la laque sur les cheveux. Ne pas percer ou brûler même après usage. Ne pas vaporiser vers une flamme ou un corps incandescent. Conserver à l'écart de toute flamme ou source d'étincelles. Ne pas fumer. Conserver hors de la portée des enfants. Eviter de vaporiser vers les yeux ou sur une peau irritée et d'inhaler intentionnellement. Ne pas utiliser pour un usage autre que celui pour lequel le produit est destiné. Ne pas utiliser dans une atmosphère confinée., Alcohol denat, dimethyl ether, va/crotonates/vinyl neodecanoate copolymer, tocopherol, hydroxycitronellal, evernia prunastri/oakmoss extract, PEG/PPG 18/18, dimethicone, ethylhexyl methoxycinnamate, aminomethyl propanol, limonene, linalool, benzyl benzoate, benzyl alcohol, alpha-isomethyl ionone, geraniol, citronellol, coumarin, amyl cinnamal, parfum/fragrance, (FIL C44731/1)., Récipient sous pression, à protéger contre les rayons solaires et à ne pas exposer à une température supérieure à 50°C.]|"
34,17€ / L"|"
10,25 €"
2918|Laque Satin Cheveux Colorés|L'aérosol de 400ml|[Origine : FRANCE, Toute la tenue et la finesse d'Elnett Satin adaptées aux besoins spécifiques des cheveux colorés. Maintient votre coiffure en lui gardant tout son naturel. Préserve l'éclat de votre couleur. Protège vos cheveux de l'humidité. S'élimine au plus légerbrossage., Diffuser à environ 30 cm de la chevelure : le micro-diffuseur assure une diffusion ultra fine et une répartition plus uniforme de la laque sur les cheveux.  Récipient sous pression. Ne pas percer ou brûler même après usage. Ne pas vaporiser vers uneflamme ou un corps incandescent. Conserver à l'écart de toute flamme ou source d'étincelles ou d'ignition. Ne pas fumer. Conserver hors de la portée des enfants. Eviter de vaporiser vers les yeux, ou sur une peau irritée et d'inhaler intentionnellement. Ne pas utiliser pour un usage autre que celui pour lequel le produit est destiné. Ne pas utiliser dans une atmosphère confinée., ALCOHOL DENAT., DIMETHYL ETHER, YA/VINYL BUTYL, BENZOATE/CROTONATES COPOLYMER, CYCLOPENTASILOXANE, HYDROXYCITRONELLOL, EVERNIA PRUNASTRI / OAKMOSS EXTRACT, PPG-3 METHYL ETHER, ETHYLHEXIL METHOXYCINNAMATE, AMINOMETHYL PROPANOL, DIMETHICONE COPOLYOL, LIMONENE LINALOOL, BENZYL BENZOATE, ALPHA-ISOMETHYL IONONE, GERANIOL, CITRONELLOL, COUMARIN, AMYL CINNAMAL, PARFUM / FRAGRANCE (FIL Cl 4762/2)., A protéger contre les rayons solaires et à ne pas exposer à une température supérieure à 50°C.]|"
31,55€ / L"|"
12,62 €"
2919|Laque Satin Cheveux Secs|L'aérosol de 150ml|[Origine : FRANCE, Toute la tenue et la finesse d'Elnett Satin adaptées aux besoins spécifiques des cheveux secs ou abîmés. Enrichie en nutri-céramide pour ses propriétés restructurante.Tenue parfaite longue durée. Toucher doux satin. Protège les cheveux secs ou abîmés. S'élimine au plus léger brossage., Diffuser à environ 30cm de la chevelure : le micro-diffuseur assure une diffusion ultra-fine et une répartition plus uniforme de la laque sur les cheveux. Récipient sous pression. Ne pas percer ou brûler même après usage. Ne pas vaporiser vers une flamme ou un corps incandescent. Conserver à l'écart de toute flamme ou source d'étincelles ou d'ignition. Ne pas fumer. Conserver hors de la portée des enfants. Eviter de vaporiser vers les yeux ou sur une peau irritée et d'inhaler intentionnellement.Ne pas utiliser pour un usage autre que celui pour lequel le produit est destiné. Ne pas utiliser dans une atmosphère confinée. Extrêmement inflammable., Dimethyl ether, alcohol denat, aqua/water, polyurethane-6, hydroxycitronellal, ethylhexyl methoxycinnamate, dimethicone, limonene, linalool, benzyl salicylate, benzyl alcohol, 2-oleamido-1,3-octadecanediol, alpha-isomethyl ionone, geraniol, citronellol, hexyl cinnamal, glycerin, parfum/fragrance (FIL C39330/1)., A protéger contre les rayons solaires et à ne pas exposer à une température supérieure à 50°C.]|"
45,00€ / L"|"
6,75 €"
2920|Laque Satin Cheveux Secs|L'aérosol de 300ml|[Origine : BELGIQUE, Toute la tenue et la finesse d'Elnett Satin adaptées aux besoins spécifiques des cheveux secs ou abîmés enrichie en nutri-céramide pour ses propriétés restructurantes.Tenue parfaite longue durée. Toucher doux satin. Protège les cheveux secs ou abîmés. S'élimine au plus léger brossage., Diffuser à environ 30cm de la chevelure : le micro-diffuseur assure une diffusion ultra fine et une répartition plus uniforme de la laque sur les cheveux. Ne pas percer ou brûler même après usage. Ne pas vaporiser vers une flamme ou un corps incandescent. Conserver à l'écart de toute flamme ou source d'étincelles. Ne pas fumer. Conserver hors de la portée des enfants. Eviter de vaporiser vers les yeux ou sur une peau irritée et d'inhaler intentionnellement. Ne pas utiliser pour un usage autre que celui pour lequel le produit est destiné. Ne pas utiliser dans une atmosphère confinée., Dimethyl ether, alcohol denat, aqua/water, polyurethane-6, hydroxycitronellal, ethylhexyl methoxycinnamate, dimethicone, limonene, linalool, benzyl salicylate, benzyl alcohol,   2-oleamido-1,3-octadecanediol, alpha-isomethyl ionone, geraniol, citronellol, hexyl cinnamal, glycerin, parfum/fragrance (FIL C39330/1)., Récipient sous pression, à protéger contre les rayons solaires et à ne pas exposer à une température supérieure à 50°C.]|"
33,63€ / L"|"
10,09 €"
2921|Laque Satin Cheveux Secs|L'aérosol de 400ml|[Origine : FRANCE, Toute la tenue et la finesse d'Elnett Satin adaptées aux besoins spécifiques des cheveux secs ou abîmés enrichie en nutri-céramide pour ses propriété restructurante. Tenue parfaite longue durée. Toucher doux satin. Protège les cheveux secs ou abîmés.S'élimine au plus léger brossage., Diffuser à environ 30cm de la chevelure : le micro-diffuseur assure une diffusion ultra fine et une répartition plus uniforme de la laque sur les cheveux.  Récipient sous pression. Ne pas percer ou brûler même après usage. Ne pas vaporiser vers une flamme ou un corps incandescent. Conserver à l'écart de toute flamme ou source d'étincelles ou d'ignition. Ne pas fumer. Conserver hors de la portée des enfants. Eviter de vaporiser vers les yeux, ou sur une peau irritée et d'inhaler intentionnellement. Ne pas utiliser pour un usage autre que celui pour lequel le produit est destiné. Ne pas utiliser dans une atmosphère confinée. Extrêmement inflammable., Dimethyl ether, alcohol denat, aqua/water, polyuretane-6, hydroxycitronellal, ethylhexyl methoxycinnamate, dimethicone, limonene, linalool, benzyl salicylate, 2-oleamido-1,3-octadecanediol, alpha-isomethyl ionone, geraniol, butylphenyl methylpropional, citronellol, hexyl cinnamal, glycerin, parfum/fragrance. (FIL C21369/1)., A protéger contre les rayons solaires et à ne pas exposer à une température supérieure à 50°C.]|"
31,55€ / L"|"
12,62 €"
2922|Laque Satin Fixation Forte|L'aérosol de 150ml|[Origine : FRANCE, Elnett satin micro-diffusion maintient votre coiffure en lui gardant tout son naturel. Protège vos cheveux de l'humidité. S'élimine au plus léger brossage., Diffuser à environ 30cm de la chevelure : le micro-diffuseur assure une diffusion ultra fine et une répartition plus uniforme de la laque sur les cheveux.  Récipient sous pression, Ne pas vaporiser vers une flamme ou un corps incandescent, Conserverà l'écart de toute flamme ou source d'étincelles, A protéger contre les rayons solaires et à ne pas exposer à une température supérieure à 50 oC, Ne pas percer o, Acohol denat, dimethyl ether, isobutane, VA/vinyl butyl benzoate/crotonates copolymer, cyclopentasiloxane, PPG-3 methyl ether, ethylhexyl methoxycinnamate, aminomethyl propanol, dimethicone copolyol, parfum. (C15909/1).]|"
45,00€ / L"|"
6,75 €"
2923|Laque Satin Fixation Forte|L'aérosol de 300ml|[Origine : BELGIQUE, Elnett satin micro-diffusion maintient votre coiffure en lui gardant tout son naturel. Protège vos cheveux de l'humidité. S'élimine au plus léger brossage., Diffuser à environ 30cm de la chevelure : le micro-diffuseur assure une diffusion ultra fine et une répartition plus uniforme de la laque sur les cheveux. Ne pas percer ou brûler même après usage. Ne pas vaporiser vers une flamme ou un corps incandescent. Conserver à l'écart de toute flamme ou source d'étincelles. Ne pas fumer. Conserver hors de la portée des enfants. Eviter de vaporiser vers les yeux ou sur une peau irritée et d'inhaler intentionnellement. Ne pas utiliser pour un usage autre que celui pour lequel le produit est destiné. Ne pas utiliser dans une atmosphère confinée., Alcohol denat, dimethyl ether, isobutane, va/crotonates/vinyl neodecanoate copolymer, hydroxycitronellal, evernia prunastri / oakmoss extract, PEG/PPG-18/18 dimethicone, ethylhexyl methoxycinnamate, aminomethyl propanol, limonene, linalool, benzyl benzoate, benzyl alcohol, alpha-isomethyl ionone, geraniol, citronellol, coumarin, amyl cinnamal, parfum / fragrance. (FIL C415538/1)., Récipient sous pression, à protéger contre les rayons solaires et à ne pas exposer à une température supérieure à 50°C.]|"
32,10€ / L"|"
9,63 €"
2924|Laque Satin Fixation Forte|L'aérosol de 400ml|[Origine : FRANCE, Elnett Satin maintient votre coiffure en lui gardant tout son naturel, protège vos cheveux de l'humidité et s'élimine au plus léger brossage., Alcohol denat, dimethyl ether, isobutane, va/vinyl butyl benzoate/crotonates copolymer, cyclopentasiloxane, hydroxycitronellal, evernia prunastri/oakmoss extract, PPG-3 methyl ether, ethylhexyl methoxycinnamate, aminomethyl propanol, dimethicone copolyol, limonene, linalool, benzyl benzoate, alpha-isomethyl ionone, geraniol, citronellol, coumarin, amyl cinnamal, parfum. (FIL C15909/2).]|"
29,85€ / L"|"
11,94 €"
2925|Laque Satin Fixation Normale|L'aérosol de 150ml|[Origine : FRANCE, Elnett satin micro-diffusion maintient votre coiffure en lui gardant tout son naturel. Protège vos cheveux de l'humidité. S'élimine au plus léger brossage., Diffuser à environ 30cm de la chevelure : le micro-diffuseur assure une diffusion ultra fine et une répartition plus uniforme de la laque sur les cheveux. Ne pas percer ou brûler même après usage. Ne pas vaporiser vers une flamme ou un corps incandescent. Conserver à l'écart de toute flamme ou source d'étincelles. Ne pas fumer. Conserver hors de la portée des enfants. Eviter de vaporiser vers les yeux ou sur une peau irritée et d'inhaler intentionnellement. Ne pas utiliser pour un usage autre que celui pour lequel le produit est destiné. Ne pas utiliser dans une atmosphère confinée., Alcohol denat, dimethyl ether, VA/crotonates/vinyl neodecanoate copolymer, hydroxycitronellal, evernia prunastri/oakmoss extract, peg/ppg- 18/18, dimethicone, ethylhexyl methoxycinnamate, aminomethyl propanol, limonene, linalool, benzyl benzoate, benzyl alcohol, alpha-isomethyl ionone, geraniol, citronellol, coumarin, amyl cinnamal, parfum/fragrance (FIL C41523/1)., Récipient sous pression, à protéger contre les rayons solaires et à ne pas exposer à une température supérieure à 50°C.]|"
37,80€ / L"|"
5,67 €"
2926|Laque Satin Fixation Normale|L'aérosol de 300ml|[Origine : BELGIQUE, Elnett satin micro-diffusion maintient votre coiffure en lui gardant tout son naturel. Protège vos cheveux de l'humidité. S'élimine au plus léger brossage., Diffuser à environ 30cm de la chevelure : le micro-diffuseur assure une diffusion ultra fine et une répartition plus uniforme de la laque sur les cheveux. Ne pas percer ou brûler même après usage. Ne pas vaporiser vers une flamme ou un corps incandescent. Conserver à l'écart de toute flamme ou source d'étincelles. Ne pas fumer. Conserver hors de la portée des enfants. Eviter de vaporiser vers les yeux ou sur une peau irritée et d'inhaler intentionnellement. Ne pas utiliser pour un usage autre que celui pour lequel le produit est destiné. Ne pas utiliser dans une atmosphère confinée., Alcohol denat, dimethyl ether, va/crotonates/vinyl neodecanoate copolymer, hydroxycitronellal, evernia prunastri/oakmoss extract, PEG/PPG-18/18 dimethicone, ethylhexyl methoxycinnamate, aminomethyl propanol, limonene, linalool, benzyl benzoate, benzyl alcohol, alpha-isomethyl ionone, geraniol, citronellol, coumarin, amyl cinnamal, parfum/fragrance. (FIL C41523/1)., Récipient sous pression, à protéger contre les rayons solaires et à ne pas exposer à une température supérieure à 50°C.]|"
29,50€ / L"|"
8,85 €"
2927|Laque Satin Fixation Normale|L'aérosol de 400ml|[Origine : FRANCE, Micro diffusion Elnett satin maintient votre coiffure en lui gardant tout son naturel, protège vos cheveux de l'humidité, s'élimine au plus léger brossage., Diffuser à 30cm de la chevelure : le micro diffuseur assure une diffusion ultra-fine et une répartition plus uniforme de la laque sur les cheveux.  Récipient sous pression, A protéger contre les rayons solaires et à ne pas exposer à une température supérieure à 50 oC, Ne pas percer ou brûler même après usage, Ne pas vaporiser vers une flamme ou un corps incandescent, Conserver à l'écart de toute flam, Alcohol denat, dimethyl ether, va/vinyl buthyl benzoate/crotonates copolymer, aminomethyl propanol, cyclopentasiloxane, dimethicone copolyol, ethylhexyl methoxycinnamate, PPG-3 methyl ether, parfum (C15083/1).]|"
29,48€ / L"|"
11,79 €"
2928|Laque Satin Lady Liss|L'aérosol de 300ml|[Origine : FRANCE, Lisse la chevelure et protège vos cheveux de l'humidité. Pour un lissage parfait et une brillance laquée au quotidien., Diffuser à environ 30 cm de la chevelure : le micro diffuseur assure une diffusion ultra fine et une répartition plus uniforme de la laque sur les cheveux. S'élimine au plus léger brossage. Récipient sous pression. Ne pas percer ou brûler même aprèsusage. Ne pas vaporiser vers une flamme ou un corps incandescent. Conserver hors de la portée des enfants. Eviter de vaporiser vers les yeux, ou sur une peau irriter et d'inhaler intentionnellement. Ne pas utiliser pour un autre usage que celui pourlequel le produit est destiné. Ne pas utiliser dans une atmosphère confinée., Alcohol denat, dimethyl ether, va/crotonates/vinyl neodecanoate copolymer, peg/ppg-4/12 dimethicone, ethylhexyl methoxycinnamate, aminomethyl propanol, limonene, linalool, benzyl alcohol, alpha isomethyl ionone, geraniol, rose centifolia extract/rosacentifolia flower extract, citronellol, coumarin, hexyl cinnamal, parfum. C158630/1., A protéger contre les rayons solaires et à ne pas exposer à une température supérieure à 50°C.]|"
35,33€ / L"|"
10,60 €"
2929|Laque Satin Lumière|La bombe de 150ml|[Origine : BELGIQUE]|"
48,00€ / L"|"
7,20 €"
2930|Laque Satin Volume Toujours|L'aérosol de 150ml|[Origine : FRANCE, Enrichie en pro-kératine, elle crée facilement du volume pour des coiffures qui tiennent toute la journée et restent naturelles et vivantes.Protège votre coiffure de l'humidité. S'élimine au plus léger brossage., Diffuser à 20cm sur les racines, puis placez votre coiffure avec vos mains ou une brosse. Pour une tenue parfaite, terminez par une diffusion en halo à 20cm de la coiffure. Récipient sous pression. Ne pas percer ou brûler même après usage. Ne pas vaporiser vers une flamme ou un corps incandescent. Conserver à l'écart de toute flamme ou source d'étincelles ou d'ignition. Ne pas fumer. Conserver hors de la portée des enfants. Eviter de vaporiser vers les yeux, ou sur une peau irritée et d'inhalerintentionnellement. Ne pas utiliser pour un usage autre que celui pour lequel le produit est destiné. Ne pas utiliser dans une atmosphère confinée., Alcohol denat, dimethyl ether, acrylates/t-butylacrylamide copolymer, aqua/water, hydroxycitronellal, evernia prunastri/oakmoss extract, PEG/PPG-18/18 dimethicone, magnesium acetate, arginine, aminomethyl propanol, limonene, linalool, benzyl benzoate, benzyl alcohol, alpha-isomethyl ionone, geraniol, serine, citronellol, coumarin, glutamic acid, amyl cinnamal, parfum/fragrance, (FIL C34273/1)., A protéger contre les rayons solaires et à ne pas exposer à une température supérieure à 50°C.]|"
48,00€ / L"|"
7,20 €"
2931|Laque Satin Volume Toujours|L'aérosol de 300ml|[Origine : FRANCE, Enrichie en pro-kératine, elle crée facilement du volume pour des coiffures qui tiennent toute la journée et restent naturelles et vivantes. Protège votre coiffure de l'humidité.S'élimine au plus léger brossage., Diffuser à 20cm sur les racines, puis placez votre coiffure avec vos mains ou une brosse. Pour une tenue parfaite, terminez par une diffusion en halo à 20cm de la coiffure. Récipient sous pression. Ne pas percer ou brûler même après usage. Ne pas vaporiser vers une flamme ou un corps incandescent. Conserver à l'écart de toute flamme source d'étincelles ou d'ignition. Ne pas fumer. Conserver hors de la portée des enfants. Eviter de vaporiser vers les yeux ou sur une peau irritée et d'inhaler intentionnellement. Ne pas utiliser pour un usage autre que celui pour lequel le produit est destiné. Ne pas utiliser dans une atmosphère confinée. Extrêmement inflammable., Alcohol denat, dimethyl ether, acrylates/t-butylacrylamide copolymer, aqua/water, hydroxycitronellal, evernia prunastri/oakmoss extract, PEG/PPG-18/18 dimethicone, magnesium acetate, arginine, aminomethyl propanol, limonene, linalool, benzyl benzoate, benzyl alcohol, alpha-isomethyl ionone, geraniol, serine, citronellol, coumarin, glutamic acid, amyl cinnamal, parfum/fragrance (FIL C34273/1)., A protéger contre les rayons solaires et à ne pas exposer à une température supérieure à 50°C.]|"
36,97€ / L"|"
11,09 €"
2932|Laque volume excess, Fixation forte|La bombe de 300ml|[Origine : FRANCE]|"
35,33€ / L"|"
10,60 €"
2933|Spray Coiffant Lissage|Le vaporisateur de 170ml|[Origine : FRANCE, Spécialement adapté au lissage avec sèche-cheveux au fer à lisser. Formule exclusive double action : protège de la chaleur jusqu'à 230°, pour des cheveux brillants et doux comme du satin. Efficacité prouvée. Assouplit les cheveux et neutralise frisottis et humidité pour un lissage jusqu'à 3 jours., Pressez le bouton pour débloquer la gâchette. Vaporisez à environ 15 cm sur cheveux humides pré-séchés. Réalisez votre brushing lisse à l'aide d'une brosse : la formule se répartit uniformément sur vos cheveux, des racines aux pointes, sans les alourdir, pour une efficacité optimale. Pour un résultat extra-lisse, lissez au fer, mèche à mèche. En cas de contact avec les yeux, les rincer immédiatement., Aqua/water, dimethicone, stearyl alcohol, hydrolyzed conchiolin protein, phenoxyethanol, ppg-5-ceteth-20, behentrimonium chloride, trideceth-6, salicylic acid, xylose, limonene, linalool, amodimethicone, isopropyl alcohol, caprylyl glycol, alpha-isomethyl ionone, cetrimonium chloride, citronellol, laureth-4, laureth-23, hexyl cinnamal, parfum/fragrance (FIL C55567/1)., 12 mois après ouverture.]|"
58,71€ / L"|"
9,98 €"
2934|Spray Coiffant Volume|Le vaporisateur de 170ml|[Origine : FRANCE, Spécialement adapté au brushing volume avec sèche-cheveux ou tout autre appareil chauffant. Formule exclusive : contient un actif connu pour ses propriétés protectrices vis-à-vis de la chaleur, pour des cheveux brillants et doux comme du satin. Apporte de la matière et neutralise l'humidité avec une action anti-plat pour un brushing avec plus de volume jusqu'à 3 jours., Pressez le bouton pour débloquer la gâchette. Vaporisez à environ 15 cm sur cheveux humides pré-séchés. Réalisez votre brushing à l'aide d'une brosse : la formule se répartit uniformément sur vos cheveux, des racines aux pointes, sans les alourdir, pour une efficacité optimale. Pour un volume maximal, séchez tête en bas et insistez sur les racines. En cas de contact avec les yeux, les rincer immédiatement., Aqua/water, propylene glycol, acrylates copolymer, quaternium-80, quaternium-87, hydrolyzed conchiolin protein, phenoxyethanol, behentrimonium chloride, triethanolamine, polyacrylate-3, xylose, limonene, linalool, alpha-isomethyl ionone, methylparaben, citronellol, laureth-4, hexyl cinnamal, parfum/fragrance (FIL C55568/1)., 12 mois après ouverture.]|"
55,76€ / L"|"
9,48 €"
2935|Laque finition et brillance, cheveux normaux ou ternes|La bombe de 250ml|[Origine : FRANCE, Illumine vos cheveux d'une brillance diamant. Cheveux doux au toucher et mouvement naturel grâce à la diffusion ultra fine. S'élimine d'un simple coup de brosse.Formule enrichie en pro-vitamine B5 et vitamine B3, qui ne dessèche pas vos cheveux. Système de micro-diffusion. Une tenue parfaite qui laisse vos cheveux respirer., Vaporisez uniformément à env 30cm de votre chevelure. Convient pour une utilisation quotidienne. Récipient sous pression. Ne pas percer ou brûler même après usage. Ne pas vaporiser vers une flamme ou un corps incandescent. Conserver à l'écart de toute source d'ignition. Ne pas fumer. Ne pas utiliser dans une atmosphère confinée. Conserver hors de la portée des enfants. Ne pas inhaler. Ne pas vaporiser vers les yeux. Utiliser uniquement pour l'usage indiquée. Extrêmement inflammable., Alcohol denat, butane, isobutane, propane, octylacrylamide/acrylates/butylaminoethyl methacrylate copolymer, aqua, PEG-12-dimethicone, panthenol, niacinamide, aminomethyl propanol, hexyl cinnamal, butylphenyl methylpropional, linalool, citronellol, geraniol, hydroxyisohexyl 3-cyclohexene carboxaldehyde, alpha-isomethyl ionone, benzyl alcohol, limonene, parfum., A protéger contre les rayons solaires et à ne pas exposer à une température supérieure à 50°C.]|"
28,80€ / L"|"
7,20 €"
2936|Laque cheveux secs fixation forte|L'atomiseur de 400ml|[Origine : FRANCE]|"
14,65€ / L"|"
5,86 €"
2937|Laque tenue flexible|L'atomiseur de 400ml|[Origine : ALLEMAGNE, Tenue flexible longue durée. Evite les paquets et l'effet carton, s'élimine facilement au brossage. Aide à la protection des cheveux contre les rayonnements UV., Bien agiter avant emploi. A utiliser sur cheveux secs. Vaporisez par de brèves pressions. En cas d'obstruction du micro diffuseur, rincez le à l'eau tiède. Pour une finition naturelle : vaporisez à 30 cm. Pour coiffer vos mèches une à une : vaporisezdès la racine en les structurant jusqu'aux pointes. Récipient sous pression. Ne pas percer ou brûler même après usage. Ne pas vaporiser vers une flamme ou un corps incandescent. Conserver hors de la portée des enfants. Utiliser et ranger à l'écart de toute flamme ou source d'étincelles, source de chaleur, appareil électrique en fonctionnement. Ne pas fumer. Utiliser dans un endroit bien ventilé. Ne pas vaporiser vers les yeux. Ne pas inhaler intentionnellement. Ne pas utiliser pour un usage autre que celui pour lequel le produit est destiné. Procéder par de brèves pressions dans pulvérisation prolongée., A protéger contre les rayons solaires et à ne pas exposer à une température supérieure à 50°C.]|"
14,65€ / L"|"
5,86 €"
2938|Laque tenue invisible, fixation forte|L'atomiseur de 400ml|[Origine : ALLEMAGNE]|"
14,65€ / L"|"
5,86 €"
2939|Eau coiffante, discipline les épis, extrait de pulpe de pamplemousse, sans effet collant|La pompe de 150ml|[Origine : FRANCE, Permet de discipliner les cheveux en domptant les mèches rebelles et les épis., Appliquez sur cheveux secs ou humides. Vaporisez sur l'ensemble de la chevelure puis coiffez au peigne ou travaillez au doigt. Pour discipliner vos épis, vaporisez directement sur la mèche à dompter puis coiffez. Ne pas vaporiser vers les yeux ou surun cuir chevelu irrité., Aqua, alcohol denat, glycerin, pvp, phenoxyethanol, polysorbate 20, peg-40 hydrogenated castor oil, panthenol, niacinamide, chitosan, peg/ppg-14/4 dimethicone, propylene glycol, parfum, lactic acid, benzotriazolyl dodecyl p-cresol, citrus grandis fruit extract, methylisothiazolinone, pantolactone, citric acid, pentaerythrityl tetra-di-t-butyl hydroxyhydrocinnamate, CI42090, CI19140., 18 mois après ouverture.]|"
20,53€ / L"|"
3,08 €"
2940|Huile bi-phase coiffante, Anti-frisottis 24h|Le spray de 150ml|[Origine : FRANCE, L'huile bi-phase coiffante anti-frisottis 24h définit et sublime les coiffures ondulées et bouclées sans altérer la beauté des cheveux. Des ondulations parfaites, une brillance intense et un toucher soyeux non gras., Agiter avant emploi. Sur cheveux humides, appliquer d'un geste ample et travailler aux doigts pour bien répartir le produit puis procéder au séchage. Ou appliquer en voile de finition sur cheveux secs. Eviter de vaporiser sur une peau irritée ou versles yeux. En cas de projection, rincer immédiatement et abondamment avec de l'eau., Alcohol denat, aqua/water, isopropyl myristate, cl17200/red 33, cl15985/yellow 6, linalool, alpha-isomethyl ionone, coumarin, limonene, hydroxycitronellal, citronellol, lactic acid, vinylamine/vinylformamide copolymer, hexyl cinnamal, benzyl salicylate, benzyl alcohol, parfum/fragrance (fil C163124/2)., 18 mois après ouverture.]|"
54,60€ / L"|"
8,19 €"
2941|Huile bi-phase coiffante, Anti-frisottis 24h|Le spray de 150ml|[Origine : FRANCE, L'huile bi-phase coiffante anti-frisottis 24 h discipline et sublime les coiffures lissées et défrisées, sans altérer la beauté des cheveux. Un lissage parfait, une brillance intense et un toucher soyeux non-gras., Agiter avant emploi. Sur cheveux humides, appliquer d'un geste ample et travailler aux doigts pour bien répartir le produit puis procéder au séchage. Ou appliquer en voile de finition sur cheveux secs. Eviter de vaporiser sur une peau irritée ou versles yeux. En cas de projection, rincer immédiatement et abondamment avec de l'eau., Alcohol denat, aqua / water, isopropyl myristate, vp/va copolymer, ci 19140 / yellow 5, ci 17200/ red 33, linalool, alpha-isomethyl ionone, coumarin, limonène, hydroxycitronellal, citronellol, polyquaternium-46, hexyl cinnamal, benzyl salicylate, benzyl alcohol, parfum / fragrance., 18 mois après ouverture.]|"
54,60€ / L"|"
8,19 €"
2942|Mousse de coiffage, cheveux bouclés, ondulés|La bombe de 200ml|[Origine : FRANCE, La mousse de coiffage Boucles Sculpt' discipline les frisottis, définit et sculpte vos boucles tout en leur donnant un toucher soyeux unique., Bien agiter avant l'emploi. Pressez en maintenant le flacon à la verticale, diffuseur vers le haut pour recueillir 2 ou 3 grosses noix de mousse dans la main. Appliquez sur cheveux secs ou humides des racines aux pointes. Construction globale : prenez de grandes mèches de cheveux à pleines mains et froissez-les en décollant bien les racines. Définition mèche à mèche : travaillez les boucles une à une en les enroulant autour de votre index. Création des boucles : utilisez un fer à friser en vrillant les mèches une à une. Récipient sous pression. Ne pas percer ou brûler, même après usage. Ne pas vaporiser vers une flamme ou un corps incandescent. Conserver à l'écart de toute flamme ou source d'étincelles. Ne pas fumer. Conserver hors de la portée des enfants. Ne pas utiliser pour un usage autre que celui pour lequel le produit est destiné., Aqua/water, alcohol denat, isobutane, butane, propane, triacetin, linalool, geraniol, amodimethicone, trideceth-12, coumarin, aminomethyl propanol, limonene, hydroxyisohexyl 3-cyclohexene carboxaldehyde, cetrimonium chloride, citronellol, panthenol,acrylates copolymer, polyquaternium-4, polysorbate-20, hexyl cinnamal, butylphenyl methylpropional, benzyl benzoate, benzyl salicylate, parfum/fragrance (FIL C21283/1)., A protéger contre les rayons solaires et à ne pas exposer à une température supérieure à 50°C.]|"
32,85€ / L"|"
6,57 €"
2943|Volume parfait, mousse de coiffage pour un effet gonflant, tenue longue durée, cheveux fins, sans volume|La bombe de 200ml|[Origine : FRANCE, Vous souhaitez donne à votre chevelure tout le gonflement qu'elle mérite sans avoir la sensation d'un toucher collant et rêche ? Découvrez la mousse professionnelle de coiffage Volume Parfait qui donne de l'ampleur à vos coiffures sans sacrifier au plaisir d'un toucher naturellement soyeux., Aqua, isobutane, propylene glycol, butane, propane, polyquaternium-4, PEG-40 hydrogenated castor oil, linalool, geraniol, methylparaben, alpha-isomethyl ionone, phenoxyethanol, limonene, laureth-4, cetrimonium chloride, citronellol, hydroxyisohexyl 3-cyclohexene carboxaldehyde, panthenol, polyethylene glycol, butylphenyl methylpropional, hexyl cinnamal, benzyl salicylate, parfum (FIL C25177/1)., A protéger contre les rayons solaires., Ne pas exposer à une température supérieure à 50°C.]|"
34,45€ / L"|"
6,89 €"
2944|Mousse cheveux courts, coiffante professionnelle, fixation forte|Le spray de 300ml|[Origine : FRANCE, Conçu pour créer un volume aérien à votre coiffure pendant 24h grâce à sa formule micro aérée et sans alcool qui respecte vos cheveux., Bien agiter avant utilisation. Presser le diffuseur tête vers le bas en maintenant le flacon à la verticale. Appliquer la mousse en racines et pour une répartition homogène, utiliser un peigne à larges dents en insistant sur les racines. Sécher ensuite tête en bas. Récipient sous pression, à protéger contre les rayons solaires et à ne pas exposer à une température supérieure à 50°C, ne pas percer ou brûler même après usage. Ne pas vaporiser vers une flamme ou un corps incandescent. Conserver à l'écart de toute flamme ou source d'étincelles. Ne pas fumer. Conserver hors de la portée des enfants. Ne pas utiliser pour un usage autre que celui pour lequel le produit est destiné., Aqua/water, glucose, isobutane, butane, propane, linalool, glycerin, eugenol, sodium benzoate, coumarin, chondrus crispus (carrageenan), limonene, citronellol, decyl glucoside, hexyl cinnamal, butylphenyl methylpropional, benzyl alcohol, benzyl salicylate, parfum/fragrance (FIL C165032/2).]|"
26,43€ / L"|"
7,93 €"
2945|Mousse coiffante 24h Expert Boucles, fixation forte|L'atomiseur de 300ml|[Origine : FRANCE, La mousse professionnelle expert boucles, testée dans mon centre technique, a été conçue pour dessiner des boucles parfaitement rebondies pendant 24h, tout en respectant vos cheveux.Elle est parfaitement adaptée pour tonifier et discipliner les boucles et les ondulations. Pour une utilisation optimale, utiliser la mousse sur cheveux mouillés ou humidifiés, et laisser sécher à l'air libre., Pour ne pas casser le ressort de vos boucles, appliquer la mousse délicatement puis, laisser sécher à l'air libre ou utiliser un diffuseur adapté, que vous positionnerez sous les pointes de vos cheveux. Récipient sous pression. Ne pas percer ou brûler même après usage. Ne pas vaporiser vers une flamme ou un corps incandescent. Conserver à l'écart de toute source d'étincelles. Ne pas fumer. Conserver hors de la portée des enfants. Ne pas utiliser pour un usage autre que celui pour lequel le produit est destiné. Extrêmement inflammable., Aqua/water, glucose, isobutane, butane, propane, linalool, glycerin, eugenol, sodium benzoate, coumarin, chondrus crispus (carrageenan), limonene, citronellol, decyl glucoside, hexyl cinnamal, butylphenyl methylpropional benzyl alcohol, benzyl salicylate, parfum/fragrance (FIL C41018/1)., A protéger contre les rayons solaires et à ne pas exposer à une température supérieure à 50°C.]|"
24,00€ / L"|"
7,20 €"
2946|Spray expert cheveux courts, fixant professionnel|Le spray de 400ml|[Origine : FRANCE, Le spray fixant professionnel Expert Cheveux Courts testé dans mon centre technique, a été conçu pour maintenir votre coiffure pendant 24 h, avec une diffusion ultrafine qui respecte vos cheveux. Parfaitement adapté à un coiffage quotidien et donne de la tenue aux cheveux courts sans les alourdir. Idéal coiffage quotidien. Diffuser mèche à mèche et sculpter aux doigts., Sur cheveux secs, diffuser le spray mèche à mèche et sculpter aux doigts pour un effet parfaitement défini. Récipient sous pression. Ne pas percer ou brûler même après usage. Ne pas vaporiser vers une flamme ou un corps incandescent. Conserver à l'écart de toute flamme ou source d'étincelles. Ne pas fumer. Conserver hors de la portée des enfants. Eviter de vaporiser vers les yeux, ou sur peau irritée et d'inhaler intentionnellement. Ne pas utiliser pour un usage autre que celui pour lequel le produit est destiné. Ne pas utiliser dans une atmosphère confinée., Alcohol denat, isobutane, butane, propane, aqua/water, va/crotonates/vinyl neodecanoate copolymer, linalool, glycerin, coumarin, aminomethyl propanol, limonène, citronellol, hexyl cinnamal, butylphenyl methylpropional, benzyl salicylate, benzyl alcohol, parfum/fragrance (FIL C164950/2)., A protéger contre les rayons solaires à ne pas exposer à une température supérieure à 50°C.]|"
19,33€ / L"|"
7,73 €"
2947|Spray fixant professionnel 24h Expert Fixation, fixation extrême|L'atomiseur de 400ml|[Origine : FRANCE, Le spray coiffant professionnel Expert Fixation Extrême testé dans mon centre technique, a été conçu pour maintenir votre coiffure pendant 24h, tout en respectant vos cheveux.IL est parfaitement adapté au travail des coupes structurées. pour un résultat optimal, appliquer le spray à 20 cm de la chevelure en insistant sur les mèches à mettre en relief., Appliquer le spray dans un mouvement large en insistant sur les racines. Travailler ensuite les mèches à la main pour obtenir l'effet décoiffé que vous souhaitez. Récipient sous pression. Ne pas percer ou brûler même après usage. Ne pas vaporiser vers une flamme ou un corps incandescent. Conserver à l'écart de toute source d'étincelles. Ne pas fumer. Conserver hors de la portée des enfants. Eviter d'inhaler intentionnellement, de vaporiser vers les yeux ou sur une peau irritée. Ne pas utiliser pour un usage autre que celui pour lequel le produit est destiné. Ne pas utiliser dans une atmosphère confinée. Extrêmement inflammable., Alcohol denat., isobutane, butane, propane, VA/crotonates/vinyl neodecanoate copolymer, aqua/water, linalool, glycerin, coumarin, aminomethyl propanol, limonene, citronellol, hexyl cinnamal, butylphenyl methylpropional, benzyl salicylate, benzyl alcohol, parfum/fragrance (FIL C42497/1)., A protéger contre les rayons solaires et à ne pas exposer à une température supérieure à 50°C.]|"
18,00€ / L"|"
7,20 €"
2948|Mousse coiffante au système vitaminé protecteur, volume longue tenue, cheveux fins ou plats|La bombe de 200ml|[Origine : FRANCE, Inspirée des techniques de coiffage professionnelles Jean Louis David, la nouvelle formule de la mousse coiffante Boost Volume a été conçu pour donner encore plus de corps et de volume à voter chevelure. Sa texture extra légère et aérienne décolle lecheveu dès la racine et amplifie le volume de votre chevelure sans cartonner. Sa formule est enrichie du système vitaminé protecteur pour fortifier et protéger les cheveux des agressions extérieures. Votre chevelure se déploie pour un volume ferme qui ne retombe pas. Vos cheveux sont doux et brillants sans être alourdis., Agitez bien avant emploi. Pressez le diffuseur tête en bas en maintenant le flacon à la verticale. Diffusez une grosse noix de mousse dans votre main. Sur cheveux humides, répartissez à l'aide d'un peigne à larges dents tête en bas ou en soulevant les racines avec vos doigts. Séchez vos cheveux en dirigeant l'air du séchoir vers le haut à l'intérieur de la chevelure. Le plus du coiffeur : pour étoffer la chevelure au coiffage, individualisez des mèches en frottant les longueurs avec le bout de vos doigts.  Récipient sous pression Ei Ne pas percer ou brûler même après usage Ne pas vaporiser vers une flamme ou un corps incandescent Conserver à l'écart de toute flamme ou source d'étincelles Ne pas fumer Conserver hors de la portée des enfantsEviter de vaporiser vers les yeux ou sur une peau irritée et d'inhaler intentionnellement Ne pas utiliser pour un usage autre que celui pour lequel le produit est destiné Ne pas utiliser dans une atmosphère confinée En cas de projection dans les yeux, les rincer immédiatement, Aqua, isobutane, propylene glycol, butane, propane, AMP-acrylates/allyl methacrylate copolymer, PEG-40 hydrogenated castor oil, vp/acrylate/laurylmetacrylate copolymer, linalool, geraniol, olea europaea/olive leaf extract, niacinamide, glycerin, amodimethicone, trideceth-6, triethanolamine, dimethyl tin dineodecyl ester, methylparaben, amyl cinnamal, phenoxyethanol, limonene, tocopheryl acetate, disodium phosphate, laureth-4, cetrimonium chloride, citric acid, panthenol, polyethylene glycol, hexyl cinnamal (FIL C25317/1)., A protéger contre les rayons solaires et à ne pas exposer à une température supérieure à 50°C.]|"
34,25€ / L"|"
6,85 €"
2949|Mousse coiffante boucles longue durée au système vitaminé protecteur, boucles longue tenue, cheveux bouclé, frisés, ondulés|La bombe de 200ml|[Origine : FRANCE, La mousse coiffante sublim'boucles a été conçue pour vous aider à sculpter et à conserver de belles boucles pleines de tonus et de ressort.Les agents fixants vous assurent un maintien non collant longue durée pour donner ressort et définition aux boucles. Sa formule enrichie du système vitaminé protecteur pour fortifier et protéger les cheveux des agressions extérieures. De belles boucles durables, parfaitement dessinées, toniques et pleines de ressort qui tiennent toute la journée. Vos cheveuxsont plus forts, plus résistants et sont doux au toucher., Agitez bien avant emploi. Pressez le diffuseur tête en bas en maintenant le flacon à la verticale. Diffusez une grosse noix de mousse dans votre main. Sur cheveux humides, répartissez à l'aide d'un peigne à larges dents ou en passant la main doigts écartés dans vos boucles. Laisser sécher à l'air libre. Récipient sous pression. Ne pas percer ou brûler même après usage. Ne pas vaporiser vers une flamme ou un corps incandescent. Conserver à l'écart de toute flamme ou source d'étincelles. Ne pas fumer. Conserver hors de la portée des enfants. Eviter de vaporiser vers les yeux ou sur une peau irritée et d'inhaler intentionnellement. Ne pas utiliser pour un usage autre que celui pour lequel le produit est destiné. Ne pas utiliser dans une atmosphère confinée. En cas de projection dans les yeux, les rincer immédiatement. Extrêmement inflammable., Aqua/water, alcohol denat, isobutane, butane, propane, PEG-40 hydrogenated castor oil, triacetin, linalool, niacinamide, amodimethicone, trideceth-12, eugenol, alpha-isomethyl ionone, coumarin, aminomethyl propanol, tocopheryl acetate, limonene, cetrimonium chloride, citronellol, panthenol, acrylates copolymer, polyquaternium-4, vinyl caprolactame/VP/dimethylaminoethyl méthacrylates copolymer, polysorbate 20, benzyl salicylate, parfum/fragrance (F.I.L. C47799/1)., A protéger contre les rayons solaires et à ne pas exposer à une température supérieure à 50°C.]|"
30,20€ / L"|"
6,04 €"
2950|Mousse coiffante tous types de frisottis, contrôle et tenue de qualité salon pour des boucles naturelles|Le spray de 200ml|[Origine : FRANCE, Contrôle et tenue de qualité salon pour des boucles naturelles. Elle donne énergie et forme aux boucles en domptant les frisottis et en apportant de la brillance. Sans alcool. Avec bouclier thermo-protection et filtres UV., Agitez bien l'aérosol et tenez-le tête en bas. Diffusez une petite quantité de mousse dans la paume. Répartissez-la uniformément sur cheveux humides. Coiffez-vous à la main ou séchez au diffuseur. Extrêmement inflammable. Récipient sous pression. Nepas vaporiser vers une flamme ou vers un corps incandescent. Tenir éloigné de toute source d'ignition. Ne pas fumer lors de l'utilisation du produit et tant que les cheveux ne sont pas complètement secs. Conserver hors de portée des enfants. A n'utiliser que selon les instructions. Toute utilisation impropre qui consisterait à inhaler intentionnellement le produit peut être nuisible ou mortelle. Ne pas percer ni incinérer, même après usage. Une fois le récipient entièrement vide, il peut être jeté. Pour usage externe uniquement. Evier tout contact avec des vêtements ou des matières absorbantes : ce produit peut tacher., Aqua, butane, propane, isobutane, polyquaternium-11, peg-12 dimethicone, panthenol, benzophenone-4, peg-40 hydrogenated castor oil, diazolidinyl urea, isosteareth-10, propylene glycol, methylparaben, parfum, propylparaben, linalool, butylphenyl methylpropional, limonene., A protéger contre les rayons solaires et à ne pas exposer à une température supérieure à 50°C.]|"
62,55€ / L"|"
12,51 €"
2951|Spray brushing volumisant matière sensifiée|La boîte de 100ml|[Origine : FRANCE, Crée un volume naturel et la sensation d'une chevelure plus dense. Métamorphose les cheveux fins et plats pour un volume naturel de qualité salon. Créer un volume naturel en apportant du corps aux cheveux fins des racines aux pointes pour un résultatbrushing façon professionnel., Vaporisez sur l'ensemble de vos cheveux essorés. Assurez-vous de bien appliquer le produit sur les racines et sur les mèches du dessous. Adaptez la quantité de produit en fonction de la longueur et de l'épaisseur de vos cheveux. Répartissez uniformément la lotion à l'aide d'un peigne des racines aux pointes. Séchez au sèche-cheveux jusqu'à ce que les cheveux soient entièrement secs. Coiffez selon le style désiré. Pour une coiffure avec encore plus de volume, vaporisez à nouveau de la lotion surcheveux presque secs. Continuez à sécher au sèche-cheveux avec une brosse ronde, en ciblant la chaleur du sèche-cheveux sur la brosse. Eviter de vaporiser dans les yeux. Si cela se produit, rincer immédiatement et abondamment avec de l'eau. Utiliserselon le mode d'emploi. Tenir hors de portée des enfants., Aqua, alcohol, polysilicone-9, alcohol denat., steartrimonium chloride, methylparaben, sodium citrate, polysorbate 20, parfum, propylparaben, maris sal, amp-isostearoyl hydrolyzed wheat protein., 12 mois après ouverture.]|"
107,00€ / L"|"
10,70 €"
2952|Finition, anti-frisottis, anti-humidité, brillance, fixation normale à forte|Le spray de 300ml|[Origine : FRANCE, Fixation forte pour discipliner frisottis et cheveux rebelles. Tient toute la journée, même par temps humide. Formule enrichie aux multivitamines. Respecte la fibre. Ne dessèche pas.Cheveux sains et brillants. Vaporisation large et ultra-fine, idéalepour une utilisation en finition. Répartition uniforme. Sans résidus., Parfaire le brushing : après votre brushing, lissez les cheveux rebelles à la main. Puis vaporisez le spray en halo à 20cm environ de la chevelure. Pour un résultat plus naturel, vaporisez le spray directement sur un peigne puis coiffez. Sur chignons, queues de cheval et coiffures structurées : après avoir attaché vos cheveux et réalisé votre coiffure, vaporiser généreusement en halo à environ 20 cm, sur l'ensemble de la chevelure. Vaporisez une 2ème fois de plus près sur les zones les plus sujettes aux cheveux qui dépassent. Récipient sous pression. Ne pas percer ou brûler, même après usage. Ne pas vaporiser vers une flamme ou un corps incandescent. Conserver à l'écart de toute flamme ou source d'étincelles ou d'ignition. Ne pas fumer. Conserver hors de la portée des enfants. Eviter de vaporiser vers les yeux, ou sur une peau irritée, d'inhaler intentionnellement. Ne pas utiliser pour un usage autre que celui pour lequel le produit est destiné. Ne pas utiliser dans une atmosphère confinée., Alcohol denat, dimethyl ether, va/crotonates/vinyl neodecanoate copolymer, niacinamide, hydroxyisohexyl 3-cyclohexene carboxaldehyde, peg/ppg-18/18 dimethicone, ethylhexyl methoxycinnamate, aminomethyl propanol, limonene, panthenol, benzyl salicylate, butylphenyl, methylpropional, hexyl, cinnamal, parfum/fragrance. (FIL C25075/2)., A protéger contre les rayons solaires et à ne pas exposer à une température supérieur à 50°C.]|"
25,70€ / L"|"
7,71 €"
2953|Mousse Boucles Silk & Gloss|L'aérosol de 250ml|[Origine : FRANCE, La 1ère mousse définissante aux microfibres de soie qui dessine les boucles sans ressort et leur donne la brillance et le toucher de la soie.Résultat : 24h de boucles parfaitement définies sans frisottis, l'effet soie en plus., Bien agiter avant chaque utilisation. Appliquez la mousse sur cheveux humides. Récipient sous pression. Ne pas percer ou brûler même après usage. Ne pas vaporiser vers une flamme ou un corps incandescent. Conserver à l'écart de toute flamme ou sourced'étincelles. Ne pas fumer. Conserver hors de la portée des enfants. Ne pas utiliser pour un usage autre que celui pour lequel le produit est destiné., Aqua/water, glucose, isobutane, butane, propane, decyl glucoside, sodium benzoate, hydrolyzed silk, limonene, benzyl alcohol, linalool, chondrus crispus (carrageenan), butylphenyl methylpropional, citronellol, hexyl cinnamal, glycerin, amyl cinnamal,parfum/fragrance (FIL C40295/1)., A protéger contre les rayons solaires et à ne pas exposer à une température supérieure à 50°C.]|"
32,40€ / L"|"
6,48 €"
2954|Spray créateur d'ondulation TXT01|Le spray de 150ml|[Origine : FRANCE, Texturise la chevelure et crée instantanément des ondulations souples & glamour au contact de la chaleur du sèche-cheveux., Bien agiter avant utilisation. Torsader avec vos doigts une mèche jusqu'aux racines. Vaporiser le spray puis sécher. Répéter autant de fois que vous le souhaitez. En cas de contact avec les yeux, les rincer immédiatement., 12 mois après ouverture.]|"
53,47€ / L"|"
8,02 €"
2955|Spray créateur volume glamour TXT02|Le spray de 200ml|[Origine : FRANCE, Texturise la chevelure et crée instantanément un volume glamour des racines aux pointes. Micro-poudres texturisantes. Fini mat. Sans cartonner, sans alourdir., Utiliser sur cheveux secs. Séparer vos cheveux en 4 parties. Vaporiser généreusement chacune d'entre elles de la racine aux  pointes et froisser vos cheveux jusqu'à obtenir le volume souhaité. Récipient sous pression. Ne pas percer ou brûler même après usage. Ne pas vaporiser vers une flamme ou un corps incandescent. Conserver à l'écart de toute flamme ou source d'étincelles. Ne pas fumer. Conserver hors de la portée des enfants. Eviter de vaporiser vers les yeux, ou sur une peau irritée et d'inhaler intentionnellement. Ne pas utiliser pour un usage autre que celui pour lequel le produit est destiné. Ne pas utiliser dans une atmosphère confinée., A protéger contre les rayons solaires et à ne pas exposer à une température supérieure à 50°C.]|"
40,10€ / L"|"
8,02 €"
2956|Spray Fix & Shine Fixation Ultra Forte|Le spray de 300ml|[Origine : FRANCE, Fixation ultra-forte pour maîtriser frisottis et cheveux rebelles. Tient toute la journée, même par temps humide. Respecte la fibre. Ne dessèche pas. Cheveux sains et brillants.Vaporisation large et ultra-fine, idéale pour une utilisation en finition. Répartition uniforme. Sans résidus., Parfaire le brushing : Après votre brushing, lissez les cheveux rebelles à la main. Puis vaporisez le spray en halo à 20 cm environ de la chevelure. Pour un résultat plus naturel, vaporisez le spray directement sur un peigne et puis coiffez. Sur chignons, queues de cheval et coiffures structurées. Après avoir attaché vos cheveux et réalisé votre coiffure, vaporiser généreusement en halo à environ 20 cm, sur l'ensemble de la chevelure. Vaporisez une 2ème fois de plus près sur les zones les plus sujettes aux cheveux qui dépassent. Récipient sous pression. Ne pas percer ou brûler, même après usage. Ne pas vaporiser vers une flamme ou un corps incandescent. Conserver à l'écart de toute flamme ou source d'étincelles ou d'ignition. Ne pas fumer.Conserver hors de la portée des enfants. Eviter de vaporiser vers les yeux, ou sur une peau irritée, d'inhaler intentionnellement. Ne pas utiliser pour un usage autre que celui pour lequel le produit est destiné. Ne pas utiliser dans une atmosphère confinée., Alcohol denat, dimethyl ether, va/crotonates/vinyl neodecanoate copolymer, niacinamide, hydroxyisohexyl 3-cyclohexene carboxaldehyde, PEG/PPG-18/18 dimethicone, ethylhexyl methoxycinnamate, aminomethyl propanol, limonene, panthenol, linalool, benzylsalicylate, butylphenyl methylpropional, hexyl cinnamal, parfum/fragrance. (FIL C25074/3)., A protéger contre les rayons solaires et à ne pas exposer à une température supérieure à 50°C.]|"
24,53€ / L"|"
7,36 €"
2957|Spray Fix & Shine Normale à Forte|Le spray de 150ml|[Origine : FRANCE, Sa formule effet sel de mer apporte légèreté et volume à la coiffure. Ne graisse pas et n'alourdit pas la chevelure. Des cheveux texturisés pour un look sexy effet retour de plage., Utiliser sur cheveux secs ou humides et ébouriffer la chevelure pour lui donner de la texture instantanément. Pour des boucles Wavy, enrouler des mèches aux doigts. Utiliser à l'écart de toute flamme, source d'étincelles, d'ignition ou corps incandescent. Eviter de vaporiser sur une peau irritée ou vers les yeux. En cas de projection, rincer immédiatement et abondamment avec de l'eau., 18 mois après ouverture.]|"
43,87€ / L"|"
6,58 €"
2958|Spray Invisi'FX|L'aérosol de 150ml|[Origine : FRANCE, Pour fixer ou préserver une coiffure, vaporisez en dosant à votre gré à 30cm de distance sur cheveux secs ou pré-séchés. Donnez le mouvement souhaité aux doigts ou à la brosse. Pour plus de volume, soulevez les cheveux et vaporisez aux racines.  Ei,Récipient sous pression, A protéger contre les rayons solaires et à ne pas exposer à une température supérieure à 50 oC, Ne pas percer ou brûler même après usage, Ne pas vaporiser vers une flamme ou un corps incandescent, Conserver à l'écart de toute, Alcohol denat.,isobutane,pentane,Acrylates/t-butylacrylamide copolymer,niacinamide,dimethicone copolyol,cyclopentasiloxane,aminomethyl propanol,panthenol,parfum. (C11324/3).]|"
40,47€ / L"|"
6,07 €"
2959|Spray Invisi'FX|L'aérosol de 150ml|[Origine : FRANCE, Le 1er spray micro-aéré de Studio Line en parfaite affinité avec le cheveu. Vos cheveux sont maintenus mais restent souples, vous le sentez à leur toucher soyeux.Une nouvelle formule micro-agent fixant qui assure une très longue tenue, sans coller etsans résidus. Une diffusion plus fine, plus douce qu'une diffusion classique qui permet une répartition homogène sur l'ensemble de la chevelure., En finition : après avoir réalisé votre coiffure vaporisez généreusement en halo à 20 cm sur l'ensemble de la chevelure. Pour sculpter mèche à mèche : sur cheveux humides ou secs, donnez le mouvement souhaité et travaillez chaque mèche avec vos doigts. Fixez en vaporisant le spray dès la racine vers la pointe. Pour du volume : appliquez le produit tête en bas, brossez vous cheveux pour leur donner du gonflant. Appliquez généreusement le spray directement sur les racines puis coiffer. Récipient sous pression. Ne pas percer ou brûler même après usage. Ne pas vaporiser vers une flamme ou un corps incandescent. Ne pas fumer. Conserver hors de la portée des enfants. Eviter de vaporiser vers les yeux, ou sur une peau irritée, d'inhaler intentionnellement. Ne pas utiliser pour un usage autre que celui pour lequel le produit est destiné. Ne pas utiliser dans une atmosphère confinée. Extrêmement inflammable., Alcohol denat, butane, acrylates/t-butylacrylamide copolymer, niacinamide, cyclopentasiloxane, PPG-3 methyl ether, aminomethyl propanol, limonene, panthenol, linalool, benzyl salicylate, bis-PEG/PPG-14/14 dimethicone, butylphenyl methylpropional, parfum/fragrance, (FIL C27062/1)., A protéger contre les rayons solaire et à ne pas exposer à une température supérieure à 50°C. Conserver à l'écart de toute flamme ou source d'étincelles ou d'ignition.]|"
39,07€ / L"|"
5,86 €"
2960|Spray Volum'Max|Le spray de 300ml|[Origine : FRANCE, Le 1er volumateur de Studio Line pour créer dès la racine un volume longue durée, même sur les cheveux les plus plats. Sa formule renforce la fibre et protège contre le principal facteur de perte de volume, l'humidité., Récipient sous pression;Ne pas percer ou brûler, même après usage;Ne pas vaporiser vers une flamme ou un corps incandescent;Conserver à l'écart de toute flamme ou source d'étincelles ou d'ignition;Ne pas fumer;Conserver hors de la portée des enfants.;Eviter de vaporiser vers les yeux ou sur une peau irritée, d'inhaler intentionnellement;Ne pas utiliser pour un usage autre que celui pour lequel le produit est destiné;Ne pas utiliser dans une atmosphère confinée, Dimethyl ether, alcohol denat, acrylates/t-butylacrylamide copolymer, aqua/water, hydroxyisohexyl 3-cyclohexene carboxaldehyde, PPG-3 methylether, ethylhexyl methoxycinnamate, aminomethyl propanol, polysilicone-8, limonene, linalool, benzyl salicylate, butylphenyl methylpropional, parfum/fragrance (FIL C15051/2)., A protéger contre les rayons solaires et à ne pas exposer à une température supérieure à 50°C.]|"
25,70€ / L"|"
7,71 €"
2961|Vapo Go Create Fixation Ultra-Forte|Le spray de 150ml|[Origine : FRANCE, Go Create, le Vapo Coiffant de Studio Line., Appliquez généreusement sur des cheveux humides ou sec. Pour des effets plus structurés, vaporisez et travaillez mèche à mèche. Pour un look ébouriffé : vaporisez sur vos mèches, puis froissez-les à pleine main. Pour une tenue prolongée, séchez au sèche-cheveux. En cas de bouchage, passer le diffuseur sous l'eau chaude. Ne pas vaporiser vers une flamme ou un corps incandescent. Conserver à l'écart de toute source d'ignition. Ne pas fumer. Conserver hors de la portée des enfants. Eviter de vaporiser vers les yeux ou sur une peau irritée. Ne pas utiliser pour un usage autre que celui pour lequel le produit est destiné. En cas de projection dans les yeux, rincer immédiatement et abondamment., Alcohol denat, aqua/water, va/crotonates/vinyl neodecanoate copolymer, niacinamide, cyclopentasiloxane, hydroxyisohexyl 3-cyclohexene carboxaldehyde, ethylhexyl methoxycinnamate, aminomethyl propanol, polyurethane-6, limonene, panthenol, benzyl salicylate, bis-peg/ppg-14/14 dimethicone, butylphenyl methylpropional, hexyl cinnamal, parfum/fragrance. (FIL C38115/1).]|"
45,67€ / L"|"
6,85 €"
2962|Baume lissant sans rinçage|Le flacon de 150ml|[Origine : FRANCE, Lissage facile et longue durée. Protège de la chaleur jusqu'à 200°. Protection contre l'humidité et les frisottis., Sur cheveux humides : répartissez uniformément 1-2 noisettes sur vos longueurs. Procédez au brushing. Sur cheveux secs : pour discipliner les frisottis, distribuez quelques gouttes et effleurez vos cheveux., Aqua, cyclomethicone, propylene glycol, panthenol, niacinamide, orbignya oleifera, polyquaternium-4, peg/ppg-17/18 dimethicone, dimethiconol, amodimethicone, cetrimonium chloride, xanthan gum, carbomer, trideceth-12, trisodium edta, aminomethyl propanol, phenoxyethanol, methylparaben, geraniol, linalool, benzyl alcohol, limonene, parfum., 12 mois après ouverture.]|"
41,13€ / L"|"
6,17 €"
2963|Spray fixant, fixation extra forte 4|La bombe de 250ml|[Origine : FRANCE, Double le volume de vos cheveux. Epaissit et galbe chaque fibre. Fixe toute la journée sans coller. Sensation naturelle. Ne laisse pas de résidus., Vaporisez uniformément, tête vers le bas à env. 30cm de votre chevelure. Récipient sous pression. Ne pas percer ou brûler même après usage. Ne pas vaporiser vers une flamme ou un corps incandescent. Conserver à l'écart de toute source d'ignition. Nepas fumer. Ne pas utiliser dans une atmosphère confinée. Conserver hors de la portée des enfants. Ne pas inhaler. Ne pas vaporiser vers les yeux. Utiliser uniquement pour l'usage indiquée., Alcohol denat, butane, isobutane, propane, octylacrylamide/acrylates/butylaminoethyl methacrylate copolymer, aqua, panthenol, niacinamide, PEG-12 dimethicone, aminomethylpropanol, limonene, benzyl alcohol, butylphenyl methylpropional, geraniol, alpha-isomethyl ionone, parfum., A protéger contre les rayons solaires et à ne pas exposer à une température supérieure à 50°C.]|"
25,92€ / L"|"
6,48 €"
2964|Spray lissant 4jours, Pour des cheveux lisses et soyeux|Le flacon pompe 150ml|[Origine : FRANCE, Pour des cheveux visiblement plus lisses jusqu'à 4 jours. Contrôle anti-frisottis. N'alourdit pas les cheveux., Sur cheveux secs : séchez vos cheveux et vaporiser le spray section par section. Terminez au fer à lisser. Sur cheveux humides : vaporisez le spray uniformément sur l'ensemble de vos cheveux avant d'utiliser le sèche cheveux. Quand vos cheveux sont secs, terminez au fer à lisser., Aqua, alcohol denat, vp/va copolymer, lauryldimonium hydroxypropyl hydrolyzed collagen, parfum, cetrimonium chloride, sodium benzoate, hydrolyzed silk, phosphoric acid, butylene glycol, hydrolyzed keratin, linalool, citric acid, hexyl cinnamal, limonene, geraniol, citral, benzyl salicylate, benzyl alcohol, methylparaben., 12 mois après ouverture.]|"
43,20€ / L"|"
6,48 €"
2965|Boucle-la ! Mousse boucles, pour des boucles coquines|La bombe de 250ml|[Origine : ALLEMAGNE, En ateliers de tendance, les professionnels Schwarzkopf s'inspirent des derniers styles de la rue et de la nuit et créent Got2b. A vous d'inventer tous les styles dont vous avez envie., Règle du jeu : secouez bien le flacon et dirigez-le vers le bas. Prenez une dose généreuse de mousse et répartissez-la tête en bas sur vos cheveux préalablement essorés. Froissez délicatement chaque mèche pour redonner du pep's à vos boucles. Ne colle pas. Longue durée.  Ne pas percer ou brûler même après usage. Récipient sous pression. Ne pas vaporiser vers une flamme ou un corps incandescent. Conserver hors de la portée des enfants. A conserver et à utiliser à l'écart de toute flamme ou sourced'étincelles, source de chaleur, appareils électriques en fonctionnement. Ne pas fumer. Utiliser et conserver le récipient dans un endroit bien ventilé. Eviter de vaporiser vers les yeux, ou sur une peau irritée. Procéder par de brèves pressions sans pulvérisation prolongée. Extrêmement inflammable., Aqua, VP/VA copolymer, propane/butane/isobutane, polyquaternium-11, sodium benzoate, cetrimonium chloride, panthenol, amodimethicone, benzophenone-4, PEG-40 hydrogenated castor oil, hydroxyethyl cellulose, trideceth-12, parfum, limonene, linalool., Stocker à l'abri de l'humidité. A protéger contre les rayons solaires et à ne pas exposer à une température supérieure à 50°C.]|"
27,40€ / L"|"
6,85 €"
2966|Spray tenue absolue, absolu'fix, tenue 24h, résistant|Le spray de 250ml|[Origine : FRANCE, Une tenue absolue longue durée qui résiste même à l'humidité. Pour un style qui tient longtemps ! Pour une tenue 24h sans effet collant et qui s'élimine facilement au brossage.N'alourdit pas les cheveux. Ne les dessèche pas., Vaporisez à 30cm par de brèves pressions sur cheveux secs. Pour plus de volume, vaporisez directement à la racine des cheveux. Pour encore plus de fixation, modelez d'abord votre coiffure avec un gel Taft puis finalisez avec le spray. Récipient souspression. Ne pas percer ou brûler, même après usage. Ne pas vaporiser vers une flamme ou un corps incandescent. Conserver hors de la portée des enfants. Utiliser et conserver le récipient dans un endroit bien ventilé. Ne pas vaporiser vers les yeux ou sur une peau irritée. Ne pas fumer. Ne pas inhaler intentionnellement. Procéder par de brèves pressions sans pulvérisation prolongée., Alcohol denat, butane, octylacrylamide/acrylates/butylaminoethyl methacrylate copolymer, aqua, propane, aminomethyl propanol, isobutane, parfum, isoamyl p-methoxycinnamate, triethyl citrate, isopropyl myristate, hexyl cinnamal, linalool, butylphenylmethylpropional, limonene, coumarin., A protéger contre les rayons solaires et à ne pas exposer à une température supérieure à 50°C.]|"
27,56€ / L"|"
6,89 €"
2967|Spray titane tenue longue durée & anti-humidité|L'atomiseur de 250ml|[Origine : ALLEMAGNE, Une tenue ultime longue durée, aussi forte que du titane, qui résiste même à l'humidité. N'alourdit pas les cheveux, ne les dessèche pas., Vaporisez à 30 cm par de brèves pressions sur cheveux secs. Pour plus de volume, vaporisez directement à la racine des cheveux. Récipient sous pression. Ne pas percer ou brûler même après usage. Ne pas vaporiser vers une flamme ou un corps incandescent. Conserver hors de la portée des enfants. Utiliser et conserver le récipient dans un endroit bien ventilé. Ne pas vaporiser vers les yeux ou sur une peau irritée. Ne pas fumer. Ne pas inhaler intentionnellement., A protéger contre les rayons de soleil et à ne pas exposer à une température supérieure à 50°C.]|"
27,56€ / L"|"
6,89 €"
2968|Eau coiffante pure, Cheveux normaux|Le spray de 150ml|[Origine : FRANCE, Discipline et coiffe vos cheveux en toute légèreté, apporte de la fraîcheur. Formule légère anti-épis, coiffe sans alourdir, ne laisse pas de résidus., Vaporisez sur cheveux humides ou secs. Coiffez aux doigts ou à la brosse. S'utilise à tout moment de la journée.]|"
34,93€ / L"|"
5,24 €"
2969|Gel boucles|Le spray de 150ml|[Origine : FRANCE, Définit et maintient les boucles. Aide à prévenir les frisottis., Vaporisez légèrement sur cheveux humides avant de les sécher à l'aide d'un sèche cheveux. Travaillez vos boucles avec vos doigts pour les redessiner. S'utilise aussi en retouche pendant la journée sur cheveux secs. A utiliser exclusivement selon lesinstructions. Eviter le contact avec les yeux. Si cela se produit rincer immédiatement abondamment avec de l'eau. Si une irritation survient, arrêter l'utilisation du produit immédiatement., Aqua, vp/va copolymer, pvp, peg-40 hydrogenated castor oil, acrylates/beheneth-25 methacrylate copolymer, parfum, aminomethyl propanol, sodium lauryl sulfate, dmdm hydantoin, tetrasodium edta, methylisothiazolinone, sodium benzoate, laurtrimonium chloride, isopropyl alcohol, benzyl alcohol, butylphenyl methylpropional, citral, citronellol, coumarin, geraniol, hexyl cinnamal, hydroxycitronellal, limonene, linalool., 12 mois après ouverture.]|"
61,47€ / L"|"
9,22 €"
2970|Spray salé effet plage|Le spray de 200ml|[Origine : FRANCE, Donne de la texture et du volume aux cheveux. Sublime le naturel tout en soulignant vos ondulations., Vaporisez uniformément sur cheveux humides ou secs pour créer des ondulations froissées en travaillant avec les doigts. A utiliser exclusivement selon les instructions. Eviter le contact avec les yeux. Si cela se produit rincer immédiatement abondamment avec de l'eau. Si une irritation survient, arrêter l'utilisation du produit immédiatement., Aqua, sodium chloride, glycerin, peg-40 hydrogenated castor oil, polyquaternium-11, parfum, dmdm hydantoin, disodium edta, phenoxyethanol, methylparaben, ethylparaben, butylparaben, propylparaben, isobutylparaben, alpha-isomethyl ionone, benzyl alcohol, benzyl salicylate, butylphenyl methylpropional, citral, citronellol, coumarin, geraniol, hexyl cinnamal, hydroxycitronellal, limonene, linalool., 12 mois après ouverture.]|"
46,10€ / L"|"
9,22 €"
2971|Spray volume 3D, volumiser|Le spray de 150ml|[Origine : FRANCE, Vaporisez sur cheveux secs mèche par mèche des racines vers les longueurs avant le coiffage. Eviter le contact avec les yeux. Si cela se produit rincer immédiatement et abondamment avec de l'eau. Si une irritation survient, arrêtez l'utilisation du produit immédiatement., Aqua (water), pvp, magnésium sulfate, sucrose, glycerin, ppg-1-peg-9 lauryl glycol ether, peg-17 dimethicone, oleth-20, citric acid, peg-40 hydrogenated castor oil, parfum (fragrance), sodium benzoate, alpha-isomethyl ionone, benzyl alcohol, benzyl salicylate, butylphenyl methylpropional, citral, citronellol, coumarin, géraniol, hexyl cinnamal, hydroxycitronellal, limonène, linalool., 12 mois après ouverture.]|"
61,47€ / L"|"
9,22 €"
2972|Spray coiffant micro-aéré, fixation béton|La bombe de 250ml|[Origine : FRANCE, Coiffez toutes vos envies pour construire des coiffures inébranlables ! Des coiffures spectaculaires extra longue durée ! Un spray micro-aéré pour des coiffures vivantes. Une formule vitaminée pour des cheveux plein de vitalité., Vaporisez en dosant à votre gré puis donner le mouvement souhaité aux doigts ou à la brosse. Finalisez en vaporisant sur l'ensemble de la chevelure.  Récipient sous pression Ei Ne pas percer ou brûler même après usage Ne pas vaporiser vers une flammeou un corps incandescent Conserver à l'écart de toute flamme ou source d'étincelles Ne pas fumer Conserver hors de la portée des enfants Eviter de vaporiser vers les yeux ou sur une peau irritée et d'inhaler intentionnellement Ne pas utiliser pour un usage autre que celui pour lequel le produit est destiné Ne pas utiliser dans une atmosphère confinée, Alcohol denat, dimethyl ether, acrylates/t-butylacrylamide copolymer, PEG/PPG-18/18 dimethicone, linalool, geraniol, niacinamide, amyl cinnamal, aminomethyl propanol, limonene, citronellol, panthenol, butylphenyl methylpropional, parfum (FIL C26325/1)., A protéger contre les rayons solaires et à ne pas exposer à une température supérieure à 50°C.]|"
24,24€ / L"|"
6,06 €"
2973|Spray coiffant micro-aéré, fixation extra forte, tenue longue durée|La bombe de 250ml|[Origine : FRANCE, Vaporiser en dosant à votre grés puis donnez le mouvement souhaité aux doigts ou à la brosse. Finalisez en vaporisant sur l'ensemble de la chevelure.  Ne pas laisser à la portée des enfants, Ne pas vaporiser vers une flamme ou un corps incandescent,Conserver à l'écart de toute flamme ou source d'étincelles, A protéger contre les rayons solaires et à ne pas exposer à une température supérieure à 50 oC,, Acohol denat., dimethyl ether, VA/vinyl butyl benzoate/ crotonates copolymer, aminomethyl propanol, cyclopentasiloxane, dimethicone copolyol, niacinamide, panthenol, PPG-3 methyl ether, parfum. C13850/1.]|"
22,76€ / L"|"
5,69 €"
2974|Spray coiffant micro-aéré, fixation forte, tenue longue durée|Le spray de 250ml|[Origine : FRANCE, La formule est micro-aérée: ses agents fixants fins sont associés à une diffusion uniforme qui évite surcharges et paquets. Ainsi, les sprays coiffants Vivelle Dop fixent parfaitement vos cheveux sans les enfermer : votre coiffure respire, elle est vivante et visiblement plus belle., Alcohol denat., dimethyl ether, VA/vinyl butyl benzoate/crotonates copolymer, PPG-3 methyl ether, linalool, niacinamide, dimethicone copolyol, cyclopentasiloxane, aminomethyl propanol, limonene, panthenol, hexyl cinnamal, butylphenyl methylpropional,parfum. C20852/1., A protéger contre les rayons solaires et à ne pas exposer à une température supérieure à 50°C.]|"
23,56€ / L"|"
5,89 €"
2975|Mini lisseur-boucleur 2 en 1 - straightener-curler|L'unité|[Origine : FRANCE, Plaques plates : lisser. Plaques incurvées : boucler. Mise en température : 180°C., 100-240V / 50-60Hz.]|"
20,50€ / Pce"|"
20,50 €"
2976|Mini lisseur - straightener|L'unité|[Origine : FRANCE, Plaques Satin Touch, mise en température rapide 200°C., 100-240V / 50-60Hz.]|"
17,41€ / Pce"|"
17,41 €"
2977|Frange à clipper, blond clair|Le kit|[Origine : FRANCE, La frange à clipper a été spécialement développée pour se fondre naturellement et sans démarcation dans votre chevelure. Elle reproduit la douceur et la brillance des cheveux naturels., Brossez vos cheveux et créez une raie au milieu qui facilitera la pose de la frange et donnera un rendu plus naturel. Positionnez la frange à clipper selon la longueur de la frange souhaitée. Pour une frange longue au niveau des sourcils, clippez lafrange sur le haut de la tête. Pour une frange courte au dessus des sourcils, clippez la frange derrière le haut de la tête. Clippez la frange au plus près des racines en commençant par le clip du haut puis fixez les deux clips des côtés. Pour un rendu fondu, sans démarcation, mélangez à vos propres cheveux les mèches implantées à l'arrière de la frange. Pour finaliser votre nouvelle coiffure, coiffez votre frange selon le look que vous souhaitez. Ne pas approcher la frange d'une flamme ou d'uncorps incandescent. Ne pas mettre en contact d'un appareil chauffant (fer à lisser, fer à friser) réglé à plus de 170°C. Ne pas colorer la frange., Fibre synthétique professionnelle, non issue de cheveux naturels.]|"
26,77€ / Pce"|"
26,77 €"
2978|Frange à clipper, brun profond|Le kit|[Origine : FRANCE, La frange à clipper a été spécialement développée pour se fondre naturellement et sans démarcation dans votre chevelure. Elle reproduit la douceur et la brillance des cheveux naturels., Brossez vos cheveux et créez une raie au milieu qui facilitera la pose de la frange et donnera un rendu plus naturel. Positionnez la frange à clipper selon la longueur de la frange souhaitée. Pour une frange longue au niveau des sourcils, clippez lafrange sur le haut de la tête. Pour une frange courte au dessus des sourcils, clippez la frange derrière le haut de la tête. Clippez la frange au plus près des racines en commençant par le clip du haut puis fixez les deux clips des côtés. Pour un rendu fondu, sans démarcation, mélangez à vos propres cheveux les mèches implantées à l'arrière de la frange. Pour finaliser votre nouvelle coiffure, coiffez votre frange selon le look que vous souhaitez. Ne pas approcher la frange d'une flamme ou d'uncorps incandescent. Ne pas mettre en contact d'un appareil chauffant (fer à lisser, fer à friser) réglé à plus de 170°C. Ne pas colorer la frange., Fibre synthétique professionnelle, non issue de cheveux naturels.]|"
26,77€ / Pce"|"
26,77 €"
2979|Frange à clipper, châtain clair|Le kit|[Origine : FRANCE, La frange à clipper a été spécialement développée pour se fondre naturellement et sans démarcation dans votre chevelure. Elle reproduit la douceur et la brillance des cheveux naturels., Brossez vos cheveux et créez une raie au milieu qui facilitera la pose de la frange et donnera un rendu plus naturel. Positionnez la frange à clipper selon la longueur de la frange souhaitée. Pour une frange longue au niveau des sourcils, clippez lafrange sur le haut de la tête. Pour une frange courte au dessus des sourcils, clippez la frange derrière le haut de la tête. Clippez la frange au plus près des racines en commençant par le clip du haut puis fixez les deux clips des côtés. Pour un rendu fondu, sans démarcation, mélangez à vos propres cheveux les mèches implantées à l'arrière de la frange. Pour finaliser votre nouvelle coiffure, coiffez votre frange selon le look que vous souhaitez. Ne pas approcher la frange d'une flamme ou d'uncorps incandescent. Ne pas mettre en contact d'un appareil chauffant (fer à lisser, fer à friser) réglé à plus de 170°C. Ne pas colorer la frange., Fibre synthétique professionnelle, non issue de cheveux naturels.]|"
26,77€ / Pce"|"
26,77 €"
2980|Frange à clipper, Châtain Doré|Le kit|[Origine : FRANCE, La frange à clipper a été spécialement développée pour se fondre naturellement et sans démarcation dans votre chevelure. Elle reproduit la douceur et la brillance des cheveux naturels., Brossez vos cheveux et créez une raie au milieu qui facilitera la pose de la frange et donnera un rendu plus naturel. Positionnez la frange à clipper selon la longueur de la frange souhaitée. Pour une frange longue au niveau des sourcils, clippez lafrange sur le haut de la tête. Pour une frange courte au dessus des sourcils, clippez la frange derrière le haut de la tête. Clippez la frange au plus près des racines en commençant par le clip du haut puis fixez les deux clips des côtés. Pour un rendu fondu, sans démarcation, mélangez à vos propres cheveux les mèches implantées à l'arrière de la frange. Pour finaliser votre nouvelle coiffure, coiffez votre frange selon le look que vous souhaitez. Ne pas approcher la frange d'une flamme ou d'uncorps incandescent. Ne pas mettre en contact d'un appareil chauffant (fer à lisser, fer à friser) réglé à plus de 170°C. Ne pas colorer la frange., Fibre synthétique professionnelle, non issue de cheveux naturels.]|"
26,77€ / Pce"|"
26,77 €"
2981|Frange à clipper, noir intense|Le kit|[Origine : FRANCE, La frange à clipper a été spécialement développée pour se fondre naturellement et sans démarcation dans votre chevelure. Elle reproduit la douceur et la brillance des cheveux naturels., Brossez vos cheveux et créez une raie au milieu qui facilitera la pose de la frange et donnera un rendu plus naturel. Positionnez la frange à clipper selon la longueur de la frange souhaitée. Pour une frange longue au niveau des sourcils, clippez lafrange sur le haut de la tête. Pour une frange courte au dessus des sourcils, clippez la frange derrière le haut de la tête. Clippez la frange au plus près des racines en commençant par le clip du haut puis fixez les deux clips des côtés. Pour un rendu fondu, sans démarcation, mélangez à vos propres cheveux les mèches implantées à l'arrière de la frange. Pour finaliser votre nouvelle coiffure, coiffez votre frange selon le look que vous souhaitez. Ne pas approcher la frange d'une flamme ou d'uncorps incandescent. Ne pas mettre en contact d'un appareil chauffant (fer à lisser, fer à friser) réglé à plus de 170°C. Ne pas colorer la frange., Fibre synthétique professionnelle, non issue de cheveux naturels.]|"
26,77€ / Pce"|"
26,77 €"
2982|Franges à clipper, Blond Naturel|Le kit|[Origine : FRANCE]|"
26,77€ / Pce"|"
26,77 €"
2983|Kit extensions, mèches à clipper, 56 centimètres de long, Blond naturel|La boîte de 6 mèches|[Origine : FRANCE, Les mèches à clipper reproduisent la douceur et la brillance des cheveux naturels, sont lavables et adaptées aux appareils chauffants et s'ajustent à la longueur souhaitée., Préparez vos cheveux : à l'arrière de votre tête, dessinez une raie horizontale à hauteur de vos oreilles. A l'aide d'une pince, attachez vos cheveux redressés au sommet de votre tête pour dégager l'arrière et les côtés de votre tête.  Poser des 2 mèches pour l'arrière de votre tête : clippez la 1ère mèche de 15 cm de largeur juste en dessous de la raie créée au plus près des racines. Clippez tout d'abord le milieu de la mèche puis les deux barrettes aux extrémités. Avec la 2ème mèche de 15 cm de largeur, renouvelez le même geste sur une nouvelle raie située à environ 3 cm au dessus de la première. Pose des 2 mèches pour chaque côté de votre tête : à la même hauteur que la dernière mèche fixée, clippez les deux mèches de 10 cm de largeur dechaque côté de votre tête. Pose des mèches pour le contour du votre visage : pour finaliser votre nouvelle coiffure, clippez les deux mèches de 4 cm de largeur au niveau de vos tempes, de chaque côté de votre tête à la même hauteur que les mèches de10 cm. Détachez ensuite vos cheveux relevés pour recouvrir les mèches clippées. Ne pas approcher mes mèches d'une flamme ou d'un corps incandescent. Ne pas mettre en contact d'un appareil chauffant (fer à lisser, fer à friser) réglé à plus de 170°C.Ne pas colorer les mèches., Fibre synthétique professionnelle qualité salon, non issue de cheveux naturels.]|"
26,77€ / Pce"|"
26,77 €"
2984|Kit extensions, mèches à clipper, 56 centimètres de long, Blond platine|La boîte de 6 mèches|[Origine : FRANCE, Les mèches à clipper reproduisent la douceur et la brillance des cheveux naturels, sont lavables et adaptées aux appareils chauffants et s'ajustent à la longueur souhaitée., Préparez vos cheveux : à l'arrière de votre tête, dessinez une raie horizontale à hauteur de vos oreilles. A l'aide d'une pince, attachez vos cheveux redressés au sommet de votre tête pour dégager l'arrière et les côtés de votre tête.  Poser des 2 mèches pour l'arrière de votre tête : clippez la 1ère mèche de 15 cm de largeur juste en dessous de la raie créée au plus près des racines. Clippez tout d'abord le milieu de la mèche puis les deux barrettes aux extrémités. Avec la 2ème mèche de 15 cm de largeur, renouvelez le même geste sur une nouvelle raie située à environ 3 cm au dessus de la première. Pose des 2 mèches pour chaque côté de votre tête : à la même hauteur que la dernière mèche fixée, clippez les deux mèches de 10 cm de largeur dechaque côté de votre tête. Pose des mèches pour le contour du votre visage : pour finaliser votre nouvelle coiffure, clippez les deux mèches de 4 cm de largeur au niveau de vos tempes, de chaque côté de votre tête à la même hauteur que les mèches de10 cm. Détachez ensuite vos cheveux relevés pour recouvrir les mèches clippées. Ne pas approcher mes mèches d'une flamme ou d'un corps incandescent. Ne pas mettre en contact d'un appareil chauffant (fer à lisser, fer à friser) réglé à plus de 170°C.Ne pas colorer les mèches., Fibre synthétique professionnelle qualité salon, non issue de cheveux naturels.]|"
26,77€ / Pce"|"
26,77 €"
2985|Kit extensions, mèches à clipper, 56 centimètres de long, Brun profond|La boîte de 6 mèches|[Origine : FRANCE, Les mèches à clipper reproduisent la douceur et la brillance des cheveux naturels, sont lavables et adaptées aux appareils chauffants et s'ajustent à la longueur souhaitée., Préparez vos cheveux : à l'arrière de votre tête, dessinez une raie horizontale à hauteur de vos oreilles. A l'aide d'une pince, attachez vos cheveux redressés au sommet de votre tête pour dégager l'arrière et les côtés de votre tête.  Poser des 2 mèches pour l'arrière de votre tête : clippez la 1ère mèche de 15 cm de largeur juste en dessous de la raie créée au plus près des racines. Clippez tout d'abord le milieu de la mèche puis les deux barrettes aux extrémités. Avec la 2ème mèche de 15 cm de largeur, renouvelez le même geste sur une nouvelle raie située à environ 3 cm au dessus de la première. Pose des 2 mèches pour chaque côté de votre tête : à la même hauteur que la dernière mèche fixée, clippez les deux mèches de 10 cm de largeur dechaque côté de votre tête. Pose des mèches pour le contour du votre visage : pour finaliser votre nouvelle coiffure, clippez les deux mèches de 4 cm de largeur au niveau de vos tempes, de chaque côté de votre tête à la même hauteur que les mèches de10 cm. Détachez ensuite vos cheveux relevés pour recouvrir les mèches clippées. Ne pas approcher mes mèches d'une flamme ou d'un corps incandescent. Ne pas mettre en contact d'un appareil chauffant (fer à lisser, fer à friser) réglé à plus de 170°C.Ne pas colorer les mèches., Fibre synthétique professionnelle qualité salon, non issus de cheveux naturels.]|"
26,77€ / Pce"|"
26,77 €"
2986|Kit extensions, mèches à clipper, 56 centimètres de long, Châtain doré|La boîte de 6 mèches|[Origine : FRANCE, Les mèches à clipper reproduisent la douceur et la brillance des cheveux naturels, sont lavables et adaptées aux appareils chauffants et s'ajustent à la longueur souhaitée., Préparez vos cheveux : à l'arrière de votre tête, dessinez une raie horizontale à hauteur de vos oreilles. A l'aide d'une pince, attachez vos cheveux redressés au sommet de votre tête pour dégager l'arrière et les côtés de votre tête.  Poser des 2 mèches pour l'arrière de votre tête : clippez la 1ère mèche de 15 cm de largeur juste en dessous de la raie créée au plus près des racines. Clippez tout d'abord le milieu de la mèche puis les deux barrettes aux extrémités. Avec la 2ème mèche de 15 cm de largeur, renouvelez le même geste sur une nouvelle raie située à environ 3 cm au dessus de la première. Pose des 2 mèches pour chaque côté de votre tête : à la même hauteur que la dernière mèche fixée, clippez les deux mèches de 10 cm de largeur dechaque côté de votre tête. Pose des mèches pour le contour du votre visage : pour finaliser votre nouvelle coiffure, clippez les deux mèches de 4 cm de largeur au niveau de vos tempes, de chaque côté de votre tête à la même hauteur que les mèches de10 cm. Détachez ensuite vos cheveux relevés pour recouvrir les mèches clippées. Ne pas approcher mes mèches d'une flamme ou d'un corps incandescent. Ne pas mettre en contact d'un appareil chauffant (fer à lisser, fer à friser) réglé à plus de 170°C.Ne pas colorer les mèches., Fibre synthétique professionnelle qualité salon, non issue de cheveux naturels.]|"
26,77€ / Pce"|"
26,77 €"
2987|Kit extensions, mèches à clipper, 56 centimètres de long, Noir intense|La boîte de 6 mèches|[Origine : FRANCE, Les mèches à clipper reproduisent la douceur et la brillance des cheveux naturels, sont lavables et adaptées aux appareils chauffants et s'ajustent à la longueur souhaitée., Préparez vos cheveux : à l'arrière de votre tête, dessinez une raie horizontale à hauteur de vos oreilles. A l'aide d'une pince, attachez vos cheveux redressés au sommet de votre tête pour dégager l'arrière et les côtés de votre tête.  Poser des 2 mèches pour l'arrière de votre tête : clippez la 1ère mèche de 15 cm de largeur juste en dessous de la raie créée au plus près des racines. Clippez tout d'abord le milieu de la mèche puis les deux barrettes aux extrémités. Avec la 2ème mèche de 15 cm de largeur, renouvelez le même geste sur une nouvelle raie située à environ 3 cm au dessus de la première. Pose des 2 mèches pour chaque côté de votre tête : à la même hauteur que la dernière mèche fixée, clippez les deux mèches de 10 cm de largeur dechaque côté de votre tête. Pose des mèches pour le contour du votre visage : pour finaliser votre nouvelle coiffure, clippez les deux mèches de 4 cm de largeur au niveau de vos tempes, de chaque côté de votre tête à la même hauteur que les mèches de10 cm. Détachez ensuite vos cheveux relevés pour recouvrir les mèches clippées. Ne pas approcher mes mèches d'une flamme ou d'un corps incandescent. Ne pas mettre en contact d'un appareil chauffant (fer à lisser, fer à friser) réglé à plus de 170°C.Ne pas colorer les mèches., Fibre synthétique professionnelle qualité salon, non issue de cheveux naturels.]|"
26,77€ / Pce"|"
26,77 €"
2988|Kit extensions, mèches à clipper, 56 centimètres de long, Prune|La boîte de 6 mèches|[Origine : FRANCE, Les mèches à clipper reproduisent la douceur et la brillance des cheveux naturels, sont lavables et adaptées aux appareils chauffants et s'ajustent à la longueur souhaitée., Préparez vos cheveux : à l'arrière de votre tête, dessinez une raie horizontale à hauteur de vos oreilles. A l'aide d'une pince, attachez vos cheveux redressés au sommet de votre tête pour dégager l'arrière et les côtés de votre tête.  Poser des 2 mèches pour l'arrière de votre tête : clippez la 1ère mèche de 15 cm de largeur juste en dessous de la raie créée au plus près des racines. Clippez tout d'abord le milieu de la mèche puis les deux barrettes aux extrémités. Avec la 2ème mèche de 15 cm de largeur, renouvelez le même geste sur une nouvelle raie située à environ 3 cm au dessus de la première. Pose des 2 mèches pour chaque côté de votre tête : à la même hauteur que la dernière mèche fixée, clippez les deux mèches de 10 cm de largeur dechaque côté de votre tête. Pose des mèches pour le contour du votre visage : pour finaliser votre nouvelle coiffure, clippez les deux mèches de 4 cm de largeur au niveau de vos tempes, de chaque côté de votre tête à la même hauteur que les mèches de10 cm. Détachez ensuite vos cheveux relevés pour recouvrir les mèches clippées. Ne pas approcher mes mèches d'une flamme ou d'un corps incandescent. Ne pas mettre en contact d'un appareil chauffant (fer à lisser, fer à friser) réglé à plus de 170°C.Ne pas colorer les mèches., Fibre synthétique professionnelle qualité salon, non issue de cheveux naturels.]|"
26,77€ / Pce"|"
26,77 €"
2989|Kit soin lissage, Cheveux ondulés à bouclés|La boîte de 230ml|[Origine : BELGIQUE, Retrouvez maintenant mon nouveau kit soin lissage à domicile, enrichi en Pro-Kératine + Céramide et inspiré du lissage brésilien. Son application facile au peigne permet un résultat lissage professionnel chez vous, garanti 6 semaines. Résultat : un lissage souple et soyeux jusqu'à 6 semaines., Application facile chez vous en 3 étapes. Mon peigne vous accompagne à chaque étape d'application pour une répartition et un lissage optimum. Etape 1 : crème lissante professionnelle : sur cheveux humides, appliquez ma crème lissante professionnelleà 0,5cm du cuir chevelu, puis allongez à l'aide du peigne sur les longueurs pour lisser les cheveux. Laissez agir le temps de pause déterminé par votre mèche test (maximum 20 minutes). Rincez soigneusement. Etape 2 : crème fixatrice de lissage professionnelle : appliquez ensuite ma crème fixatrice de lissage professionnelle pour imprimer la nouvelle forme lisse. Laissez agir 10 minutes. Rincez soigneusement. Etape 3 : soin reconstituant professionnel enrichi en pro-kératine + céramide : répartissez uniformément mèche à mèche de la racine à la pointe. Laissez agir 5 minutes. Rincez soigneusement. Ne pas utiliser chez l'enfant. Ce produit peut ne pas être adapté à tous types de cheveux : il est impératif de faire une mèche test avant application. Utiliser la force du produit adaptée à votre nature de cheveux. Pour une utilisation sur cheveux colorés, attendre au moins 15 jours après la coloration avant d'utiliser le kit. Pour une utilisation sur cheveux traités au henné, réaliser impérativement une mèche test. Ne pas utiliser sur des cheveux décolorés, méchés à plus de 30%, traités avec des sels métalliques, ne pas utiliser sur des cheveux défrisés avec une crème défrisante alcaline à base de sodium hydroxyde (soude) ou avec un prod, Crème lissante professionnelle : aqua/water, cetearyl alcohol, ammonium thioglycolate, ammonium bicarbonate, oleth-30, diammonium dithiodiglycolate, ethanolamine, parfum/fragrance, ammonium lauryl sulfate, pentasodium pentetate (C53432/1). Crème fixatrice de lissage professionnelle : aqua/water, steareth-2, hydrogen peroxide, glycerin, behentrimonium chloride, sodium salicylate, isopropyl alcohol, tetrasodium etidronate, tetrasodium pyrophosphate, phosphoric acid (F.I.L. C53359/1 ). Soin reconstituant professionnel : aqua/water, hydroxypropyl starch phosphate, quaternium-87, stearyl alcohol, behentrimonium chloride, amodimethicone, cetyl esters, Cl19140/yellow 5, Cl17200/red 33, linalool, glyceryl linoleate, glyceryl oleate, glyceryl linolenate, candelilla cera/candelilla wax, trideceth-6, arginine, serine, sodium hydroxide, 2-oleamido-1,3-octadecanediol, chlorhexidine digluconate, limonene, propylene glycol, isopropyl alcohol, caprylyl glycol, hydroxypropyltrimonium hydrolyzed wheat protein, cetrimonium chloride, hydroxycitronellal, glutamic acid, hexyl cinnamal, benzyl alcohol, benzyl salicylate, parfum/fragrance (F.I.L. C54790/1).]|"
19,31€ / Pce"|"
19,31 €"
2990|Kit soin lissage, Cheveux très bouclés à frisés|La boîte de 230ml|[Origine : BELGIQUE, Retrouvez maintenant mon nouveau kit soin lissage à domicile, enrichi en Pro-Kératine + Céramide et inspiré du lissage brésilien. Son application facile au peigne permet un résultat lissage professionnel chez vous, garanti 6 semaines. Résultat : un lissage souple et soyeux jusqu'à 6 semaines., Application facile chez vous en 3 étapes. Mon peigne vous accompagne à chaque étape d'application pour une répartition et un lissage optimum. Etape 1 : crème lissante professionnelle : sur cheveux humides, appliquez ma crème lissante professionnelleà 0,5cm du cuir chevelu, puis allongez à l'aide du peigne sur les longueurs pour lisser les cheveux. Laissez agir le temps de pause déterminé par votre mèche test (maximum 30 minutes). Rincez soigneusement. Etape 2 : crème fixatrice de lissage professionnelle : appliquez ensuite ma crème fixatrice de lissage professionnelle pour imprimer la nouvelle forme lisse. Laissez agir 10 minutes. Rincez soigneusement. Etape 3 : soin reconstituant professionnel enrichi en pro-kératine + céramide : répartissez uniformément mèche à mèche de la racine à la pointe. Laissez agir 5 minutes. Rincez soigneusement. Ne pas utiliser chez l'enfant. Ce produit peut ne pas être adapté à tous types de cheveux : il est impératif de faire une mèche test avant application. Utiliser la force du produit adaptée à votre nature de cheveux. Pour une utilisation sur cheveux colorés, attendre au moins 15 jours après la coloration avant d'utiliser le kit. Pour une utilisation sur cheveux traités au henné, réaliser impérativement une mèche test. Ne pas utiliser sur des cheveux décolorés, méchés à plus de 30%, traités avec des sels métalliques, ne pas utiliser sur des cheveux défrisés avec une crème défrisante alcaline à base de sodium hydroxyde (soude) ou avec un prod, Crème lissante professionnelle : aqua/water, cetearyl alcohol, ammonium thioglycolate, ammonium bicarbonate, oleth-30, diammonium dithiodiglycolate, ethanolamine, parfum/fragrance, ammonium lauryl sulfate, pentasodium pentetate (C53935/1). Crème fixatrice de lissage professionnelle : aqua/water, steareth-2, hydrogen peroxide, glycerin, behentrimonium chloride, sodium salicylate, isopropyl alcohol, tetrasodium etidronate, tetrasodium pyrophosphate, phosphoric acid (F.I.L. C53359/1 ). Soin reconstituant professionnel : aqua/water, cetearyl alcohol, behentrimonium chloride, glycerin, cetyl esters, bht, linalool, glyceryl linoleate, glyceryl oleate, glyceryl linolenate, dodecene, arginine, serine, 2-oleamido-1,3-octadecanediol, phenoxyethanol,chlorhexidine digluconate, poloxamer 407, limonene, isopropyl myristate, isopropyl alcohol, lauryl peg/ppg-18/18 methicone, citric acid, hydroxypropyltrimonium hydrolyzed wheat protein, glutamic acid, butylphenyl methylpropional, hexylcinnamal, benzyl salicylate, benzyl alcohol, parfum/fragrance (F.I.L. C54791/1).]|"
18,12€ / Pce"|"
18,12 €"
2991|Kit de lissage 6 semaines cheveux colores|La boîte|[Origine : FRANCE, Votre volume est parfaitement maîtrisé. Les boucles & frisures mal définies laissent place à un lissage au tombé raide, soyeux, impeccable. Vos cheveux restent lisses & déliés jusqu'à 6 semaines. Transformer durablement un volume indomptable ou des boucles et frisures irrégulières et mal définies, en cheveux parfaitement lisses et faciles à coiffer: c'est possible ! Inspiré des techniques de lissage professionnel, Jean Louis David crée la révolution dans l'univers du coiffage à domicile : le nouveau Kit de Lissage adapté aux cheveux colorés, résistant aux shampooings 6 semaines et enrichi en pro-kératine, permet une maîtrise durable du volume et un lissage raide et soyeux des cheveux colorés., Sur cheveux humides, répartissez à la main la crème lissante, mèche à mèche sur toute la longueur du cheveu. Laissez agir jusqu'à 20 cm puis rincez soigneusement. Sur cheveux humides, appliquez la crème fixatrice de lissage en plaquant les cheveux avec les paumes de vos mains jusqu'aux pointes. Laissez agir 10 min. Rincez soigneusement. Appliquer le soin reconstituant enrichi en pro-kératine des racines jusqu'aux pointes. Laissez agir 5 min. Rincez soigneusement. Ne pas utiliser chez l'enfant. Ce produit peut ne pas être adapté à tous types de cheveux : il est impératif de faire une mèche test avant application. Utiliser la force du produit adaptée à votre nature de cheveux. Pour une utilisation sur cheveux colorés, attendre au moins 15 jours après la coloration avant d'utiliser le défrisant et appliquer exclusivement la force cheveux sensibilisés Pour une utilisation sur cheveux traités au henné, réaliser impérativement une mèche test. Ne pas utiliser sur des cheveux décolorés, méchésà plus de 30 %, traités avec des sels métalliques, ne pas utiliser sur des cheveux défrisés avec une crème défrisante alcaline à base de sodium hydroxyde (soude) ou avec un produit sans soude, qu'il soit à base de potassium hydroxyde (potasse), delithium hydroxyde (lithine), de guanidine carbonate ou de potassium citrate pour éviter perte ou casse de cheveux. Ne pas utiliser si vous avez déjà réagi à ce type de produit, par exemple lissage durable ou permanente. Ne pas utiliser en cas de cui, Crème lissante : aqua/water, cetearyl alcohol, ammonium thioglycolate, ammonium bicarbonate, oleth-30, diammonium dithiodiglycolate, ethanolamine, parfum/fragrance, ammonium lauryl sulfate, pentasodium pentetate (FIL C160672/3). Crème fixatrice de lissage : aqua/water, steareth-2, hydrogen peroxide, glycerin, behentrimonium chloride, isopropyl alcohol, tetrasodium etidronate, tetrasodium pyrophosphate, sodium salicylate, phosphoric acid, parfum/fragrance (FIL C46900/1). Soin reconstituant enrichi en pro-kératine : aqua/water, cetearyl alcohol, elaeis guineensis oil/palm oil, behentrimonium chloride, stearamidopropyl dimethylamine, glycerin, glyceryl linoleate, glyceryl oleate, glyceryl linolenate, arginine, serine, chlorhexidine dihydrochloride, isopropyl alcohol, citric acid, hydroxypropyltrimonium hydrolyzed wheat protein, glutamic acid, parfum/fragrance (FIL C161205/2).]|"
15,81€ / Pce"|"
15,81 €"
2992|Amplificateur de chignon, effet Push Up                          Invisible, léger et confortable|L'unité|[Origine : FRANCE, Le secret d'un chignon volumineux même sur cheveux fins, c'est l'Amplificateur de Chignon effet Push Up ! Installé à la base d'une queue de cheval, il permet de réaliser facilement un chignon parfait, tout en volume : effet Push Up garanti ! Une foisinstallé, l'Amplificateur est invisible, même sur cheveux fins et sur toutes couleurs de cheveux. Léger et confortable, il reste en place toute la journée !, Pour recouvrir facilement l'Amplificateur, il est recommandé d'avoir au minimum les cheveux aux épaules. Attachez vos cheveux en queue de cheval avec un élastique et faites-la passer dans l'Amplificateur. Répartissez vos cheveux en palmier pour recouvrir l'Amplificateur. Placez un élastique à la base du chignon puis enroulez les longueurs. Maintenez les longueurs à la base du chignon avec les épingles fournies dans la boîte. Conserver à l'écart de toute flamme ou source d'étincelles ou d'ignition. Conserver hors de la portée des enfants.]|"
5,14€ / Pce"|"
5,14 €"
2993|Réhausseur de coiffure, effet Push Up                            Invisible, léger et confortable|La pièce|[Origine : FRANCE, Le secret d'un volume spectaculaire même sur cheveux fins, c'est le Rehausseur de Coiffure effet Push Up ! Il s'insère discrètement sous un mèche de cheveux pour rehausser instantanément le volume de la coiffure : effet Push Up garanti ! Une fois installé, le Rehausseur est invisible, même sur cheveux fins et sur toutes couleurs de cheveux. Léger et confortable, il reste en place toute la journée !, Pour recouvrir facilement le Rehausseur, il est recommandé d'avoir au minimum les cheveux aux épaules. Séparez une mèche sur le devant de la coiffure. Installez le Rehausseur à la base de la mèche, côté bombé vers l'avant. Rabattez la mèche vers l'arrière pour recouvrir l'accessoire. Conserver à l'écart de tout flamme ou source d'étincelles ou d'ignition.]|"
5,14€ / Pce"|"
5,14 €"
2994|600 Blond foncé éclatant, Mousse absolue|La boîte de 154ml|[Origine : FRANCE, L'Oréal Paris crée sa 1ère coloration-mousse permanente prête à l'emploi et réutilisable. Découvrez notre absolue perfection  en une simple pression. Mélange automatiquement votre couleur en une seule pression et diffuse une mousse pour une utilisation d'une facilité absolue. Contient jusqu'à 2 utilisations grâce à son système de préservation., Pour une meilleure couverture des cheveux blancs secouez bien l'aérosol avant chaque application et malaxez les cheveux avec insistance pour assurer une bonne imprégnation et répartition du produit, insistez au niveau des racines. Ne pas trop incliner le flacon pour un usage optimal du produit. Ne pas orienter le flacon vers le visage. Sassurer que le produit est bien sous forme de mousse avant dêtre réparti sur la chevelure. Si le produit est liquide en sortie du flacon, ne pas lappliquer sur la chevelure car il risquerait de couler dans les yeux. Les colorants capillaires peuvent provoquer des réactions allergiques sévères. Lire et suivre les instructions. Ce produit nest pas destiné à être utilisé sur les personnes de moins de seizeans. Les tatouages temporaires noirs à base de henné peuvent augmenter le risque dallergie. Ne vous colorez pas les cheveux si : vous présentez une éruption cutanée sur le visage ou si votre cuir chevelu est sensible, irrité ou abîmé, vous avez déjàfait une réaction après avoir coloré vos cheveux, vous avez fait par le passé une réaction à un tatouage temporaire noir à base de henné. Il est obligatoire de faire un test dalerte allergie impérativement 48 heures avant chaque utilisation de ce produit (se conformer à la notice). Penser à acheter votre produit à lavance pour faire le test dalerte allergie 48 heures avant. Contient du peroxyde dhydrogène, des diaminobenzènes, des phenylenediamine (toluènediamines), de la résorcine, de lam, Colorant : aqua/water, trideceth-2 carboxamide mea, propylene glycol, hexylene glycol, peg-2 oleamine, polyglyceryl-4 oleyl ether, oleyl alcohol, alcohol denat., ammonium hydroxide, polyglyceryl-2 oleyl ether, propane, oleic acid, sodium diethylaminopropyl cocoaspartamide, butane, m-aminophenol, sodium metabisulfite, hydroxypropyl bis(n-hydroxyethyl-p-phenylenediamine) hcl, eugenol, thioglycerin, toluene-2,5-diamine, ammonium acetate, 2-methylresorcinol, pentasodium pentetate, linalool, isobutane, alpha-isomethyl ionone, resorcinol, citronellol erythorbic acid, parfum / fragrance (c163455/2). Révélateur : aqua / water, hydrogen peroxide, butane, cetearyl alcohol, isobutane, propane, sodium stannate, trideceth-2 carboxamide mea, pentasodiumpentetate, phosphoric acid, ceteareth-25, tetrasodium pyrophosphate, glycerin (c55574/1). Soin sublimateur de couleur : aqua/water, cetearyl alcohol, glycerin, behentrimonium chloride, candelilla cera / candelilla wax, amodimethicone, cetyl esters, isopropyl alcohol tocopheryl acetate, lecithin, tocopherol, oleth-10, phenoxyethanol, ppg-5-ceteth-20, ethylhexyl salicylate, ethylparaben, trideceth-12, chlorhexidine dihydrochloride, camphor benzalkonium methosulfate, limonene, linalool, benzyl alcohol, benzyl benzoate, phosphoric acid, geraniol, disodium cocoamphodipropionate, methylparaben, cetrimonium chloride, butylphenyl methylpropional, citronellol, hexyl cinnamal, amyl cinnamal, parfum / fragrance (cl8845/3 )., Conserver à l'écart de toute flamme ou source d'étincelles.]|"
16,94€ / Pce"|"
16,94 €"
2995|Balayage n°1, Pour cheveux blond très clair|La boite de 138ml|[Origine : BELGIQUE, La gamme Préférence Balayage Glam' associe dans un kit exclusif une brosse mèche expert, une crème ultra éclaircissante et un soin au Nutri Céramide pour un résultat ultra lumineux., Non adapté aux cheveux blancs. Temps de pause : 25 à 45 min. Ce produit contient des persulfates. Il peut provoquer une réaction allergique qui dans certains cas rares, peut être grave. Il est donc indispensable de respecter les précautions suivantes: ne pas utiliser si vous êtes sensibles aux persulfates ou avez déjà réagi à un produit de décoloration, votre cuir chevelu est sensible irrité ou abîmé. Ne pas inhaler la poudre. Porter les gants appropriés fournis dans l'étui. Ne pas employer pour la décoloration des cils et des sourcils ou pour un usage autre que la décoloration des cheveux. Ne pas utiliser pour la décoloration de la barbe et de la moustache. Eviter le contact du produit avec les yeux. Rincer immédiatement et abondamment les yeux si le produit entre en contact avec ceux-ci. En cas de réaction telle que picotements intenses, boutons, sensations de brûlure du cuir chevelu ou gêne respiratoire, rincer immédiatement à l'eau tiède et stopper l'utilisation. Avant de refaireune décoloration, consulter un médecin. Ne pas dépasser le temps de pause maximum préconisé puis rincer très soigneusement les cheveux à l'eau tiède. Ne pas utiliser sur des cheveux très fins, sensibilisés, défrisés ou juste après une permanente. Nepas utiliser si les cheveux ont été colorés par du henné ou avec une coloration progressive. Ne jamais conserver le mélange après application. Ne pas laisser à la portée des enfants. Ne pas utiliser chez l'enfant., Poudre décolorante : potassium, persulfate sodium, metasilicate sodium, persulfate, ammonium chloride, kaolin, sodium lauryl sulfate,  ci 77891 / titanium dioxide, edta, cyamopsis, tetragonolobus gum / guar gum,  hydrogenated polydecene, calcium stéarate. Crème éclaircissante : aqua / water, cetearyl alcohol, propylène glycol, deceth-3, laureth-12, ammonium hydroxide, oleth-30, lauric acid, glycol distearate, polyquaternium-22, ethanolamine silica, dimethyl silylate [nano] / silica, dimethyl silylate, pentasodium, pentetate carbomer, parfum / fragrance. Révélateur crème : aqua / water, hydrogen peroxide, cetearyl alcohol ,sodium stannate, trideceth-2, carboxamide, mea pentasodium, pentetate, phosphoric acid, ceteareth-25, tetrasodium, pyrophosphate, glycerin. Shampooing soin nutri céramide : aqua / water,  sodium laureth sulfate, dimethicone, disodium, cocoamphodiacetate, cetyl alcohol, hydroxystearyl, cetyl ether, guar, hydroxypropyltrimonium chloride,  sodium benzoate, sodium chloride,  sodium hydroxide, ppg-5,ceteth-20,  salicylic acid,  propylène glycol, 2-oleamido-1, 3-octadecanediol , carbomer,  citric acid, parfum / fragrance.]|"
13,79€ / Pce"|"
13,79 €"
2996|Balayage n°2, Pour cheveux blond clair|La boite de 138ml|[Origine : FRANCE, La gamme Préférence Balayage Glam' associe dans un kit exclusif une brosse mèche expert, une crème ultra éclaircissante et un soin au Nutri Céramide pour un résultat ultra lumineux., Non adapté aux cheveux blancs. Temps de pause : 25 à 45 min. Ce produit contient des persulfates. Il peut provoquer une réaction allergique qui dans certains cas rares, peut être grave. Il est donc indispensable de respecter les précautions suivantes: ne pas utiliser si vous êtes sensibles aux persulfates ou avez déjà réagi à un produit de décoloration, votre cuir chevelu est sensible irrité ou abîmé. Ne pas inhaler la poudre. Porter les gants appropriés fournis dans l'étui. Ne pas employer pour la décoloration des cils et des sourcils ou pour un usage autre que la décoloration des cheveux. Ne pas utiliser pour la décoloration de la barbe et de la moustache. Eviter le contact du produit avec les yeux. Rincer immédiatement et abondamment les yeux si le produit entre en contact avec ceux-ci. En cas de réaction telle que picotements intenses, boutons, sensations de brûlure du cuir chevelu ou gêne respiratoire, rincer immédiatement à l'eau tiède et stopper l'utilisation. Avant de refaireune décoloration, consulter un médecin. Ne pas dépasser le temps de pause maximum préconisé puis rincer très soigneusement les cheveux à l'eau tiède. Ne pas utiliser sur des cheveux très fins, sensibilisés, défrisés ou juste après une permanente. Nepas utiliser si les cheveux ont été colorés par du henné ou avec une coloration progressive. Ne jamais conserver le mélange après application. Ne pas laisser à la portée des enfants. Ne pas utiliser chez l'enfant., Poudre décolorante : potassium persulfate, sodium metasilicate, sodium persulfate, ammonium chloride,  kaolin, sodium lauryl sulfate, ci 77891 / titanium dioxide, edta,  cyamopsis, tetragonolobus gum / guar gum, hydrogenated polydecene,  calcium stéarate. Crème éclaircissante : aqua / water,  cetearyl alcohol, propylène glycol,  deceth-3, laureth-12,  ammonium hydroxide,  oleth-30,  lauric acid,  glycol distearate, polyquaternium-22,  ethanolamine,  silica, dimethyl silylate [nano] / silica dimethyl silylate,  pentasodium, pentetate,  carbomer, parfum / fragrance. Révélateur crème : aqua / water,  hydrogen peroxide,  cetearyl alcohol, sodium stannate, trideceth-2, carboxamide mea, pentasodium, pentetate, phosphoric acid, ceteareth-25,  tetrasodium, pyrophosphate,  glycerin. Shampooing soin nutri céramide : aqua / water,  sodium laureth sulfate, dimethicone,  disodium, cocoamphodiacetate,  cetyl alcohol,  hydroxystearyl, cetyl ether guar, hydroxypropyltrimonium chloride,  sodium benzoate, sodium chloride,  sodium hydroxide,  ppg-5, ceteth-20, salicylic acid, propylène glycol,  2-oleamido-1, 3-octadecanediol, carbomer,  citric acid, parfum / fragrance.]|"
13,79€ / Pce"|"
13,79 €"
2997|Casting Crème Gloss 200 Noir Ebene|La boîte|[Origine : FRANCE, Innovation : les laboratoires de L'Oréal réinventent la coloration sans ammoniaque. Une couleur chatoyante, aux reflets brillants et visibles. Sa formule crème sans ammoniaque couvre de façon optimale les cheveux blancs. Pleine de nuances, elle recrée dans vos cheveux toute la richesse des vraies couleurs naturelles, avec des reflets visibles. C'est comme si votre couleur prenait vie. Le résultat est durable jusqu'à 28 shampooings et la couleur reste naturelle et brillante., LA COLORATION PEUT PROVOQUER UNE RÉACTION ALLERGIQUE QUI, DANS CERTAINS CAS RARES, PEUT ÊTRE GRAVE. IL EST OBLIGATOIRE, DANS TOUS LES CAS, DE FAIRE UN TEST D'ALLERGIE CUTANÉE IMPÉRATIVEMENT 48 HEURES AVANT CHAQUE UTILISATION DE CE PRODUIT (se conformer à la notice). NE PAS UTILISER SI : - vous avez déjà réagi à un produit de coloration - vous avez le cuir chevelu irrité ou abîmé. TATOUAGE HENNÉ NOIR : si vous avez fait, même une seule fois, un tatouage au henné noir, vous risquez d'être devenueallergique sans le savoir. Ne pas utiliser ce produit sans avoir effectué le test d'allergie cutanée, 48 heures avant l'utilisation du produit. PENSEZ À ACHETER VOTRE PRODUIT À L'AVANCE POUR FAIRE LE TEST D'ALLERGIE CUTANÉE 48 HEURES AVANT. - Le révélateur contient de l'eau oxygénée - Le produit colorant contient des diaminotoluènes, de la résorcine - Eviter le contact du produit avec la peau et les yeux, ne pas employer pour la coloration des cils et des sourcils. Ne pas suivre cette consigne peut entraîner la cécité - Rincer immédiatement et abondamment les yeux si le produit entre en contact avec ceux-ci - Porter les gants appropriés fournis dans l'étui - Bien rincer les cheveux après application - Ne pas utiliser si vos cheveux ont étécolorés par du henné ou avec une coloration progressive - Tenir hors de la portée des enfants. Ne pas utiliser chez l'enfant., CRÈME COLORANTE : AQUA/WATER, CETEARYL ALCOHOL, PROPYLENE GLYCOL, DECETH-3, LAURETH-12, ETHANOLAMINE, OLETH-30, LAURIC ACID, TOLUENE-2.5-DIAMINE, POLYQUATERNIUM-6, GLYCOL DISTEARATE, HEXADIMETHRINE CHLORIDE, SILICA DIMETHYL SILYLATE, RESORCINOL, PENTASODIUM PENTETATE, 2,4-DIAMINOPHENOXYETHANOL HCI, m-AMINOPHENOL, THIOLACTIC ACID, CARBOMER, p-METHYLAMINOPHENOL SULFATE, ASCORBIC ACID, MICA, HYDROXYBENZOMORPHOLINE, Cl 77491 / IRON OXIDES, Cl 77891 /TITANIUM DIOXIDE, PARFUM / FRAGRANCE. (C25434/5).437046 - LAIT RÉVÉLATEUR : AQUA / WATER, HYDROGEN PEROXIDE, CETEARYL ALCOHOL, SODIUM STANNATE, TRIDECETH-2 CARBOXAMIDE MEA, PENTASODIUM PENTETATE, CETEARETH-30, TETRASODIUM PYROPHOSPHATE, GLYCERIN. (C11321/8). 471076 - SOIN NUTRI-ECLAT : AQUA / WATER, CETEARYL ALCOHOL, BEHENTRIMONIUM CHLORIDE, PEG-180, AMODIMETHICONE, CETYL ESTERS, HYDROXYETHYLCELLULOSE, TRIDECETH-12, CHLORHEXIDINE DIHYDROCHLORIDE, LIMONENE, CAMELLIA SINENSIS / CAMELLIA SINENSIS LEAF EXTRACT, LINALOOL, ALOE BARBADENSIS / ALOE BARBADENSIS LEAF JUICE, PROPYLENE GLYCOL, METHYLPARABEN, CITRIC ACID, CETRIMONIUM CHLORIDE, CITRONELLOL, HEXYL CINNAMAL, AMYL CINNAMAL, PARFUM / FRAGRANCE. (C15360/6).]|"
12,86€ / Pce"|"
12,86 €"
2998|Casting Crème Gloss 300 Chatain Foncé|La boîte|[Origine : FRANCE, Innovation : les laboratoires de L'Oréal réinventent la coloration sans ammoniaque. Une couleur chatoyante, aux reflets brillants et visibles : sa formule crème sans ammoniaque couvre de façon optimale les cheveux blancs. Pleine de nuances, elle recrée dans vos cheveux toute la richesse des vraies couleurs naturelles, avec des reflets visibles. C'est comme si votre couleur prenait vie. Le résultat est durable jusqu'à 28 shampooings et la couleur reste naturelle et brillante. Douceur et respect optimisé du cheveu : pendant la coloration, son complexe soin breveté renforce la fibre des cheveux colorés, à l'intérieur et en surface, pour une douceur exceptionnelle, un toucher voluptueux et une brillance gloss. Après la coloration, son soin Nutri-Eclat à l'aloe vera et au thé vert renouvelle l'éclat de votre couleur jusqu'à votre prochaine coloration. Une application facile et agréable : sa texture crème ne coule pas. Son parfum délicat fait de votre coloration un vrai moment de plaisir., La coloration peut provoquer une réaction allergique qui, dans certains cas rares, peut être grave. Il est donc indispensable de respecter les consignes suivantes : ne pas utiliser si vous avez déjà réagi à un produit de coloration, vous avez le cuirchevelu sensible, irrité ou abîmé. En cas de tatouage les risques d'allergie peuvent être accrus. Faire un test d'allergie cutanée impérativement 48 heures avant chaque utilisation de ce produit (voir notice). Penser à acheter votre produit à l'avance. Eviter le contact du produit avec la peau et les yeux Ne pas employer pour la coloration des cils et des sourcils, ne pas suivre cette consigne peut entraîner la cécité. Rincer immédiatement et abondamment  les yeux si le produit entre en contactavec ceux-ci. Porter les gants appropriés fournis dans l'étui. Bien rincer les cheveux après application. Ne pas utiliser si vos cheveux ont été colorés par du henné ou avec une coloration progrèssive. Tenir hors de la portée des enfants. Ne pas utiliser chez l'enfant. Se conformer à la notice., Crème colorante : aqua, cetearyl alcohol, propylene glycol, deceth-3, laureth-12, ethanolamine, oleth-30, lauric acid, toluene-2.5-diamine, polyquaternium-6, glycol distearate, resorcinol, hexadimethrine chloride, silica dimethyl silylate, Cl77491/iron oxides, Cl77891/titanium dioxide, 2.4-diaminophenoxyethanol HCI, m-aminophenol, ascorbic acid, mica, sodium metabisulfite, 2-methylresorcinol, pentasodium pentetate, carbomer, parfum (C22282/1). Lait révélateur : aqua, hydrogen peroxide, cetearylalcohol, sodium stannate, trideceth-2 carboxamide mea, pentasodium pentetate, ceteareth-30, tetrasodium pyrophosphate, glycerin. (C11321/8). Soin nutri-éclat : aqua, cetearyl alcohol, behentrimonium chloride, peg-180, amodimethicone, cetyl esters, hydroxyethylcellulose, trideceth-12, chlorhexidine dihydrochloride, limonene, camellia sinensis/camellia sinensis leaf extract, linalool, aloe barbadensis/aloe barbadensis leaf juice, propylene glycol, methylparaben, citric acid, cetrimonium chloride,citronellol, hexyl cinnamal, amyl cinnamal, parfum. (C15360/6)., Crème colorante : aqua, cetearyl alcohol, propylene glycol, deceth-3, laureth-12, ethanolamine, oleth-30, lauric acid, toluene-2.5-diamine, polyquaternium-6, glycol distearate, resorcinol, hexadimethrine chloride, silica dimethyl silylate, Cl77491/iron oxides, Cl77891/titanium dioxide, 2.4-diaminophenoxyethanol HCI, m-aminophenol, ascorbic acid, mica, sodium metabisulfite, 2-methylresorcinol, pentasodium pentetate, carbomer, parfum (C22282/1). Lait révélateur : aqua, hydrogen peroxide, cetearylalcohol, sodium stannate, trideceth-2 carboxamide mea, pentasodium pentetate, ceteareth-30, tetrasodium pyrophosphate, glycerin. (C11321/8). Soin nutri-éclat : aqua, cetearyl alcohol, behentrimonium chloride, peg-180, amodimethicone, cetyl esters, hydroxyethylcellulose, trideceth-12, chlorhexidine dihydrochloride, limonene, camellia sinensis/camellia sinensis leaf extract, linalool, aloe barbadensis/aloe barbadensis leaf juice, propylene glycol, methylparaben, citric acid, cetrimonium chloride,citronellol, hexyl cinnamal, amyl cinnamal, parfum. (C15360/6).]|"
12,86€ / Pce"|"
12,86 €"
2999|Casting Crème Gloss 316 Prune|La boîte|[Origine : FRANCE, Découvrez maintenant Casting Crème Gloss, une couleur-soin en crème qui offre des reflets plus brillants et visibles, une meilleure couverture des cheveux blancs et encore plus de soin., Crème colorante : aqua, cetearyl alcohol, deceth-3, propylene glycol, laureth-12, ethanolamine, oleth-30, lauric acid, polyquaternium-6, glycol distearate, sodium metasilicate, 4-amino-2-hydroxytoluene, toluene-2, 5-diamine, hexadimethrine chloride,silica dimethyl silylate, Cl77491/iron oxides, Cl77891/titanium dioxide, ascorbic acid, mica, thiolactic acid, 2-methyl-5-hydroxyethylaminophenol, pentasodium pentetate, carbomer, resorcinol, parfum (C22441/1). Lait révélateur : aqua, hydrogen peroxide, cetearyl alcohol, sodium stannate, trideceth-2 carboxamide mea, pentasodium pentetate, ceteareth-30, tetrasodium pyrophosphate, glycerin (C11321/8). Soin nutri-éclat : aqua, cetearyl alcohol, behentrimonium chloride, PEG-180,  amodimethicone, cetyl esters, hydroxyethylcellulose, trideceth-12, chlorhexidine dihydrochloride, limonene, camellia sinensis/camellia sinensis leaf extract, linalool, aloe barbadensis/aloe barbadensis leaf juice, propylene glycol, methylparaben, citric acid, cetrimonium chloride, citronellol, hexyl cinnamal, amyl cinnamal, parfum (C15360/6). Le révélateur contient de l'eau oxygénée. Le produit colorant contient des diaminotoluènes, de la résorcine. Sans ammoniaque.]|"
13,38€ / Pce"|"
13,38 €"
3000|Casting Crème Gloss 323 Chocolat Noir|La boîte|[Origine : FRANCE, Innovation : les Laboratoires de L'Oréal réinventent la coloration sans ammoniaque. Une couleur chatoyante, aux reflets brillants et visibles : sa formule crème sans ammoniaque couvre de façon optimale les cheveux blancs. Pleine de nuances, elle recrée dans vos cheveux toute la richesse des vraies couleurs naturelles, avec des reflets visibles. C'est comme si votre couleur prenait vie. Le résultat est durable jusqu'à 28 shampooings et la couleur reste naturelle et brillante. Douceur et respect optimisé du cheveu : pendant la coloration, son complexe soin breveté renforce la fibre des cheveux colorés, à l'intérieur et en surface, pour une douceur exceptionnelle, un toucher voluptueux et une brillance gloss. Après la coloration, son soin Nutri-Eclat à l'aloe vera et au thé vert renouvelle l'éclat de votre couleur jusqu'à votre prochaine coloration. Une application facile et agréable : sa texture crème ne coule pas. Son parfum délicat fait de votre coloration un vrai moment de plaisir. So, La coloration peut provoquer une réaction allergique qui, dans certains cas rares, peut être grave.;Il est donc indispensable de respecter les consignes suivantes : ne pas utiliser si vous avez déjà réagi à un produit de coloration, vous avez le cuirchevelu sensible, irrité ou abîmé.;En cas de tatouage les risques d'allergie peuvent être accrus.;Faire un test d'allergie cutanée impérativement 48 heures avant chaque utilisation de ce produit (voir notice). Penser à acheter votre produit à l'avance.; Eviter le contact du produit avec la peau et les yeux;Ne pas employer pour la coloration des cils et des sourcils, ne pas suivre cette consigne peut entraîner la cécité.;Rincer immédiatement et abondamment les yeux si le produit entre en contactavec ceux-ci.;Porter les gants appropriés fournis dans l'étui.;Bien rincer les cheveux après application.;Ne pas utiliser si vos cheveux ont été colorés par du henné ou avec une coloration progressive.;Tenir hors de la portée des enfants.;Ne pas utiliser chez l'enfant;Se conformer à la notice., Crème colorante : aqua/water, cetearyl alcohol, deceth-3, propylene glycol, laureth-12, ethanolamine, oleth-30, lauric acid,polyquaternium-6, glycol distearate, sodium metasilicate, toluene-2, 5-diamine, resorcinol,  hexadimethrine chloride, silica dimethyl silylate, Cl77491/iron oxides, Cl77891/titanium dioxide, m-aminophenol, ascorbic acid, mica, thiolactic acid, 2-methyl resorcinol,  pentasodium pentetate, carbomer, parfum/fragrance, (C29544/1). Lait révelateur : aqua/water, hydrogen peroxide, cetearyl alcohol, sodium stannate, trideceth-2 carboxamioe mea pentasodium pentetate, ceteareth-30, tetrasodium pyrophosphate, glycerin, (C11321/8). Soin nutri-éclat : aqua/water, cetearyl alcohol, behentrimonium chloride, peg-180, amodimethicone,cetyl esters, hydroxyethylcellulose, trideceth-12, chlorhexidine dihydrochloride,  limonene, camellia sinensis/camellia sinensis leaf extract, linalool, aloe barbadensis/aloe barbadensis leaf juice, propylene glycol, methylparaben, citric acid, cetrimonium chloride, citronellol, hexyl cinnamal, amyl cinnamal, parfum/fragrance, (C28240/1). Le révélateur contient de l'eau oxygénée. Le produit colorant contient des diaminotoluènes, de la résorcine.  Sans ammoniaque.]|"
12,86€ / Pce"|"
12,86 €"
3001|Casting Crème Gloss 400 Châtain|La boîte|[Origine : FRANCE, Innovation : les laboratoires de L'Oréal réinventent la coloration sans ammoniaque. Une couleur chatoyante, aux reflets brillants et visibles : sa formule crème sans ammoniaque couvre de façon optimale les cheveux blancs. Pleine de nuances, elle recrée dans vos cheveux toute la richesse des vraies couleurs naturelles, avec des reflets visibles. C'est comme si votre couleur prenait vie. Le résultat est durable jusqu'à 28 shampooings et la couleur reste naturelle et brillante. Douceur et respect optimisé du cheveu : pendant la coloration, son complexe soin breveté renforce la fibre des cheveux colorés, à l'intérieur et en surface, pour une douceur exceptionnelle, un toucher voluptueux et une brillance gloss. Après la coloration, son soin Nutri-Eclat à l'aloe vera et au thé vert renouvelle l'éclat de votre couleur jusqu'à votre prochaine coloration. Une application facile et agréable : sa texture crème ne coule pas. Son parfum délicat fait de votre coloration un vrai moment de plaisir., La coloration peut provoquer une réaction allergique qui, dans certains cas rares, peut être grave. Il est donc indispensable de respecter les consignes suivantes : ne pas utiliser si vous avez déjà réagi à un produit de coloration, vous avez le cuirchevelu sensible, irrité ou abîmé. En cas de tatouage les risques d'allergie peuvent être accrus. Faire un test d'allergie cutanée impérativement 48 heures avant chaque utilisation de ce produit (voir notice). Penser à acheter votre produit à l'avance.  Eviter le contact du produit avec la peau et les yeux Ne pas employer pour la coloration des cils et des sourcils, ne pas suivre cette consigne peut entraîner la cécité. Rincer immédiatement et abondamment les yeux si le produit entre en contactavec ceux-ci. Porter les gants appropriés fournis dans l'étui. Bien rincer les cheveux après application. Ne pas utiliser si vos cheveux ont été colorés par du henné ou avec une coloration progressive. Tenir hors de la portée des enfants. Ne pas utiliser chez l'enfant Se conformer à la notice., Crème colorante : aqua, cetearyl alcohol, propylene glycol, deceth-3, laureth-12, ethanolamine, oleth-30, lauric acid, polyquaternium-6, glycol distearate, toluene-2.5 -diamine, hexadimethrine chloride, silica dimethyl silylate, resorcinol, Cl77491/iron oxides, Cl77891/titanium dioxide, 2.4-diaminophenoxyethanol HCI, m-aminophenol, ascorbic acid, mica, sodium metabisulfite, 2-methylresorcinol, pentasodium pentetate, carbomer, parfum (C22283/1). Lait révélateur : aqua, hydrogen peroxide, cetearylalcohol, sodium stannate, trideceth-2 carboxamide mea, pentasodium pentetate, ceteareth-30, tetrasodium pyrophosphate, glycerin. (C11321/8). Soin nutri-éclat : aqua, cetearyl alcohol, behentrimonium chloride, peg-180, amodimethicone, cetyl esters, hydroxyethylcellulose, trideceth-12, chlorhexidine dihydrochloride, limonene, camellia sinensis/camellia sinensis leaf extract, linalool, aloe barbadensis/aloe barbadensis leaf juice, propylene glycol, methylparaben, citric acid, cetrimonium chloride,citronellol, hexyl cinnamal, amyl cinnamal, parfum. (C15360/6)., Crème colorante : aqua, cetearyl alcohol, propylene glycol, deceth-3, laureth-12, ethanolamine, oleth-30, lauric acid, polyquaternium-6, glycol distearate, toluene-2.5 -diamine, hexadimethrine chloride, silica dimethyl silylate, resorcinol, Cl77491/iron oxides, Cl77891/titanium dioxide, 2.4-diaminophenoxyethanol HCI, m-aminophenol, ascorbic acid, mica, sodium metabisulfite, 2-methylresorcinol, pentasodium pentetate, carbomer, parfum (C22283/1). Lait révélateur : aqua, hydrogen peroxide, cetearylalcohol, sodium stannate, trideceth-2 carboxamide mea, pentasodium pentetate, ceteareth-30, tetrasodium pyrophosphate, glycerin. (C11321/8). Soin nutri-éclat : aqua, cetearyl alcohol, behentrimonium chloride, peg-180, amodimethicone, cetyl esters, hydroxyethylcellulose, trideceth-12, chlorhexidine dihydrochloride, limonene, camellia sinensis/camellia sinensis leaf extract, linalool, aloe barbadensis/aloe barbadensis leaf juice, propylene glycol, methylparaben, citric acid, cetrimonium chloride,citronellol, hexyl cinnamal, amyl cinnamal, parfum. (C15360/6).]|"
12,86€ / Pce"|"
12,86 €"
3002|Casting Crème Gloss 415 Marron Glacé|La boîte|[Origine : FRANCE, Innovation : les Laboratoires de L'Oréal réinventent la coloration sans ammoniaque. Une couleur chatoyante, aux reflets brillants et visibles. Sa formule crème sans ammoniaque couvre de façon optimale les cheveux blancs. Pleine de nuances, elle recrée dans vos cheveux toute la richesse des vraies couleurs naturelles, avec des reflets visibles. C'est comme si votre couleur prenait vie. Le résultat est durable jusqu'à 28 shampooings et la couleur reste naturelle et brillante., LA COLORATION PEUT PROVOQUER UNE RÉACTION ALLERGIQUE QUI, DANS CERTAINS CAS RARES, PEUT ÊTRE GRAVE. IL EST OBLIGATOIRE, DANS TOUS LES CAS, DE FAIRE UN TEST D'ALLERGIE CUTANÉE IMPÉRATIVEMENT 48 HEURES AVANT CHAQUE UTILISATION DE CE PRODUIT (se conformer à la notice). NE PAS UTILISER SI : - vous avez déjà réagi à un produit de coloration - vous avez le cuir chevelu irrité ou abîmé. TATOUAGE HENNÉ NOIR : si vous avez fait, même une seule fois, un tatouage au henné noir, vous risquez d'être devenueallergique sans le savoir. Ne pas utiliser ce produit sans avoir effectué le test d'allergie cutanée, 48 heures avant l'utilisation du produit. PENSEZ À ACHETER VOTRE PRODUIT À L'AVANCE POUR FAIRE LE TEST D'ALLERGIE CUTANÉE 48 HEURES AVANT. - Le révélateur contient de l'eau oxygénée - Le produit colorant contient des diaminotoluènes, de la résorcine - Eviter le contact du produit avec la peau et les yeux, ne pas employer pour la coloration des cils et des sourcils. Ne pas suivre cette consigne peut entraîner la cécité - Rincer immédiatement et abondamment les yeux si le produit entre en contact avec ceux-ci - Porter les gants appropriés fournis dans l'étui - Bien rincer les cheveux après application - Ne pas utiliser si vos cheveux ont étécolorés par du henné ou avec une coloration progressive - Tenir hors de la portée des enfants. Ne pas utiliser chez l'enfant., CRÈME COLORANTE : AQUA/ WATER, CETEARYL ALCOHOL, PROPYLENE GLYCOL, DECETH-3, LAURETH-12, ETHANOLAMINE, OLETH-30, LAURIC ACID, POLYQUATERNIUM-6, GLYCOL DISTEARATE, HEXADIMETHRINE CHLORIDE, SILICA DIMETHYL SILYLATE, Cl 77491 / IRON OXIDES, CI 77891 / TITANIUM DIOXIDE, 2,4-DIAMINOPHENOXYETHANOL HCI, p-AMINOPHENOL, 2-AMIN0-3-HYDROXYPYRIDINE, ASCORBIC ACID, MICA, THIOLACTIC ACID, TOLUENE-2.5-DIAMINE, 2-METHYLRESORCINOL, 2-METHYL-5-HYDROXYETHYLAMINOPHENOL, PENTASODIUM PENTETATE, CARBOMER, RESORCINOL,PARFUM / FRAGRANCE. (C22093/1). 437046 - LAIT RÉVÉLATEUR : AQUA /WATER, HYDROGEN PEROXIDE, CETEARYL ALCOHOL, SODIUM STANNATE, TRIDECETH-2 CARBOXAMIDE MEA, PENTASODIUM PENTETATE, CETEARETH-30, TETRASODIUM PYROPHOSPHATE, GLYCERIN. (C11321/8). 471076 -SOIN NUTRI-ECLAT: AQUA /WATER, CETEARYL ALCOHOL, BEHENTRIMONIUM CHLORIDE, PEG-180, AMODIMETHICONE, CETYL ESTERS, HYDROXYETHYLCELLULOSE, TRIDECETH-12, CHLORHEXIDINE DIHYDROCHLORIDE, LIMONENE, CAMELLIA SINENSIS / CAMELLIA SINENSIS LEAF EXTRACT, LINALOOL, ALOE BARBADENSIS / ALOE BARBADENSIS LEAF JUICE, PROPYLENE GLYCOL, METHYLPARABEN, CITRIC ACID, CETRIMONIUM CHLORIDE, CITRONELLOL, HEXYL CINNAMAL, AMYL CINNAMAL, PARFUM / FRAGRANCE. (C15360/6).]|"
12,86€ / Pce"|"
12,86 €"
3003|Casting Crème Gloss 426 Aubur|La boîte|[Origine : FRANCE, Innovation : les Laboratoires de L'Oréal réinventent la coloration sans ammoniaque. Une couleur chatoyante, aux reflets brillants et visibles : sa formule crème sans ammoniaque couvre de façon optimale les cheveux blancs. Pleine de nuances, elle recrée dans vos cheveux toute la richesse des vraies couleurs naturelles, avec des reflets visibles. C'est comme si votre couleur prenait vie. Le résultat est durable jusqu'à 28 shampooings et la couleur reste naturelle et brillante. Douceur et respect optimisé du cheveu : pendant la coloration, son complexe soin breveté renforce la fibre des cheveux colorés, à l'intérieur et en surface, pour une douceur exceptionnelle, un toucher voluptueux et une brillance gloss. Après la coloration, son soin Nutri-Eclat à l'aloe vera et au thé vert renouvelle l'éclat de votre couleur jusqu'à votre prochaine coloration. Une application facile et agréable : sa texture crème ne coule pas. Son parfum délicat fait de votre coloration un vrai moment de plaisir. So, La coloration peut provoquer une réaction allergique qui, dans certains cas rares, peut être grave. Il est donc indispensable de respecter les consignes suivantes : ne pas utiliser si vous avez déjà réagi à un produit de coloration, vous avez le cuirchevelu sensible, irrité ou abîmé. En cas de tatouage les risques d'allergie peuvent être accrus. Faire un test d'allergie cutanée impérativement 48 heures avant chaque utilisation de ce produit (voir notice). Penser à acheter votre produit à l'avance.  Eviter le contact du produit avec la peau et les yeux Ne pas employer pour la coloration des cils et des sourcils, ne pas suivre cette consigne peut entraîner la cécité. Rincer immédiatement et abondamment les yeux si le produit entre en contactavec ceux-ci. Porter les gants appropriés fournis dans l'étui. Bien rincer les cheveux après application. Ne pas utiliser si vos cheveux ont été colorés par du henné ou avec une coloration progressive. Tenir hors de la portée des enfants. Ne pas utiliser chez l'enfant Se conformer à la notice., Crème colorante : aqua, cetearyl alcohol, deceth-3, propylene glycol, laureth-12, ethanolamine, oleth-30, lauric acid, polyquaternium-6, glycol distearate, sodium metasilicate, 4-amino-2-hydroxytoluene, hexadimethrine chloride, silica dimethyl silylate, toluene-2.5-diamine, pentasodium pentetate, carbomer, thiolactic acid, p-aminophenol, sorbic acid, 2-methyl-5-hydroxyethylaminophenol, Cl77491/iron oxides, mica, resorcinol, Cl77891/titanium dioxide, parfum. (C25432/1). Lait révélateur : aqua, hydrogen peroxide, cetearyl alcohol, sodium stannate, trideceth-2 carboxamide mea, pentasodium pentetate, ceteareth-30, tetrasodium pyrophosphate, glycerin. (C11321/8). Soin nutri-éclat : aqua, cetearyl alcohol, behentrimonium chloride, peg-180, amodimethicone, cetyl esters, hydroxyethylcellulose, trideceth-12, chlorhexidine dihydrochloride, limonene, camellia sinensis/camellia sinensis leaf extract, linalool, aloe barbadensis/aloe barbadensis leaf juice, propylene glycol, methylparaben, citric acid, cetrimonium chloride, citronellol, hexyl cinnamal, amyl cinnamal, parfum. (C15360/6)., Crème colorante : aqua, cetearyl alcohol, deceth-3, propylene glycol, laureth-12, ethanolamine, oleth-30, lauric acid, polyquaternium-6, glycol distearate, sodium metasilicate, 4-amino-2-hydroxytoluene, hexadimethrine chloride, silica dimethyl silylate, toluene-2.5-diamine, pentasodium pentetate, carbomer, thiolactic acid, p-aminophenol, sorbic acid, 2-methyl-5-hydroxyethylaminophenol, Cl77491/iron oxides, mica, resorcinol, Cl77891/titanium dioxide, parfum. (C25432/1). Lait révélateur : aqua, hydrogen peroxide, cetearyl alcohol, sodium stannate, trideceth-2 carboxamide mea, pentasodium pentetate, ceteareth-30, tetrasodium pyrophosphate, glycerin. (C11321/8). Soin nutri-éclat : aqua, cetearyl alcohol, behentrimonium chloride, peg-180, amodimethicone, cetyl esters, hydroxyethylcellulose, trideceth-12, chlorhexidine dihydrochloride, limonene, camellia sinensis/camellia sinensis leaf extract, linalool, aloe barbadensis/aloe barbadensis leaf juice, propylene glycol, methylparaben, citric acid, cetrimonium chloride, citronellol, hexyl cinnamal, amyl cinnamal, parfum. (C15360/6).]|"
12,86€ / Pce"|"
12,86 €"
3004|Casting Crème Gloss 432 Marron Suprême|La boîte|[Origine : FRANCE, Enfin une couleur soin - sans ammoniaque, aux reflets brillants et visibles, et une couverture optimale des cheveux blancs, Tenir hors de la portée des enfants. Ne pas utiliser chez l'enfants.  IMPORTANT : LA COLORATION PEUT PROVOQUER UNE RÉACTION ALLERGIQUE QUI, DANS CERTAINS CAS RARES, PEUT ÊTRE GRAVE. IL EST DONC OBLIGATOIRE, DANS TOUS LES CAS, DE FAIRE UN TEST D'ALLERGIE CUTANÉE IMPÉRATIVEMENT 48 HEURES AVANT CHAQUE UTILISATION DE CE PRODUIT (se conformer à la notice).  Ne pas utiliser si vous avez déjà réagi à un produit de coloration, si vous avez le cuir chevelu sensible, irrité ou abîmé. Si vous avez fait, même une seule fois, un tatouage au henné noir, vous risquez d'être devenue allergique sans le savoir. Ne pas utiliser ce produit sans avoir effectué le test d'allergie cutanée, 48 heures avant l'utilisation du produit.Le révélateur contient de l'eau oxygénée.Le produit colorant contient : des diaminotoluènes, de la résorcine, de l'ammoniaque. Eviter le contact du produit avec la peau et les yeux, ne pas employer pour la coloration des cils et des sourcils. Ne pas suivre cette consigne peut entraîner la cécité. Rincer immédiatement et abondamment les yeux si le produit entre en contact avec ceux-ci. Porter les gants appropriés fournis dans l'étui. Bien rincer les cheveux après application. Ne pas utiliser si vos cheveux ont été colorés par duhenné ou avec une coloration progressive, Valeur énergétique en Joules :  0, Valeur énergétique en Kcal : 0, Glucides : 0, Lipides : 0, Protides :0, CREME COLORANTE : AQUA/ WATER, CETEARYL ALCOHOL, PROPYLENE GLYCOL, DECETH 3, LAURETH 12, ETHANOLAMINE, OLETH 30, LAURIC ACID, POLYQUATERNIUM 6, GLYCOL DISTEARATE, SODIUM METASILICATE, T0LUENE 2.5 DIAMINE, HEXADIMETHRINE CHLORIDE, SILICA DIMETHYL SILYLATE, Cl 77491 / IRON OXIDES, Cl 77891 /TITANIUM DIOXIDE, m AMINOPHENOL, ASCORBIC ACID, MICA, THIOLACTIC ACID, 2 METHYLRESORCINOL, PENTASODIUM PENTETATE, CARBOMER, RESORCINOL, PARFUM / FRAGRANCE. (C29368/1);LAIT RÉVÉLATEUR :AQUA / WATER, HYDROGEN PEROXIDE, CETEARYL ALCOHOL, SODIUM STANNATE, TRIDECETH-2 CARBOXAMIDE MEA, PENTASODIUM PENTETATE, CETEARETH-30, TETRASODIUM PYROPHOSPHATE, GLYCERIN. (C11321/8);SOIN NUTRI-ÉCLAT : AQUA / WATER, CETEARYL ALCOHOL, BEHENTRIMONIUM CHLORIDE, PEG 180, AMODIMETHICONE, CETYL ESTERS, HYDROXYETHYLCELLULOSE, TRIDECETH 12, CHLORHEXIDINE DIHYDROCHLORIDE, LIMONENE, CAMELLIA SINENSIS / CAMELLIA SINENSIS LEAF EXTRACT, LINALOOL, ALOE BARBADENSIS / ALOE BARBADENSIS LEAF JUICE, PROPYLENE GLYCOL, METHYLPARABEN, CITRIC ACID, CETRIMONIUM CHLORIDE, CITRONELLOL, HEXYL CINNAMAL, AMYL CINNAMAL, PARFUM / FRAGRANCE. (C28240/1)]|"
13,38€ / Pce"|"
13,38 €"
3005|Casting Crème Gloss 454 Brownie|La boîte|[Origine : FRANCE, Une couleur chatoyante, aux reflets brillants et visibles. Sa formule crème sans ammoniaque couvre de façon optimale les cheveux blancs. Pleine de nuances, elle recrée dans vos cheveux toute la richesse des vraies couleurs naturelles, avec des reflets visibles. C'est comme si votre couleur prenait vie. Le résultat est durable jusqu'à 28 shampooings et la couleur reste naturelle et brillante. Douceur et respect optimisé du cheveu. Une application facile et agréable., Convient aux cheveux naturels, méchés ou colorés. Temps de pause : 20 minutes. La coloration peut provoquer une réaction allergique qui, dans certains cas rares, peut être grave. Il est obligatoire, dans tous les cas, de faire un test d'allergie cutanée impérativement 48 heures avant chaque utilisation de ce produit (se conformer a la notice). Ne pas utiliser si : vous avez déjà réagi à un produit de coloration, vous avez le cuir chevelu irrité ou abîmé. Tatouage henné noir : si vous avez fait,même une seule fois, un tatouage au henné noir, vous risquez d'être devenue allergique sans le savoir. Ne pas utiliser ce produit sans avoir effectué le test d'allergie cutanée, 48 heures avant l'utilisation du produit. Pensez à acheter votre produità l'avance pour faire le test d'allergie cutanée 48 heures avant. Eviter le contact du produit avec la peau et les yeux, ne pas employer pour la coloration des cils et des sourcils. Ne pas suivre cette consigne peut entraîner la cécité. Rincer immédiatement et abondamment les yeux si le produit entre en contact avec ceux-ci. Porter les gants appropriés fournis dans l'étui. Bien rincer les cheveux après application. Ne pas utiliser si vos cheveux ont été colorés par du henné ou avec une coloration progressive. Tenir hors de la portée des enfants. Ne pas utiliser chez l'enfant., Crème colorante : aqua/water, cetearyl alcohol, deceth-3, propylene glycol, laureth-12, ethanolamine, oleth-30, lauric acid, polyquaternium-6, glycol distearate, sodium metasilicate, hexadimethrine chloride, silica dimethyl silylate, p-aminophenol, Cl77491/iron oxides, Cl77891/titanium dioxide, m-aminophenol, 2-amino-3-hydroxypyridine, 4-amino-2-hydroxytoluene, ascorbic acid, mica, 6-hydroxyindole, thiolactic acid. toluene-2,5-diamine, 2-methylresorcinol, 2-methyl-5-hydroxyethylaminophenol, pentasodium pentetate, carbomer, resorcinol, parfum/fragrance. (C27509/1). Lait révélateur : aqua/water, hydrogen peroxide, cetearyl alcohol, sodium stannate, trideceth-2 carboxamide mea, pentasodium pentetate, ceteareth-30, tetrasodium pyrophosphate, glycerin. (C11321/8). Soin nutri-éclat : aqua/water, cetearyl alcohol, behentrimonium chloride, PEG-180, amodimethicone, cetyl esters, hydroxyethylcellulose, trideceth-12, chlorhexidine dihydrochloride, limonene, camellia sinensis/camellia sinensis leaf extract, linalool, aloe barbadensis/aloe barbadensis leaf juice, propylene glycol, methylparaben, citric acid, cetrimonium chloride, citronellol, hexyl cinnamal, amyl cinnamal, parfum/fragrance. (C28240/1). Le révélateur contient de l'eau oxygénée.Le produit colorant contient des diaminotoluènes, de la résorcine.]|"
12,86€ / Pce"|"
12,86 €"
3006|Casting Crème Gloss 500 Chatain Clair|La boîte|[Origine : FRANCE, Innovation : les laboratoires de L'Oréal réinventent la coloration sans ammoniaque. Une couleur chatoyante, aux reflets brillants et visibles Sa formule crème sans ammoniaque couvre de façon optimale les cheveux blancs. Pleine de nuances, elle recrée dans vos cheveux toute la richesse des vraies couleurs naturelles, avec des reflets visibles. C'est comme si votre couleur prenait vie. Le résultat est durable jusqu'à 28 shampooings et la couleur reste naturelle et brillante., LA COLORATION PEUT PROVOQUER UNE RÉACTION ALLERGIQUE QUI, DANS CERTAINS CAS RARES, PEUT ÊTRE GRAVE. IL EST OBLIGATOIRE, DANS TOUS LES CAS, DE FAIRE UN TEST D'ALLERGIE CUTANÉE IMPÉRATIVEMENT 48 HEURES AVANT CHAQUE UTILISATION DE CE PRODUIT (se conformer à la notice). - NE PAS UTILISER SI : - vous avez déjà réagi à un produit de coloration. - vous avez le cuir chevelu irrité ou abîmé. TATOUAGE HENNÉ NOIR : si vous avez fait, même une seule fois, un tatouage au henné noir, vous risquez d'être devenue allergique sans le savoir. Ne pas utiliser ce produit sans avoir effectué le test d'allergie cutanée, 48 heures avant l'utilisation du produit. PENSEZ À ACHETER VOTRE PRODUIT À L'AVANCE POUR FAIRE LE TEST D'ALLERGIE CUTANÉE 48 HEURES AVANT. - Le révélateur contient de l'eau oxygénée. -Le produit colorant contient des diaminotoluènes, de la résorcine. - Eviter le contact du produit avec la peau et les yeux, ne pas employer pour la coloration des cils et des sourcils. Ne pas suivre cette consigne peut entraîner la cécité. - Rincer immédiatement et abondamment les yeux si le produit entre en contact avec ceux-ci. - Porter les gants appropriés fournis dans l'étui. - Bien rincer les cheveux après application. - Ne pas utiliser si vos cheveuxont été colorés par du henné ou avec une coloration progressive. - Tenir hors de la portée des enfants. Ne pas utiliser chez l'enfant., CRÈME COLORANTE : AQUA/WATER, CETEARYLALCOHOL, PROPYLENE GLYCOL, DECETH-3, LAURETH-12, ETHANOLAMINE, OLETH-30, LAURIC ACID, POLYOUATERNIUM-6, GLYCOL DISTEARATE, TOLUENE-2.5-DIAMINE. HEXADIMETHRINECHLORIDE, SILICADIMETHYLSILYLATE,CI77491/IR0N0XIDES,CI77891/TITANIUMDIOXIDE, 2,4-DIAMINOPHENOXYETHANOL HCI. m-AMINOPHENOL, ASCORBIC ACID, MICA, SODIUM METABISULFITE, 2-METHYLRESORCINOL, PENTASODIUM PENTETATE, CARBOMER, RESORCINOL, PARFUM / FRAGRANCE. (C21679/1) 437046 - LAIT RÉVÉLATEUR : AQUA/WATER, HYDROGEN PEROXIDE, CETEARYLALCOHOL, SODIUM STANNATE, TRIDECETH-2 CARBOXAMIDE MEA, PENTASODIUM PENTETATE, CETEARETH-30, TETRASODIUM PYROPHOSPHATE, GLYCERIN. (C11321/8) 471076-SOIN NUTRI-ÉCLAT: AQUA / WATER, CETEARYL ALCOHOL, BEHENTRIMONIUM CHLORIDE, PEG-180, AMODIMETHICONE, CETYL ESTERS, HYDROXYETHYLCELLULOSE, TRIDECETH-12, CHLORHEXIDINE DIHYDROCHLORIDE, LIMONENE, CAMELLIA SINENSIS / CAMELLIA SINENSIS LEAF EXTRACT, LINALOOL, ALOE BARBAOENSIS / ALOE BARBAOENSIS LEAF JUICE, PROPYLENE GLYCOL, METHYLPARABEN, CITRIC ACID, CETRIMONIUM CHLORIDE, CITRONELLOL, HEXYL CINNAMAL, AMYL CINNAMAL, PARFUM / FRAGRANCE. (C15360/6)]|"
13,38€ / Pce"|"
13,38 €"
3007|Casting Crème Gloss 515 Chocolat Glacé|La boîte|[Origine : FRANCE, Glossy Brownies : enfin une couleur soin, sans ammoniaque. Une couleur chatoyante, aux reflets brillants et visibles. Des cheveux comme repulpés. Une application facile et agréable., Convient aux cheveux naturels, méchés ou colorés dans une nuance proche. Temps de pause : 20 minutes. Couverture des cheveux blancs : jusqu'à 70%. Important : la coloration peut provoquer une réaction allergique qui, dans certains cas rares, peut être grave. Il est donc obligatoire, dans tous les cas, de faire un test d'allergie cutanée impérativement 48 heures avant chaque utilisation de ce produit (se conformer à la notice). Ne pas utiliser si : vous avez déjà réagi à un produit de coloration,vous avez le cuir chevelu irrité ou abîmé. Tatouage henné noir : si vous avez fait, même une seule fois, un tatouage au henné noir, vous risquez d'être devenue allergique sans le savoir. Ne pas utiliser ce produit sans avoir effectué le test d'allergie cutanée, 48 heures avant l'utilisation du produit. Pensez à acheter votre produit à l'avance pour faire le test d'allergie cutanée 48 heures avant. Le révélateur contient de l'eau oxygénée. Le produit colorant contient des diaminotoluènes, de larésorcine. Eviter le contact du produit avec la peau et les yeux, ne pas employer pour la coloration des cils et des sourcils. Ne pas suivre cette consigne peut entraîner la cécité. Rincer immédiatement et abondamment les yeux si le produit entre encontact avec ceux-ci. Porter les gants appropriés fournis dans étui. Bien rincer les cheveux après application. Attendre 15 jours après un défrisage, une permanente ou un lissage durable pour appliquer la coloration. Ne pas utiliser si vos cheveux on, Crème colorante : aqua/water, cetearyl alcohol, propylene glycol, deceth-3, laureth-12 ethanolamine, oleth-30, lauric acid, polyquaternium-6, glycol distearate, sodium metasilicate, hexadimethrine chloride, silica dimethyl silylate, Cl 77491/iron oxides, Cl 77891/titanium dioxide,2,4-diaminophenoxyethanol HCI, p-aminophenol, 2-amino-3-hydroxypyridine, ascorbic acid, mica, thiolactic acid, toluène-2,5-diamine, 2-methyl-5-hydroxyethylaminophenol, 2-methylresorcinol, pentasodium pentetate, carbomer, resorcinol, parfum / fragrance. (C26558/17). Lait révélateur : aqua/water, hydrogen peroxide, cetearyl alcohol, sodium stannate, trideceth-2, carboxamide MEA, pentasodium pentetate, phosphoric acid, ceteareth-25, tetrasodium pyrophosphate, glycerin. (C11321/9). Soin nutri-éclat à la gelée royale : aqua/water, cetearyl alcohol, behentrimonium chloride, PEG-180, amodimethicone, cetyl esters, hydroxyethylcellulose, trideceth-6, chlorhexidine dihydrochloride, limonene, linalool, benzyl alcohol, isopropyl alcohol, citric acid, cetrimonium chloride, citronellol, hexyl cinnamal, amyl cinnamal, royal jelly, parfum/fragrance. (C45510/1). Le révélateur contient de l'eau oxygénée. Le produit colorant contient des diaminotoluènes, de la résorcine.]|"
12,66€ / Pce"|"
12,66 €"
3008|Casting Crème Gloss 535 Chocolat|La boîte|[Origine : FRANCE, Découvrez maintenant Casting Crème Gloss, une couleur-soin en crème qui offre des reflets plus brillants et visibles, une meilleure couverture des cheveux blancs et encore plus de soin., Crème colorante : aqua, cetearyl alcohol, deceth-3, propylene glycol, laureth-12, ethanolamine, oleth-30, lauric acid, polyquaternium-6, glycol distearate, sodium metasilicate, hexadimethrine chloride, silica dimethyl silylate, Cl77491/iron oxides, Cl77891/titanium dioxide, p-aminophenol, m-aminophenol, ascorbic acid, mica, thiolactic acid, toluene-2, 5-diamine, 2-methyl-5-hydroxyethylaminophenol, 2-methylresorcinol, pentasodium pentetate, carbomer, resorcinol, parfum (C26923/1). Lait révélateur: aqua, hydrogen peroxide, cetearyl alcohol, sodium stannate, trideceth-2 carboxamide mea, pentasodium pentetate, ceteareth-30, tetrasodium pyrophosphate, glycerin (C11321/8). Soin nutri-éclat : aqua, cetearyl alcohol, behentrimonium chloride, PEG-180,  amodimethicone, cetyl esters, hydroxyethylcellulose, trideceth-12, chlorhexidine dihydrochloride, limonene, camellia sinensis/camellia sinensis leaf extract, linalool, aloe barbadensis/aloe barbadensis leaf juice, propylene glycol, methylparaben, citric acid, cetrimonium chloride, citronellol, hexyl cinnamal, amyl cinnamal, parfum (C15360/6). Le révélateur contient de l'eau oxygénée. Le produit colorant contient des diaminotoluènes, de la résorcine. Sans ammoniaque.]|"
12,49€ / Pce"|"
12,49 €"
3009|Casting Crème Gloss 550 Acajou|La boîte|[Origine : FRANCE, Innovation : les laboratoires de L'Oréal réinventent la coloration sans ammoniaque. Une couleur chatoyante, aux reflets brillants et visibles : sa formule crème sans ammoniaque couvre de façon optimale les cheveux blancs. Pleine de nuances, elle recrée dans vos cheveux toute la richesse des vraies couleurs naturelles, avec des reflets visibles. C'est comme si votre couleur prenait vie. Le résultat est durable jusqu'à 28 shampooings et la couleur reste naturelle et brillante. Douceur et respect optimisé du cheveu : pendant la coloration, son complexe soin breveté renforce la fibre des cheveux colorés, à l'intérieur et en surface, pour une douceur exceptionnelle, un toucher voluptueux et une brillance gloss. Après la coloration, son soin Nutri-Eclat à l'aloe vera et au thé vert renouvelle l'éclat de votre couleur jusqu'à votre prochaine coloration. Une application facile et agréable : sa texture crème ne coule pas. Son parfum délicat fait de votre coloration un vrai moment de plaisir., La coloration peut provoquer une réaction allergique qui, dans certains cas rares, peut être grave. Il est donc indispensable de respecter les consignes suivantes : ne pas utiliser si vous avez déjà réagi à un produit de coloration, vous avez le cuirchevelu sensible, irrité ou abîmé. En cas de tatouage les risques d'allergie peuvent être accrus. Faire un test d'allergie cutanée impérativement 48 heures avant chaque utilisation de ce produit (voir notice). Penser à acheter votre produit à l'avance. Eviter le contact du produit avec la peau et les yeux. Ne pas employer pour la coloration des cils et des sourcils, ne pas suivre cette consigne peut entraîner la cécité. Rincer immédiatement et abondamment les yeux si le produit entre en contactavec ceux-ci. Porter les gants appropriés fournis dans l'étui. Bien rincer les cheveux après application. Ne pas utiliser si vos cheveux ont été colorés par du henné ou avec une coloration progressive. Tenir hors de la portée des enfants. Ne pas utiliser chez l'enfant. Se conformer à la notice., Crème colorante : aqua/water, cetearyl alcohol, deceth-3, propylene glycol, laureth-12, ethanolamine, oleth-30, lauric acid, polyquaternium-6, glycol distearate, sodium metasilicate. 4-amino-2-hydroxytoluene, hexadimethrine chloride, silica dimethylsilylate, cl 77491 / iron oxides, Cl77891/titanium dioxide, p-aminophenol, ascorbic acid, mica, thiolactic acid, toluene-2.5-diamine, 2-methyl-5-hydroxyethylaminophenol, pentasodium pentetate, carbomer, resorcinol, parfum/fragrance. (C21663/1). Laitrévélateur : aqua, hydrogen peroxide, cetearyl alcohol, sodium stannate, trideceth-2 carboxamide mea, pentasodium pentetate, ceteareth-30, tetrasodium pyrophosphate, glycerin. (C11321/8). Soin nutri-éclat : aqua, cetearyl alcohol, behentrimonium chloride, peg-180, amodimethicone, cetyl esters, hydroxyethylcellulose, trideceth-12, chlorhexidine dihydrochloride, limonene, camellia sinensis/camellia sinensis leaf extract, linalool, aloe barbadensis/aloe barbadensis leaf juice, propylene glycol, methylparaben, citric acid, cetrimonium chloride, citronellol, hexyl cinnamal, amyl cinnamal, parfum. (C15360/6).]|"
13,38€ / Pce"|"
13,38 €"
3010|Casting crème gloss 603 Caramel tendre|La boite de 180ml|[Origine : FRANCE, Sa formule crème sans ammoniaque couvre de façon optimale les cheveux blancs. Pleine de nuances, elle recrée dans vos cheveux toute la richesse des vraies couleurs naturelles, avec des reflets visibles et une brillance gloss. Pendant la coloration, sa formule crème aide à renforcer la fibre, à l'intérieur et en surface, pour une douceur incroyable et un toucher voluptueux. Après la coloration, son soin Nutri-Eclat à la gelée royale connue pour ses vertus nutritives et régénérantes, rend les cheveux soyeux et voluptueux et leur apporte une brillance gloss longue durée. Sa texture crème ne coule pas. Son parfum délicat fait de votre coloration un vrai moment de plaisir., Pour tous types de cheveux. Convient aux cheveux naturels, méchés ou colorés. Temps de pause : 20 minutes. Couverture des cheveux blancs : jusqu'à 70%. Texture : crème onctueuse. Le résultat couleur dépend de votre couleur naturelle. Si vous hésitezentre deux nuances, choisissez la plus claire. Les colorants capillaires peuvent provoquer des réactions allergiques sévères. Ce produit n'est pas destiné à être utilisé sur les personnes de moins de seize ans. Les tatouages temporaires noirs à basede henné peuvent augmenter le risque d'allergie. Ne vous colorez pas les cheveux si vous présentez une éruption cutanée sur le visage ou si votre cuir chevelu est sensible, irrité ou abîmé, vous avez déjà fait une réaction après avoir coloré vos cheveux, vous avez fait par le passé une réaction à un tatouage temporaire noir à base de henné. Il est obligatoire de faire un test d'alerte allergie impérativement 48 heures avant chaque utilisation de ce produit. Le lait révélateur contient du peroxyde d'hydrogène. La crème colorante contient : de la résorcine, des phenylenediamine (toluènediamines). Eviter le contact avec les yeux, ne pas employer pour la coloration des cils et des sourcils. Rincer immédiatement et abondamment les yeux si le produit entre en contact avec ceux-ci. Porter les gants appropriés fournis dans l'étui. Bien rincer les cheveux après application. Attendre 15 jours après un défrisage, une permanente ou un lissage durable. Ne pas utiliser si vos cheveux ont été colorés, Crème colorant : aqua/water, cetearyl alcohol, propylene glycol, deceth 3, laureth 12, ethanolamine, oleth 30, lauric acid, polyquaternium 6, glycol distearate, sodium metasilicate, hexadimethrine chloride, silica dimethyl silylate (nano)/silica dimethyl silylate, ci 77491/iron oxides, ci 77891 / titanium dioxide, p aminophenol, ascorbic acid, mica, sodium metabisulfite, thiolactic acid, thioglycerin, toluene 2,5 diamine, 2 methyl 5 hydroxyethylaminophenol, pentasodium pentetate, carbomer, resorcinol, aprum/fragrance. Lait révélateur : aqua/water, hydrogen peroxide, cetearyl alcohol, sodium stannate, trideceth 2 carboxamide mea, pentasodium pentetate, phosphoric acid, ceteareth 25, tetrasodium pyrophosphate, glycerin. Soin nutri éclat à lagelée royale : aqua/water, cetearyl alcohol, behentrimonium chloride, peg 180, amodimethicone, cetyl esters, hydroxyethylcellulose, trideceth 6, chlorhexidine dihydrochloride, citronellol, hexyl cinnamal, amyl cinnamal, royal jelly, parfum/fragrance.]|"
12,86€ / Pce"|"
12,86 €"
3011|Casting Crème Gloss 634 Marron Miel|La boîte|[Origine : FRANCE, Sa formule crème sans ammoniaque couvre de façon optimale les cheveux blancs. Pleine de nuances, elle recrée dans vos cheveux toute la richesse des vraies couleurs naturelles, avec des reflets visibles. C'est comme si votre couleur prenait vie. Le résultat est durable jusqu'à 28 shampooings et lla couleur reste naturelle et brillante. Casting crème gloss possède un complexe soin breveté et un soin terminal enrichi en gelée royale connu pour son pouvoir nutritif : Pendant la coloration, sa formule crème Renforce la fibre des cheveux colorés, à L'intérieur et en surface, pour une douceur Exceptionnelle, et un toucher voluptueux. Après la coloration, son nouveau soin enrichi en gelée royale connue pour ses vertus nutritives et régénérantes, apporte aux cheveux une brillance gloss longue durée, ils sont comme repulpés., La coloration peut provoquer une réaction allergique qui, dans certains cas rares, peut être grave. Il est obligatoire, dans tous les cas, de faire un test d'allergie Cutanée impérativement 48 heures avant chaque utilisation de ce produit (se conformer à la notice). Le révélateur contient de l'eau oxygénée. Le produit colorant contient des diaminotoluènes, de la résorcine. Eviter le contact du produit avec la peau et les yeux, ne pas employer pour la coloration des cils et des sourcils. Ne pas suivre cette consigne peut entraîner la cécité. Rincer immédiatement et abondamment les yeux si le produit entre en contact avec ceux-ci. Porter les gants appropriés fournis dans l'étui. Bien rincer les cheveux après application. Ne pas utiliser si vos cheveux ont été colorés par du henné ou avec une coloration progressive. Tenir hors de la portée des enfants;, 1077667 - Crème colorante: Aqua/ water, cetearyl alcohol, propylene glycol, deceth-3, laureth-12, ethanolamine, oleth-30, lauric acid, p0lyquaternium-6, glycol distearate, sodium metasilicate, hexadimethrine chloride, silica dimethyl silylate, ci 77891 / titanium dioxide, ci 77491 / iron oxides, p-aminophenol, m-amin0phen0l, ascorbic acid, mica, thiolactic acid, t0luene-2.5-diamine, 2-methylres0rcin0l, 2-methyl-5-hydr0xyethylamin0phen0l, pentasodium pentetate, carbomer, resorcinol, parfum / fragrance. (c35008/1) 437046 - Lait revelateur : Aqua/water, hydrogen peroxide, cetearyl alcohol, sodium stannate, trideceth-2 carboxamide mea, pentasodium pentetate, phosphoric acid, ceteareth-25, tetrasodium pyrophosphate, glycerin. (c11321/9) 1051582- Soin nutri - éclat a la gelée royale: Aqua /water, cetearyl alcohol, behentrimonium chloride, peg-180, amodimethicone, cetyl esters hydr0xyethylcellul0se, trideceth-12, chlorhexidine dihydr0chl0ride, lim0nene, linal00l, benzyl alcohol, methylparaben, citric acid, cetrim0nium chloride, citr0nell0l, hexyl cinnamal, amyl cinnamal, royal jelly / royal jelly extract, parfum / fragrance. (c32434/1).]|"
12,86€ / Pce"|"
12,86 €"
3012|Casting Crème Gloss 734 Miel Ambré|La boîte|[Origine : FRANCE]|"
13,38€ / Pce"|"
13,38 €"
3013|Casting Crème Gloss 801 Blond Vanille|La boîte|[Origine : FRANCE, Enfin une gamme de blonds naturels et lumineux sans ammoniaque. Des cheveux incroyablement doux et brillants. Une application facile et agréable., Convient aux cheveux naturels, méchés ou colors dans une nuance proche. Temps de pause 20 minutes. Déconseillé sur cheveux blancs. Important : la coloration peut provoquer une réaction allergique qui, dans certains cas rares, peut être grave. Il estdonc obligatoire, dans tous les cas, de faire un test d'allergie cutanée impérativement 48 heures avant chaque utilisation de ce produit (se conformer à la notice). Ne pas utiliser si : vous avez déjà réagi à un produit de coloration, vous avez le cuir chevelu irrité ou abîmé. Tatouage henné noir : si vous avez fait, même une seule fois, un tatouage au henné noir, vous risquez d'être devenue allergique sans le savoir. Ne pas utiliser ce produit sans avoir effectué le test d'allergie cutanée, 48heures avant l'utilisation du produit. Pensez à acheter votre produit à l'avance pour faire le test  d'allergie cutanée 48 heures avant. Le révélateur contient de l'eau oxygénée. Le produit colorant contient des diaminotoluènes, de la résorcine. Eviter le contact du produit avec la peau et les yeux, ne pas employer pour la coloration des cils et des sourcils. Ne pas suivre cette consigne peut entraîner la cécité. Rincer immédiatement et abondamment les yeux si le produit entre en contact avec ceux-ci. Porter les gants appropriés fournis dans un étui. Bien rincer les cheveux après application. Attendre 15 jours après un défrisage, une permanente ou un lissage durable pour appliquer la coloration. Ne pas utiliser si vos cheveux ont été coloré, Crème colorante : aqua/water, cetearyl alcohol, propylene glycol, deceth-3, laureth-12, ethanolamine, oleth-30, lauric acid, polyquaternium-6, glycol distearate, sodium metasilicate, hexadimethrine chloride, silica dimethyl silylate, Cl77891/titaniumdioxide, Cl77491/iron oxides, 2,4-diaminophenoxyethanol hci, m-aminophenol, ascorbic acid, mica, sodium metabisulfite, thiolactic acid, toluene-2.5-diamine, 2-methylresorcinol, pentasodium pentetate, carbomer, resorcinol, citrus medica limonum juice/lemon juice, parfum/fragrance. (C39447/1). Lait révélateur : aqua/water, hydrogen peroxide, cetearyl alcohol, sodium stannate, trideceth-2 carboxamide mea, pentasodium pentetate, phosphoric acid, ceteareth-25, tetrasodium pyrophosphate, glycerin. (C10550/12). Soin nutri-éclat à la gelée royale : aqua/water, cetearyl alcohol, behentrimonium chloride, peg-180, amodimethicone, cetyl esters, hydroxyethylcellulose, trideceth-12, chlorhexidine dihydrochloride, limonene, linalool, benzyl alcohol, methylparaben, citric acid, cetrimonium chloride, citronellol, hexyl cinnamal, amyl cinnamal, royal jelly/royal jelly extract, parfum/fragrance. (C32434/1)]|"
13,38€ / Pce"|"
13,38 €"
3014|Casting Crème Gloss 8304 Miel Soleil|La boîte|[Origine : FRANCE, La nuance miel soleil sublime les blonds clairs et habille les blonds mèchés de reflets dorés subtilement réchauffés. Elle rehausse particulièrement bien le teint et les yeux clairs  irrésistible ! Les laboratoires de L'Oréal réinvente la colorationsans ammoniaque. Une couleur chatoyante, aux reflets brillants et visibles. Douceur et nutrition : des cheveux comme repulpés. Une application facile et agréable. Durable jusqu'à 28 shampooings., Temps de pause : 20min. Important : la coloration peut provoquer une réaction allergique qui, dans certains cas rares, peut être grave. Il est donc obligatoire, dans tous les cas, de faire un test d'allergie cutanée impérativement 48 heures avant chaque utilisation de ce produit (se conformer à la notice). Ne pas utiliser si : vous avez déjà réagi à un produit de coloration, vous avez le cuir chevelu irrité ou abîmé. Tatouage henné noir : si vous avez fait, même une seule fois, un tatouage au henné noir, vous risquez d'être devenue allergique sans le savoir. Ne pas utiliser ce produit sans avoir effectué le test d'allergie cutanée, 48 heures avant l'utilisation du produit. Pensez à acheter votre produit à l'avance pour faire le test d'allergie cutanée 48 heures avant. Le révélateur contient de l'eau oxygénée. Le produit colorant contient des diaminotoluènes, de la résorcine. Eviter le contact du produit avec la peau et les yeux, ne pas employer pour la coloration des cils et des sourcils. Ne pas suivre cette consigne peut entraîner la cécité. Rincer immédiatement et abondamment les yeux si le produit entre en contact avec ceux-ci. Porter les gants appropriés fournis dans l'étui. Bien rincer les cheveux après application. Ne pas utiliser si vos cheveux ont été colorés par du henné ou avec une coloration progressive. Tenir hors de la portée des enfants. Ne pas utiliser chez l'enfant., Crème colorante : aqua/water, cetearyl alcohol, propylene glycol, deceth-3, laureth-12, ethanolamine, oleth-30, lauric acid, polyquaternium-6, glycol distearate, sodium metasilicate, hexadimethrine chloride, silica dimethyl silylate, Cl77891/titaniumdioxide, Cl77491/iron oxides, p-aminophenol, m-aminophenol, ascorbic acid, mica, thiolactic acid, toluene-2.5-diamine, 2-methylresorcinol,2-methyl-5-hydroxyethylaminophenol, pentasodium pentetate, carbomer, resorcinol, parfum/fragrance. (C35006/1).Lait révélateur : aqua/water, hydrogen peroxide, cetearyl alcohol, sodium stannate, trideceth-2 carboxamide mea, pentasodium pentetate, phosphoric acid, ceteareth-25, tetrasodium pyrophosphate, glycerin. (C11321/9). Soin nutri-éclat à la gelée royale: aqua/water, cetearyl alcohol, behentrimonium chloride, peg-180, amodimethicone, cetyl esters, hydroxyethylcellulose, trideceth-12, chlorhexidine dihydrochloride, limonene, linalool, benzyl alcohol, methylparaben, citric acid, cetrimonium chloride,citronellol, hexyl cinnamal, amyl cinnamal, royal jelly/royal jelly extract, parfum/fragrance. (C32434/1).]|"
13,38€ / Pce"|"
13,38 €"
3015|Dédicace 25 Brun Profond|La boîte|[Origine : FRANCE, Dédicace rehausse votre couleur en apportant des reflets profonds et naturels., Aqua, peg-50 hydrogenated palmamide, hexylene glycol, glycerin, propylene glycol, deceth-5, HC blue NO2, hydroxyethylcellulose, lauric acid, HC violet NO2, HC blue NO14, HC yellow NO7, ethylparaben, aminomethyl propanol, 3-methylamino-4-nitrophenoxyethanol, 2-nitro-5-glycerylmethylaniline, linalool, propylparaben, isobutylparaben, disperse violet 1, methylparaben, butylparaben, parfum (C19624/4).  Sans ammoniaque. Sans oxydant.]|"
258,57€ / L"|"
9,05 €"
3016|Dédicace 42 Châtain|La boîte|[Origine : FRANCE, Dédicace rehausse votre couleur en apportant des reflets profonds et naturels., Aqua, peg-50 hydrogenated palmamide, hexylene glycol, glycerin, propylene glycol, deceth-5, hydroxyethylcellulose, HC blue NO2, lauric acid, HC violet NO2, HC yellow NO7, HC violet NO1, HC blue NO14, ethylparaben, 2-hydroxyethylamino-5-nitroanisole,aminomethyl propanol, 3-methylamino-4-nitrophenoxyethanol, 2-nitro-5-glycerylmethylaniline, linalool, propylparaben, isobutylparaben, disperse violet 1, methylparaben, butylparaben, parfum (C19626/4).  Sans ammoniaque. Sans oxydant.]|"
258,57€ / L"|"
9,05 €"
3017|Dédicace 44 Châtain Havane|La boîte|[Origine : FRANCE, Formule douceur sans oxydant ni ammoniaque. Dédicace couvre vos premiers cheveux blancs, rehausse votre couleur et respecte vos cheveux., Prêt à l'emploi sans mélange. Application facile. Durée : s'estompe progressivement en 6 à 8 shampooings. Temps de pause : 30 minutes. 6S'applique sur cheveux châtain, châtain foncé, brun, noir. Si vos cheveux sont décolorés ou très éclaircis, l'application de Dédicace est déconseillée. Choisissez une nuance proche de votre couleur naturelle pour un résultat optimal. N'éclaircit pas les cheveux. Important : la coloration peut provoquer une réaction allergique qui, dans certains cas rares, peut être grave. Il est donc indispensable de respecter les consignes suivantes : ne pas utiliser si vous avez déjà réagi à un produit de coloration, vous avez le cuir chevelu sensible, irrité ou abîmé. Faire un test d'allergie cutanée impérativement 48 heures avant chaque utilisation de ce produit (voir notice). Penser à acheter votre produit à l'avance. Eviter le contact du produit avec la peau et les yeux, ne pas employer pour la coloration des cils et des sourcils. Ne pas suivre cette consigne peut entraîner la cécité. Rincer immédiatement les yeux si le produit entre en contact avec ceux-ci. Porter des gants appropriés fournis dans l'étui. Bien rincer les cheveux après application. Ne pas laisser à la portée des enfants. Ne pas utiliser chezl'enfant. Se conformer à la notice., Aqua/water, peg-50 hydrogenated palmamide, hexylene glycol, glycerin, propylene glycol, deceth-5, hydroxyethylcellulose, lauric acid, hc blue no 2, hc yellow no 7, hc red no 7, hc violet no 1, 4-amino-3-nitrophenol, 2-hydroxyethylamino-5-nitroanisole, aminomethyl propanol, 3-methylamino- 4-nitrophenoxyethanol, 3-nitro-p-hydroxyethylaminophenol, parfum/fragrance. (F.I.L. C33597/1)]|"
270,57€ / L"|"
9,47 €"
3018|Dédicace 54 Châtain Clair|La boîte|[Origine : FRANCE, Dédicace rehausse votre couleur en apportant des reflets profonds et naturels., Aqua, peg-50 hydrogenated palmamide, hexylene glycol, glycerin, propylene glycol, deceth-5, hydroxyethylcellulose, lauric acid, HC blue NO2, HC yellow NO10, HC blue NO14, HC violet NO1, HC yellow NO7, HC red NO3, ethylparaben, aminomethyl propanol, 3-methylamino-4-nitrophenoxyethanol, 2-nitro-5-glycerylmethylaniline, linalool, propylparaben, isobutylparaben, disperse violet 1, methylparaben, butylparaben, parfum (C19630/4).  Sans ammoniaque. Sans oxydant.]|"
258,57€ / L"|"
9,05 €"
3019|Dédicace 56 Châtain Clair Doré Cuivré|La boîte|[Origine : FRANCE, Dédicace rehausse votre couleur en apportant des reflets profonds et naturels., Aqua, peg-50 hydrogenated palmamide, hexylene glycol, glycerin, propylene glycol, deceth-5, hydroxyethylcellulose, lauric acid, HC blue NO2, HC yellow NO7, 4-amino-3-nitrophenol, ethylparaben, aminomethyl propanol, 3-methylamino-4-nitrophenoxyethanol, 2-nitro-5-glycerylmethylaniline, 3-nitro-p-hydroxyethylaminophenol, linalool, propylparaben, isobutylparaben, disperse violet 1, methylparaben, butylparaben, parfum (C20111/2).  Sans ammoniaque. Sans oxydant.]|"
270,57€ / L"|"
9,47 €"
3020|Dédicace 63 Blond Foncé Cendré|La boîte|[Origine : FRANCE, Formule douceur. Sans oxydant ni ammoniaque. COUVERTURE DES PREMIERS CHEVEUX BLANCS : DÉDICACE permet une mise en beauté subtile et une couverture naturelle de vos premiers cheveux blancs. Pour un meilleur résultat, utilisez une nuance proche de votre couleur naturelle. COULEUR NATURELLE ET LUMINEUSE. DÉDICACE rehausse votre couleur en apportant des reflets profonds et naturels. DOUCEUR AU TOUCHER. DÉDICACE bénéficie d'une formule douce. Elle respecte la fibre capillaire et apporte brillance tout en préservant la douceur de vos cheveux., CONSIGNES D'UTILISATION. IMPORTANT: LA COLORATION PEUT PROVOQUER UNE RÉACTION ALLERGIQUE QUI, DANS CERTAINS CAS RARES, PEUT ÊTRE GRAVE. IL EST DONC INDISPENSABLE DE RESPECTER LES CONSIGNES SUIVANTES : NE PAS UTILISER SI : - vous avez déjà réagi à unproduit de coloration. - vous avez le cuir chevelu sensible, irrité ou abîmé. FAIRE UN TEST D'ALLERGIE CUTANÉE IMPÉRATIVEMENT 48 HEURES AVANT CHAQUE UTILISATION DE CE PRODUIT (voir notice). PENSER À ACHETER VOTRE PRODUIT À L'AVANCE. Éviter le contactdu produit avec la peau et les yeux, ne pas employer pour la coloration des cils et des sourcils. Ne pas suivre cette consigne peut entraîner la cécité. Rincer immédiatement les yeux si le produit entre en contact avec ceux-ci. Porter les gants appropriés fournis dans l'étui. Bien rincer les cheveux après l'application. Ne pas laisser à la portée des enfants. Ne pas utiliser chez l'enfant. SE CONFORMER À LA NOTICE., AQUA / WATER, PEG-50 HYDROGENATED PALMAMIDE, HEXYLENE GLYCOL, GLYCERIN PROPYLEN GLYCOL, DECETH-5, HYDROXYETHYLCELLULOSE, LAURIC ACID, HC BLUE NO 2, HC YELLOW NO 10, HC YELLOW NO 7, HC VIOLET NO 1, HC BLUE NO 14, ETHYLPARABEN, AMINOMETHYL PROPANOL, 3-METHYLAMIN-4-NITROPHENOXYETHANOL, 2-NITRO-5-GLYCERYL METHYLANILINE, LINALOOL, PROPYLPARABEN, ISOBUTYLPARABEN, DISPERSE VIOLET 1, METHYLPARABEN, BUTYLPARABEN, PARFUM / FRAGRANCE (C 19633/5).]|"
258,57€ / L"|"
9,05 €"
3021|Dédicace 72 Blond Naturel|La boîte|[Origine : FRANCE, Formule douceur Sans oxydant ni ammoniaque. COUVERTURE DES PREMIERS CHEVEUX BLANCS. DÉDICACE permet une mise en beauté subtile et une couverture naturelle de vos premiers cheveux blancs. Pour un meilleur résultat, utilisez une nuance proche de votrecouleur naturelle. COULEUR NATURELLE ET LUMINEUSE. DÉDICACE rehausse votre couleur en apportant des reflets profonds et naturels. DOUCEUR AU TOUCHER. DÉDICACE bénéficie d'une formule douce. Elle respecte la fibre capillaire et apporte brillance touten préservant la douceur de vos cheveux., CONSIGNES D'UTILISATION. IMPORTANT: LA COLORATION PEUT PROVOQUER UNE RÉACTION ALLERGIQUE QUI, DANS CERTAINS CAS RARES, PEUT ÊTRE GRAVE. IL EST DONC INDISPENSABLE DE RESPECTER LES CONSIGNES SUIVANTES : NE PAS UTILISER SI: - vous avez déjà réagi à un produit de coloration. - vous avez le cuir chevelu sensible, irrité ou abîmé. FAIRE UN TEST D'ALLERGIE CUTANÉE IMPÉRATIVEMENT 48 HEURES AVANT CHAQUE UTILISATION DE CE PRODUIT (voir notice). PENSER À ACHETER VOTRE PRODUT À L'AVANCE. Éviter le contact du produit avec la peau et les yeux, ne pas employer pour la coloration des cils et des sourcils. Ne pas suivre cette consigne peut entraîner la cécité. Rincer immédiatement les yeux si le produit entre en contact avec ceux-ci. Porter les gants appropriés fournis dans l'étui. Bien rincer les cheveux après l'application. Ne pas laisser à la portée des enfants. Ne pas utiliser chez l'enfant., AQUA / WATER, PEG-50 HYDROGENATED PALMAMIDE, HEXYLENE GLYCOL, GLYCERIN, PROPYLENE GLYCOL, DECETH-5, HYDROXYETHYLCELLULOSE, LAURIC ACID, HC BLUE NO 2, HC YELLOW NO 10, HC YELLOW NO 7, HC VIOLET NO 1, ETHYLPARABEN, AMINOMETHYL PROPANOL, 3-METHYLAMINO-4-NITROPHENOXYETHANOL, LINALOOL, PROPYLPARABEN, ISOBUTYLPARABEN, DISPERSE VIOLET 1, METHYLPARABEN, BUTYLPARABEN, PARFUM / FRAGRANCE (C 19636/5).]|"
276,29€ / L"|"
9,67 €"
3022|Préférence 01 - Blond Très Très Clair Naturel|La boîte|[Origine : BELGIQUE, Système breveté anti-terne jusqu'à 6 semaines d'éclat. Des blonds lumineux et subtils.Sa contenance augmentée permet jusqu'à 6 applications pour entretenir la beauté de votre couleur. Sa formule riche en filtre UV et en Vitamine E renouvelle à chaqueapplication l'éclat du 1er jour de votre coloration. Elle aide vos cheveux à garder une couleur éclatante, lumineuse, et des cheveux doux et soyeux., Appliquez-le une fois par semaine pendant 6 semaines. Temps de pause 45 minutes. La coloration peut provoquer une réaction allergique qui, dans certains cas rares, peut être grave. Il est obligatoire, dans tous les cas, de faire un test d'allergie cutanée impérativement 48 heures avant chaque utilisation de ce produit. Ne pas utiliser si : vous avez déjà réagi à un produit de coloration, vous avez le cuir chevelu irrité ou abîmé. Tatouage henné noir : si vous avez fait, même une seule fois, un tatouage au henné noir, vous risquez d'être devenue allergique sans le savoir. Ne pas utiliser ce produit sans avoir effectué le test d'allergie cutanée, 48 heures avant l'utilisation du produit. Pensez à acheter votre produit à l'avance pour faire letest d'allergie cutanée 48 heures avant l'utilisation du produit. Le révélateur crème contient de l'eau oxygénée. Le shampooing colorant contient des diaminobenzènes, de la résorcine, de l'ammoniaque. Eviter le contact du produit avec la peau et lesyeux, ne pas employer pour la coloration des cils et des sourcils. Ne pas suivre cette consigne peut entraîner la cécité. Rincer immédiatement et abondamment les yeux si le produit entre en contact avec ceux-ci. Porter les gants appropriés fournis dans l'étui. Bien rincer les cheveux après application. Ne pas utiliser si vos cheveux ont été colorés par du henné ou une coloration progressive. Tenir hors de la portée des enfants. Ne pas utiliser chez l'enfant., Shampooing colorant : aqua/water, cocamide mipa, octyldodecanol, benzyl alcohol, alcohol denat, ethanolamine, ammonium hydroxyde, oleth-30, hexadimethrine chloride, 2,4 diaminophenoxyethanol HCL, MEA laureth sulfate, hydroxypropyl BIS (N-hydroxyethyl-P-phenylenediamine) HCL, eugenol, ammonium thiolactate, linalool, isopropanolamine, p-phenylenediamine, alpha-isomethyl ionone, resorcinol EDTA, citronellol, erythorbic acid, parfum/fragrance. (C32254/1). Révélateur crème : Aqua/water, hydrogen peroxide, cetearyl alcohol, sodium stannate, trideceth-2 carboxamide MEA, pentasodium pentetate, phosphoric acid, ceteareth-25, tetrasodium pyrophosphate, glycerin. (C12793/21). Soin Sublimateur de couleur : aqua/water, cetearyl alcohol, glycerin, behentrimonium chloride, candelilla cera/candelilla wax, amodimethicone, cetyl esters, isopropyl alcohol, tocopheryl acetate, lecithin, tocopherol, oleth-10, phenoxyethanol, PPG-5-ceteth-20, ethylhexyl salicylate, ethylparaben, trideceth-12, chlorhexidinedihydrochloride, camphor benzalkonium methosulfate, limonene, linalool, benzyl alcohol, benzyl benzoate, phosphoric acid, geraniol, disodium cocoamphodipropionate, methylparaben, cetrimonium chloride, butylphenyl methylpropional, citronellol , hexylcinnamal, amyl cinnamal, parfum/ fragrance. (C18845/3).]|"
13,54€ / Pce"|"
13,54 €"
3023|Préférence 02 - Blond Très Très Clair Doré|La boîte|[Origine : BELGIQUE, Les colorants brevetés haute résistance de préférence se fixent au coeur du cheveu, assurant des blonds lumineux et durables. Le soin sublimateur de couleur vous offre plusieurs applications qui renouvellent et prolongent l'éclat de votre coloration.Résultat: des racines aux pointes, une blondeur lumineuse et vivante, qui ne vire pas, ne s'affadit pas et garde son éclat jusqu'à 6 semaines., La coloration peut provoquer une réaction allergique qui, dans certains cas rares, peut être grave. Il est donc indispensable de respecter les consignes suivantes : ne pas utiliser si vous avez déjà réagi à un produit de coloration, vous avez le cuirchevelu sensible, irrité ou abîmé. En cas de tatouage les risques d'allergie peuvent être accrus. Faire un test d'allergie cutanée impérativement 48 heures avant chaque utilisation de ce produit (voir notice). Pensez à acheter votre produit à l'avance.Evitez le contact du produit avec la peau et les  yeux.Ne pas employer pour la coloration des cils et des sourcils.Ne pas suivre cette consigne peut entraîner la cécité.Rincez immédiatement et abondamment les yeux si le produit entre en contact avec ceux-ci. Portez les gants appropriés fournis dans l'étui. Bien rincer les cheveux après application.Ne pas utilise r si vos cheveux ont été colorés par du henné ou une coloration progressive. Tenir hors de la portée des enfants.Ne pas utiliser chez l'enfant. Se conformer à la notice., Shampooing colorant : oleic acid, aqua/water, cocamide mipa, octyldodecanol, benzyl alcohol, alcohol denat, ethanolamine, ammonium hydroxide, oleth-30, hexadimethrine chloride, mea-laureth sulfate, p-aminophenol, m-aminophenol, hydroxybenzomorpholine, phenyl methyl pyrazolone, 6-hydroxyindole, ammonium thiolactate, linalool, alpha-isomethyl ionone, p-phenylenediamine, geraniol, resorcinol, edta, citronellol, coumarin, erythorbic acid, parfum/fragrance. (c19914/2). Révélateur crème : aqua/water,hydrogen peroxide, cetearyl alcohol, sodium stannate, trideceth-2 carboxamide mea, pentasodium pentetate, ceteareth-30, tetrasodium pyrophosphate, glycerin. (c12793/19). Soin sublimateur de couleur : aqua/water, cetearyl alcohol, glycerin, behentrimonium chloride, candelilla cera/ candelilla wax, amodimethicone, cetyl esters, isopropyl alcohol, tocopheryl acetate, lecithin, tocopherol, oleth-10, phenoxyethanol, ppg-5-ceteth-20, ethylhexyl salicylate, ethylparaben, trideceth-12, chlorhexidine dihydrochloride, camphor benzalkonium methosulfate, limonene, linalool, benzyl alcohol, benzyl benzoate, phosphoric acid, geraniol, disodium cocoamphodipropionate, methylparaben, cetrimonium chloride, butylphenyl methylpropional, citronellol, hexyl cinnamal, amyl cinnamal, parfum/fragrance. (C18845/3).]|"
13,54€ / Pce"|"
13,54 €"
3024|Préférence 03 - Blond Très Très Clair Cendré|La boîte|[Origine : FRANCE, Les Colorants Brevetés Haute Résistance de Préférence se fixent au coeur du cheveu assurant des blonds subtils, lumineux et durables.Le Soin Haute Brillance renouvelle et prolonge en 5 applications la brillance du 1er jour de votre coloration et garde vos cheveux doux et soyeux semaine après semaine. Résultat : des racines aux pointes, une blondeur exceptionnelle, lumineuse et vivante, qui ne vire pas, ne s'affadit pas, même au fil des shampooings., Temps de pause 45 min. La coloration peut provoquer une réaction allergique qui, dans certains cas rares, peut être grave. il est donc indispensable de respecter les consignes suivantes : ne pas utiliser si : - vous avez déjà réagi à un produit de coloration. - vous avez le cuir chevelu sensible, irrité ou abîmé. En cas de tatouage les risques d'allergie peuvent être accrus. Faire un test d'allergie cutanée impérativement  48 heures avant chaque utilisation de ce produit (voir notice). Penser aacheter votre produit a l'avance. Le révélateur crème contient de l'eau oxygénée. Le shampooing colorant contient des diaminobenzènes, de la résorcine, de l'ammoniaque.  Eviter le contact du produit avec la peau et les yeux, ne pas employer pour la coloration des cils et des sourcils. Ne pas suivre cette consigne peut entraîner la cécité. Rincer immédiatement et abondamment les yeux si le produit entre en contact avec ceux-ci. Porter les gants appropriés fournis dans l'étui. Bien rincer les cheveux après application. Ne pas utiliser sur cheveux défrisés ou juste après une décoloration ou une permanente. Ne pas utiliser si vos cheveux ont été colorés par du henné ou une coloration progressive. Tenir hors de la portée des enfants. Ne pas utiliser chez l'enfant. Se conformer a la notice, Shampooing colorant : oleic acid, aqua / water, cocamide mipa, octyldodecanol, benzyl alcohol, alcohol denat., ethanolamine, ammonium hydroxide, oleth-30, hexadimethrine chloride, 2,4-diaminophenoxyethanol hci, mea-laureth sulfate, m-aminophenol, hydroxypropyl bis(n-hydroxyethyl-p-phenylenediamine) hcl, eugenol, ammonium thiolactate, linalool, isopropanolamine, p-phenylenediamine, alpha-isomethyl ionone, geraniol, resorcinol, edta, citronellol, erythorbic acid, parfum / fragrance. (C32253/1). Révélateur crème : aqua / water, hydrogen peroxide, cetearyl alcohol, sodium stannate, trideceth-2 carboxamide mea, pentasodium pentetate, phosphoric acid, ceteareth-25, tetrasodium pyrophosphate, glycerin. (C 12793/21). Soin : aqua / water, cetearyl alcohol, glycerin, behentrimonium chloride, candelilla cera / candelilla wax, amodimethicone, cetyl esters, isopropyl alcohol, tocopheryl acetate, lecithin, tocopherol, oleth-10, phenoxyethanol, ppg-5-ceteth-20,ethylhexyl salicylate, ethylparaben, trideceth-12, chlorhexidine dihydrochloride, camphor benzalkonium methosulfate, limonene, linalool, benzyl alcohol, benzyl benzoate, phosphoric acid, geraniol, disodium cocoamphodipropionate, methylparaben, cetrimonium chloride, butylphenyl methylpropional, citronellol, hexyl cinnamal, amyl cinnamal, parfum / fragrance. (C 18845/3)]|"
13,54€ / Pce"|"
13,54 €"
3025|Préférence 74 Mango - Cuivré Intense|La boîte|[Origine : FRANCE, Les Colorants Brevetés Haute Résistance de Féria Préférence se fixent au coeur du cheveu pour une couleur animée de multiples reflets à la brillance scintillante, extralongue durée. Le Soin Sublimateur de Couleur vous offre plusieurs applications quirenouvellent l'éclat du 1er jour de votre coloration et gardent vos cheveux doux et soyeux.Résultat : une couleur qui ne vire pas et ne s'affadit pas. Elle reste vibrante, lumineuse et vivante et garde son éclat jusqu'à 6 semaines*. * Test Scientifique d'éclat après utilisation j du mélange colorant et du soin multi-applications, mené sur 6 semaines., Important : la coloration peut provoquer une réaction allergique qui, dans certains cas rares, peut être grave. Il est obligatoire, dans tous les cas, de faire un test d'allergie cutanée impérativement 48 heures avant chaque utilisation de ce produit(se conformer à la notice). Ne pas utiliser si : - vous avez déjà réagi à un produit de coloration. - vous avez le cuir chevelu irrité ou abîmé. Tatouage henné noir : si vous avez fait, même une seule fois, un tatouage au henné noir, vous risquez d'être devenue allergique sans le savoir. Ne pas utiliser ce produit sans avoir effectué le test d'allergie cutanée, 48 heures avant l'utilisation du produit. Pensez à acheter votre produit à l'avance pour faire le test d'allergie cutanée 48 heures avant. Le révélateur contient de l'eau oxygénée. Le produit colorant contient : de la résorcine, de l'ammoniaque.  Eviter le contact du produit avec la peau et les yeux, ne pas employer pour la coloration des cils et des sourcils. Ne pas suivre cette consigne peut entraîner la cécité. Rincer immédiatement les yeux si le produit entre en contact avec ceux-ci. Porter les gants appropriés fournis dans l'étui. Bien rincer les cheveux après application. Ne pas utiliser juste après une décoloration, un défrisage ou une permanente. Ne pas utiliser si vos cheveux ont été colorés par du henné ou une coloration progressive. Tenir hors de la portée des enfants. Ne pas utiliser chez l'enfant. Se conformer a la notice., 1055695 - shampooing colorant : Aqua / water trideceth-2 carboxamide mea propylene glycol Hexylene glycol peg-2 oleamine polyglyceryl-4 oleyl ether Oleyl alcohol alcohol denat. Ammonium hydroxide polyglyceryl-2 oleyl ether oleic acid sodium Diethylaminopropyl cocoaspartamide p-aminophenol 2-amin0-3-hydroxypyridine 4-amin0-2-hydr0xyt0luene sodium metabisulfite eugenol 6-hydr0xyind0le 2-methyl-5-hydroxyethylaminophenol ammonium acetate pentasodium pentetate linalool alpha-isomethyl ionone resorcinol citronellol erythorbic acid parfum / fragrance. (c 29110/1). 437047 - révélateur crème : Aqua/water hydrogen peroxide cetearyl alcohol sodium stannate trideceth-2 carboxamide mea pentasodium pentetate phosphoric acid ceteareth-25 tetrasodium pyrophosphate glycerin. (c10550/12). 487419 a - soin sublimateur de couleur : aqua / water cetearyl alcohol glycerin behentrimonium chloride candelilla cera / candelilla wax amodimethicone cetyl esters isopropyl alcohol tocopheryl acetate lecithin tocopherol oleth-10 phenoxyethanol ppg-5-ceteth-20 ethylhexyl salicylate ethylparaben trideceth-12 chlorhexidine dihydrochloride camphor benzalkonium methosulfate limonene linalool benzyl alcohol benzyl benzoate phosphoric acid geraniol cocoamphodipropionate methylparaben cetrimonium chloride butylphenyl methylpropional citronellol hexyl cinnamal amyl cinnamal parfum / fragrance. (c18845/3).]|"
13,54€ / Pce"|"
13,54 €"
3026|Préférence Abis Napoli - Noir|La boîte|[Origine : BELGIQUE, Les Colorants Brevetés Haute Résistance de Préférence se fixent au coeur du cheveu assurant une couleur profonde, lumineuse et durable qui couvre vos cheveux blancs. Le Soin Sublimateur de Couleur vous offre plusieurs applications qui renouvellent l'éclat du 1er jour de votre coloration et gardent vos cheveux doux et soyeux. Résultat : des racines aux pointes, votre couleur ne vire pas et ne s'affadit pas. Elle reste sublime, lumineuse et vivante et garde son éclat jusqu'à 6 semaines*., La coloration peut provoque une réaction allergique qui, dans certains cas rares, peut être grave. Il est obligatoire, dans tous les cas, de faire un test d'allergie cutanée impérativement 48 heures avant chaque utilisation de ce produit (se conformer à la notice). Ne pas utiliser si : - vous avez déjà réagi à un produit de coloration. - vous avez le cuir chevelu irrité ou abîmé. tatouage henné noir : si vous avez fait, même une seule fois, un tatouage au henné noir, vous risquez d'être devenueallergique sans le savoir. Ne pas utiliser ce produit sans avoir effectué le test d'allergie cutanée, 48 heures avant l'utilisation du produit. Pensez à acheter votre produit à l'avance pour faire le test d'allergie cutanée 48 heures avant. Le révélateur crème contient de l'eau oxygénée. Le shampooing colorant contient des diaminobenzènes, de la résorcine, de l'ammoniaque. Eviter le contact du produit avec la peau et les yeux, ne pas employer pour la coloration des cils et des sourcils. Ne passuivre cette consigne peut entraîner la cécité. Rincer immédiatement et abondamment les yeux si le produit entre en contact avec ceux-ci. Porter les gants appropriés fournis dans l'étui. Bien rincer les cheveux après application. Ne pas utiliser si vos cheveux ont été colorés par du henné ou une coloration progressive. Tenir hors de la portée des enfants. Ne pas utiliser chez l'enfant. Se conformer a la notice., shampooing colorant : aqua / water, trideceth-2 carboxamide mea, propylene glycol, hexylene glycol, peg-2 oleamine, polyglyceryl-4 oleyl ether, oleyl alcohol, alcohol denat., polyglyceryl-2 oleyl ether, ammonium hydroxide, oleic acid, sodium diethylaminopropyl cocoaspartamide, p-phenylenediamine, 2,4-diaminophenoxyethanol hci, m-aminophenol, hydroxypropyl bis(n-hydroxyethyl-p-phenylenediamine) hci, eugenol, ammonium acetate, ammonium thiolactate, pentasodium pentetate, n,n-bis(2-hydr0xyethyl)-p-phenylenediamine sulfate, linalool, alpha-isomethyl ionone, resorcinol, citronellol, erythorbic acid, parfum / fragrance. (C32823/1) 178914 - révélateur crème : aqua / water, hydrogen peroxide, cetearyl alcohol, sodium stannate, trideceth-2 carboxamide mea, pentasodium pentetate, phosphoric acid, ceteareth-25, tetrasodium pyrophosphate, glycerin. (C13169/25) 487419 a - soin sublimateur de couleur : aqua / water, cetearyl alcohol, glycerin, behentrimonium chloride, candelilla cera / candelilla wax, amodimethicone, cetyl esters, isopropyl alcohol, tocopheryl acetate, lecithin, tocopherol, oleth-10, phenoxyethanol, ppg-5-ceteth-20, ethylhexyl salicylate, ethylparaben, trideceth-12, chlorhexidine dihydrochloride, camphor benzalkonium methosulfate, limonene, linalool, benzyl alcohol, benzyl benzoate, phosphoric acid, geraniol, disodium cocoamphodipropionate, methylparaben, cetrimonium chloride, butylphenyl methylpropional, citronellol, hexyl cinnamal, amyl cinnamal, parfum / fragrance. (c 18845/3)]|"
13,79€ / Pce"|"
13,79 €"
3027|Préférence B - Brasilia - Châtain Foncé|La boîte|[Origine : FRANCE, Les colorants brevetés haute résistance de Préférence se fixent au coeur du cheveu assurant 1couleur profonde, lumineuse et durable qui couvre vos  cheveux blancs.Le soin sublimateur de Couleurvous offre plusieurs applic  ations qui renouvellent l'éclat du 1er jour de votre coloration et gardent vos cheveux doux et soyeux. Résultat: des racines aux pointes, votre couleur ne vire pas et ne s'affadit pas. Elle reste sublime, lumineuse et vivante et garde son éclat jusqu'à 6 semaines., IMPORTANT : LA COLORATION PEUT PROVOQUER UNE RÉACTION ALERGIQUE QUI, DANS CERTAINS CAS RARES, PEUT ÊTRE GRAVE. IL EST DONC INDISPENSABLE DE RESPECTER LES CONSIGNES SUIVANTES : NE PAS UTILISER SI :  vous avez déjà réagi à un produit de coloration, vous avez le cuir chevelu sensible, irrité ou abîmé. EN CAS DE TATOUAGE les risques d'allergie peuvent être accrus. FAIRE UN TEST D'ALLERGIE CUTANEE IMPÉRATIVEMENT 48 HEURES AVANT CHAQUE UTILISATION DE CE PRODUIT (voir notice). PENSER À ACHETER VOTRE PRODUIT À L'AVANCE. Le révélateur crème contient de l'eau oxygénée. Le shampooing colorant contient des diaminobenzènes, de la résorcine, de l'ammoniaque. Évitez le contact du produit avec la peau et les yeux, ne pas employer pour la coloration des cils et des sourcils. Ne pas suivre cette consigne peut entraîner la cécité. Rincez immédiatement et abondamment les yeux si le produit entre en contact avec ceux-ci. Porter les gants appropriés fournis dans l'étui. Bien rincer les cheveux après application. Ne pas utiliser si vos cheveux ont été colorés par du henné ou une coloration progressive. Tenir hors de la portée des enfants. Ne pas utiliser chez l'enfant., SHAMPOOING COLORANT : AQUA / WATER, TRIDECETH-2 CARBOXAMIDE MEA, PROPYLENE GLYCOL, HEXYLENE GLYCOL, PEG-2 OLEAMINE, POLYGLYCERYL-4 OLEYL ETHER, OLEYL ALCOHOL, ALCOHOL DENAT, AMMONIUM HYDROXIDE, POLYGLYCERYL-2 OLEYL ETHER, OLEIC ACID, SODIUM DIETHYLAMINOPROPYL COCOASPARTAMIDE, p-PHENYLENEDIAMINE, 2,4-DIAMINOPHENOXYETHANOL HCI, m-AMINOPHENOL, HYDROXYPROPYL BIS(N-HYDROXYETHYL-p-PHENYLENEDIAMINE) HCI, HYDROXYBENZOMORPHOLINE, PHENYL METHYL PYRAZOLONE, EUGENOL, AMMONIUM ACETATE, AMMONIUM THIOLACTATE,PENTASODIUM PENTETATE, N,N-BIS(2-HYDROXYETHYL)-p- PHENYLENEDIAMINE SULFATE, LINALOOL, ALPHA-ISOMETHYLIONONE, RESORCINOL, CITRONELLOL, ERYTHORBIC ACID, PARFUM / FRAGRANCE. (C16146/3) 178914 -RÉVÉLATEUR CRÈME : AQUA / WATER, HYDROGEN PEROXIDE, CETEARYLALCOHOL, SODIUM STANNATE, TRIDECETH-2 CARBOXAMIDE MEA, PENTASODIUM PENTETATE, CETEARETH-30, TETRASODIUM PYROPHOSPHATE, GLYCERIN. (C 13169/21) 487419 A - SOIN SUBLIMATEUR DE COULEUR : AQUA / WATER, CETEARYL ALCOHOL, GLYCERIN, BEHENTRIMONIUM CHLORIDE,CANDELILLA CERA / CANDELILLA WAX, AMODIMETHICONE, CETYL ESTERS, ISOPROPYL ALCOHOL, TOCOPHERYL ACETATE, LECITHIN, TOCOPHEROL, OLETH-10, PHENOXYETHANOL, PPG-5-CETETH-20, ETHYLHEXYL SALICYLATE, ETHYLPARABEN, TRIDECETH-12, CHLORHEXIDINE DIHYDROCHLORIDE,CAMPHOR BENZALKONIUM METHOSULFATE, LIMONENE, LINALOOL, BENZYL ALCOHOL, BENZYL BENZOATE, PHOSPHORIC ACID, GERANIOL, DISODIUM COCOAMPHODIPROPIONATE, METHYLPARABEN, CETRIMONIUM CHLORIDE, BUTYLPHENYL METHYLPROPIONAL, CITRONELLOL, HEXYL CINNAMAL, AMYL CINNAMAL, PARFUM / FRAGRANCE. (C 18845/3).]|"
13,79€ / Pce"|"
13,79 €"
3028|Préférence - Châtain Clair n°102|La boîte de 138ml|[Origine : FRANCE, Les Ombrés associent une technologie de crème éclaircissante à un complexe-soin au Nutri-Céramide pour un résultat sur-mesure et de cheveux brillants et soyeux. Les Ombrés de Préférence illuminent la couleur avec un effet naturel sans démarcation., Non adapté aux cheveux blancs. Temps de pause : 25 à 45 min. Ce produit contient des persulfates. Il peut provoquer une réaction allergique qui dans certains cas rares, peut être grave. Ne pas utiliser si vous êtes sensible aux persulfates ou vous avez déjà réagi à un produit de décoloration. Si vous avez déjà fait une réaction après avoir coloré vos cheveux. Si votre cuir chevelu est sensible, irrité ou abimé. Le mélange décolorant contient de l'ammoniaque, du peroxyde d'hydrogène et des persulfates. Ne pas inhaler ou ingérer. En cas d'ingestion, ne pas induire le vomissement et consulter immédiatement un médecin. Porter les gants appropriés fournis dans l'étui. Eviter tout contact du produit avec les yeux et la peau. Ne pas employer pourla décoloration des cils et des sourcils ou pour tout autre usage que la décoloration des cheveux. Ne pas suivre cette consigne peut entrainer la cécité. Rincer immédiatement et abondamment les yeux si le produit entre en contact avec ceux-ci. Si vous portez des lentilles de contact, retirez-les avant de rincer vos yeux. Ne pas dépasser le temps de pause maximum préconisé puis rincer très soigneusement les cheveux à l'eau tiède. En cas de réaction telle que picotements intenses, boutons, sensation de brûlure du cuir chevelu ou gêne respiratoire, rincer immédiatement à l'eau tiède et stopper l'utilisation. Avant de refaire une décoloration, consulter un médecin. Ne pas utiliser sur des cheveux très fins et fragiles, sensibilisés, défrisés ou]|"
14,00€ / Pce"|"
14,00 €"
3029|Préférence - Châtain Clair n°104|La boîte de 138ml|[Origine : FRANCE, L'Ombré Intense associe une technologie de crème ultra-éclaicissante à un complexe-soin au Nutri-Céramide pour un résultat ombré plus intense et des cheveux brillants et soyeux. Les Ombrés de Préférence illuminent la couleur avec un effet naturel sans démarcation., Non adapté aux cheveux blancs. Temps de pause : 25 à 45 min. Ce produit contient des persulfates. Il peut provoquer une réaction allergique qui dans certains cas rares, peut être grave. Ne pas utiliser si vous êtes sensible aux persulfates ou vous avez déjà réagi à un produit de décoloration. Si vous avez déjà fait une réaction après avoir coloré vos cheveux. Si votre cuir chevelu est sensible, irrité ou abimé. Le mélange décolorant contient de l'ammoniaque, du peroxyde d'hydrogène et des persulfates. Ne pas inhaler ou ingérer. En cas d'ingestion, ne pas induire le vomissement et consulter immédiatement un médecin. Porter les gants appropriés fournis dans l'étui. Eviter tout contact du produit avec les yeux et la peau. Ne pas employer pourla décoloration des cils et des sourcils ou pour tout autre usage que la décoloration des cheveux. Ne pas suivre cette consigne peut entrainer la cécité. Rincer immédiatement et abondamment les yeux si le produit entre en contact avec ceux-ci. Si vous portez des lentilles de contact, retirez les avant de rincer vos yeux. Ne pas dépasser le temps de pause maximum préconisé puis rincer très soigneusement les cheveux à l'eau tiède. En cas de réaction telle que picotements intenses, boutons, sensation de brûlure du cuir chevelu ou gêne respiratoire, rincer immédiatement à l'eau tiède et stopper l'utilisation. Avant de refaire une décoloration, consulter un médecin. Ne pas utiliser sur des cheveux très fins et fragiles, sensibilisés, défrisés ou, Poudre décolorante : potassium persulfate, sodium matasilicate, sodium persulfate, CI77891/titanium dioxide, edta, cyamopsis tetragonolobus gum/guar gum, hydrogenated polydecene, calcium stearate, (FIL C26485/7). Crème éclaircissante : aqua/water, ceteareth alcohol, propylene glycol, deceth-3, laureth-12, ammonium hydroxide, oleth-30, lauric acid, glycol distearate, polyquaternium-22, ethanolamine, silica dimethyl silylate, pentasodium pentetate, carbomer, parfum/fragrance, (FIL C29473/9). Révélateur crème : aqua/water, hydrogen peroxide, cetearyl alcohol, sodium stannate, trideceth-2 carboxamide MEA, pentasodium pentetate, ceteareth-30, tetrasodium pyrophosphate, glycerin. (C13169/25). Shampooing-soin nutri-céramide : aqua/water, sodium laureth sulfate, dimethicone, disodium cocoamphodiacetate, cetyl alcohol, hydroxystearyl cetyl ether, guar hydroxypropyltrimonium chloride, sodium benzoate, sodium chloride, sodium hydroxide, ppg-5-ceteth-20, salicylic acid, propylene glycol, 2-oleamido-1.3-octadecanediol, carbomer, citric acid, parfum/fragrance, (FIL C44041/1).]|"
14,31€ / Pce"|"
14,31 €"
3030|Préférence C Tahiti - Châtain|La boîte|[Origine : BELGIQUE, L'Oréal Paris créé la couleur d'exception : une gamme de couleurs uniques et raffinées jamais ternes, jamais fades., Shampooing colorant : aqua, trideceth-2 carboxamide mea, propylene glycol, hexylene glycol, peg-2 oleamine, polyglyceryl-4 oleyl ether, oleyl alcohol, alcohol denat., ammonium hydroxide, polyglyceryl-2 oleyl ether, oleic acid, sodium diethylaminopropyl cocoaspartamide, 2.4-diaminophenoxyethanol hci, m-aminophenol, sodium metabisulfite, hydroxypropyl bis (n-hydroxyethyl-p-phenylenediamine) hci, phenyl methyl pyrazolone, eugenol, ammonium acetate, pentasodium pentetate, n,n-bis(2-hydroxyethyl)-p-phenylenediamine sulfate, linalool, p-phenylenediamine, alpha-isomethyl ionone, resorcinol, citronellol, erythorbic acid, parfum. (C16147/2). Révélateur crème : aqua, hydrogen peroxide, cetearyl alcohol, sodium stannate, trideceth-2 carboxamide mea, pentasodium pentetate, ceteareth-30, tetrasodium pyrophosphate, glycerin (C13169/21). Soin haute brillance  : aqua, cetearyl alcohol, glycerin, behentrimonium chloride, candelilla cera/ candelilla wax, amodimethicone, cetyl esters, isopropyl alcohol,tocopheryl acetate, lecithin, tocopherol, oleth-10, phenoxyethanol, ppg-5-ceteth-20, ethylhexyl salicylate, ethylparaben, trideceth-12, chlorhexidine dihydrochloride, camphor benzalkonium methosulfate, limonene, linalool, benzyl alcohol, benzyl benzoate, phosphoric acid, geraniol, disodium cocoamphodipropionate, methylparaben, cetrimonium chloride, butylphenyl methylpropional, citronellol, hexyl cinnamal, amyl cinnamal. (C18845/3). Le révélateur crème contient de l'eau oxygénée. Le shampooing colorant contient des diaminobenzènes, de la résorcine, de l'ammoniaque.]|"
13,54€ / Pce"|"
13,54 €"
3031|Préférence E Bruges - Châtain Clair|La boîte|[Origine : BELGIQUE, Les colorants brevetés haute résistance de Préférence se fixent au coeur du cheveu assurant une couleur profonde, lumineuse et durable qui couvre vos cheveux blancs. Le soin sublimateur de couleur vous offre plusieurs applications qui renouvellent l'éclat du 1er jour de votre coloration et gardent vos cheveux doux et soyeux. Résultat : des racines aux pointes, votre couleur ne vire pas et ne s'affadit pas. Elle reste sublime, lumineuse et vivante et garde son éclat jusqu'à 6 semaines., CONSIGNES D'UTILISATION. IMPORTANT : LA COLORATION PEUT PROVOQUER UNE REACTION ALLERGIQUE QUI, DANS CERTAINS CAS RARES, PEUT ÊTRE GRAVE. IL EST DONC INDISPENSABLE DE RESPECTER LES CONSIGNES SUIVANTES : NE PAS UTILISER SI :  vous avez déjà réagi à unproduit de coloration.  Vous avez le cuir chevelu sensible, irrité ou abîmé. EN CAS DE TATOUAGE les risques d'allergie peuvent être accrus. FAIRE UN TEST D'ALLERGIE CUTANÉE IMPÉRATIVEMENT 48 HEURES AVANT CHAQUE UTILISATION DE CE PRODUIT (voir notice). PENSER À ACHETER VOTRE PRODUIT À L'AVANCE. Le révélateur crème contient de l'eau oxygénée. Le shampooing colorant contient des diaminobenzènes, de la résorcine, de l'ammoniaque. Éviter le contact du produita avec la peau et les yeux, ne pas employer pour la coloration des cils et des sourcils. Ne pas suivre cette consigne peut entraîner la cécité. Rincer immédiatement et abondamment les yeux si le produit entre en contact avec ceux-ci. Porteez les gants appropriés fournis dans l'étui. Bien rincer les cheveux après application. Ne pas utiliser si vos cheveux ont été colorés par du henné ou une coloration progressive.Tenir hors de la portée des enfants. Ne pas utiliser chez l'enfant. SE CONFORMER A LA NOTICE, SHAMPOOING COLORANT : AQUA / WATER, TRIDECETH-2 CARBOXAMIDE MEA, PROPYLENE GLYCOL, HEXYLENE GLYCOL, PEG-2 OLEAMINE, POLYGLYCERYL-4 OLEYL ETHER, OLEYL ALCOHOL, ALCOHOL DENAT., AMMONIUM HYDROXIDE, POLYGLYCERYL-2 OLEYL ETHER, OLEIC ACID, SODIUM DIETHYLAMINOPROPYL COCOASPARTAMIDE, 2,4-DIAMINOPHENOXYETHANOL HCI, m-AMINOPHENOL, SODIUM METABISULFITE, HYDROXYPROPYL BIS(N-HYDROXYETHYL-p-PHENYLENEDIAMINE) HCI, PHENYL METHYL PYRAZOLONE, EUGENOL, AMMONIUM ACETATE, p-METHYLAMINOPHENOL SULFATE, PENTASODIUM PENTETATE, LINALOOL, p-PHENYLENEDIAMINE, ALPHA-ISOMETHYL IONONE, RESORCINOL, CITRONELLOL, ERYTHORBIC ACID, PARFUM / FRAGRANCE. (C 21214/1) 178914 - RÉVÉLATEUR CRÈME : AQUA / WATER, HYDROGEN PEROXIDE, CETEARYL ALCOHOL, SODIUM STANNATE, TRIDECETH-2 CARBOXAMIDE MEA, PENTASODIUM PENTETATE, CETEARETH-30, TETRASODIUM PYROPHOSPHATE, GLYCERIN. (C 13169/21) 487419 A - SOIN SUBLIMATEUR DE COULEUR : AQUA / WATER, CETEARYL ALCOHOL, GLYCERIN, BEHENTRIMONIUM CHLORIDE, CANDELILLA CERA / CANDELILLA WAX, AMODIMETHICONE, CETYL ESTERS, ISOPROPYL ALCOHOL, TOCOPHERYL ACETATE, LECITHIN, TOCOPHEROL, OLETH-10, PHENOXYETHANOL, PPG-5-CETETH-20, ETHYLHEXYL SALICYLATE, ETHYLPARABEN, TRIDECETH-12, CHLORHEXIDINE DIHYDROCHLORIDE, CAMPHOR BENZALKONIUM METHOSULFATE,LIMONENE,LINALOOL, BENZYL ALCOHOL, BENZYL BENZOATE, PHOSPHORIC ACID, GERANIOL, DISODIUM COCOAMPHODIPROPIONATE, METHYLPARABEN, CETRIMONIUM CHLORIDE, BUTYLPHENYL METHYLPROPIONAL, CITRONELLOL, HEXYL CINNAMAL, AMYL CINNAMAL, PARFUM / FRAGRANCE. (C 18845/3)]|"
13,54€ / Pce"|"
13,54 €"
3032|Préférence G Virginie -  Châtain Clair Doré|La boîte|[Origine : FRANCE, L'Oréal Paris créé la couleur d'exception : une gamme de couleurs uniques et raffinées jamais ternes, jamais fades., Shampooing colorant : aqua, trideceth-2 carboxamide mea, propylene glycol, hexylene glycol, peg-2 oleamine, polyglyceryl-4 oleyl ether, oleyl alcohol, alcohol denat., ammonium hydroxide, polyglyceryl-2 oleyl ether, oleic acid, sodium diethylaminopropyl cocoaspartamide, m-aminophenol, p-aminophenol, sodium metabisulfite, phenyl methyl pyrazolone, eugenol, 6-hydroxyindole, ammonium acetate, 2-methylresorcinol, pentasodium pentetate, linalool, p-phenylenediamine, alpha-isomethyl ionone, resorcinol,citronellol, erythorbic acid, parfum. (C19899/2). Révélateur crème : aqua, hydrogen peroxide, cetearyl alcohol, sodium stannate, trideceth-2 carboxamide mea, pentasodium pentetate, ceteareth-30, tetrasodium pyrophosphate, glycerin (C13169/21). Soinhaute brillance  : aqua, cetearyl alcohol, glycerin, behentrimonium chloride, candelilla cera/ candelilla wax, amodimethicone, cetyl esters, isopropyl alcohol, tocopheryl acetate, lecithin, tocopherol, oleth-10, phenoxyethanol, ppg-5-ceteth-20, ethylhexyl salicylate, ethylparaben, trideceth-12, chlorhexidine dihydrochloride, camphor benzalkonium methosulfate, limonene, linalool, benzyl alcohol, benzyl benzoate, phosphoric acid, geraniol, disodium cocoamphodipropionate, methylparaben, cetrimoniumchloride, butylphenyl methylpropional, citronellol, hexyl cinnamal, amyl cinnamal. (C18845/3). Le révélateur crème contient de l'eau oxygénée. Le shampooing colorant contient des diaminobenzènes, de la résorcine, de l'ammoniaque.]|"
13,54€ / Pce"|"
13,54 €"
3033|Préférence M1 Caracas - Marron Profond|La boîte|[Origine : FRANCE, Les colorants brevetés haute résistance de Préférence se fixent au coeur du cheveu assurant une couleur profonde, lumineuse et durable qui couvre vos cheveux blancs. Le soin sublimateur de couleur vous offre plusieurs applications qui renouvellent l'éclat du 1er jour de votre coloration et gardent vos cheveux doux et soyeux. Résultat : des racines aux pointes, votre couleur ne vire pas et ne s'affadit pas. Elle reste sublime, lumineuse et vivante et garde son éclat jusqu'à 6 semaines., CONSIGNES D'UTILISATION: IMPORTANT : LA COLORATION PEUT PROVOQUER UNE RÉACTION ALLERGIQUE QUI, DANS CERTAINS CAS RARES, PEUT ÊTRE GRAVE. IL EST DONC INDISPENSABLE DE RESPECTER LES CONSIGNES SUIVANTES : NE PAS UTILISER SI : vous avez déjà réagi à un produit de coloration. Vous avez le cuir chevelu sensible, irrité ou abîmé. EN CAS DE TATOUAGE les risques d'allergie peuvent être accrus. FAIRE UN TEST D'ALLERGIE CUTANÉE IMPÉRATIVEMENT 48 HEURES AVANT CHAQUE UTILISATION DE CE PRODUIT (voir notice).PENSEZ À ACHETER VOTRE PRODUIT À L'AVANCE. Le révélateur crème contient de l'eau oxygénée. Le shampooing colorant contient des diaminobenzènes, de la résorcine, de l'ammoniaque. Évitez le contact du produit avec la peau et les yeux, ne pas employer pour la coloration des cils et des sourcils. Ne pas suivre cette consigne peut entraîner la cécité. Rincez immédiatement et abondamment les yeux si le produit entre en contact avec ceux-ci. Porter les gants appropriés fournis dans l'étui. Bien rincerles cheveux après application. Ne pas utiliser si vos cheveux ont été colorés par du henné ou une coloration progressive. Tenir hors de la portée des enfants. Ne pas utiliser chez l'enfant. SE CONFORMER A LA NOTICE., SHAMPOOING COLORANT : AQUA / WATER. TRIDECETH-2 CARBOXAMIDE MEA. PROPYLENE GLYCOL HEXYLENE GLYCOL. PEG-2 OLEAMINE .POLYGLYCERYL-4 OLEYL ETHER . OLEYL ALCOHOL . ALCOHOL DENAT. AMMONIUM HYDROXIDE. POLYGLYCERYL-2 OLEYL ETHER. OLEIC ACID .SODIUM DIETHYLAMINOPROPYL COCOASPARTAMIDE .2,4-DIAMINOPHENOXYETHANOL HCI . p-AMINOPHENOL .m-AMINOPHENOL. 4-AMINO-2-HYDROXYTOLUENE. SODIUM METABISULFITE. PHENYL METHYL PYRAZOLONE. EUGENOL. 6-HYDROXYINDOLE. AMMONIUM ACETATE. PENTASODIUM PENTETATE. LINALOOL. p-PHENYLENEDIAMINE. ALPHA-ISOMETHYL IONONE. RESORCINOL. CITRONELLOL. ERYTHORBIC ACID. PARFUM/FRAGRANCE. (C16174/2). 178914-RÉVÉLATEUR CRÈME: AQUA / WATER. HYDROGEN PEROXIDE. CETEARYL ALCOHOL. SODIUM STANNATE. TRIDECETH-2 CARBOXAMIDE MEA. PENTASODIUM PENTETATE. CETEARETH-30. TETRASODIUM PYROPHOSPHATE. GLYCERIN. (C 13169/21) 487419 A - SOIN SUBLIMATEUR DE COULEUR : AQUA/WATER. CETEARYL ALCOHOL. GLYCERIN. BEHENTRIMONIUM CHLORIDE. CANDEULLA CERA / CANDEULLA WAX. AMODIMETHICONE.CETYL ESTERS. ISOPROPYL ALCOHOL. TOCOPHERYL ACETATE. LECITHIN. TOCOPHEROL. OLETH-10. PHENOXYETHANOL. PPG-5-CETETH-20. ETHYLHEXYL SALICYLATE. ETHYLPARABEN. TRIDECETH-12. CHLORHEXIDINE DIHYDROCHLORIDE. CAMPHOR BENZALKONIUM METHOSULFATE .LIMONENE. LINALOOL. BENZYL ALCOHOL. BENZYL BENZOATE. PHOSPHORIC ACID. GERANIOL. DISODIUM COCOAMPHODIPROPIONATE. METHYLPARABEN. CETRIMONIUM CHLORIDE. BUTYLPHENYL METHYLPROPIONAL.CITRONELLOL. HEXYL CINNAMAL. AMYL CINNAMAL.PARFUM / FRAGRANCE. (C 18845/3).]|"
13,54€ / Pce"|"
13,54 €"
3034|568 Brun châtaigne, Coloration permanente|La boite de 165ml|[Origine : ALLEMAGNE]|"
10,91€ / Pce"|"
10,91 €"
3035|600 Châtain clair, Coloration permanente|La boite de 165ml|[Origine : ALLEMAGNE]|"
11,01€ / Pce"|"
11,01 €"
3036|100 noir, Coloration permanente soin|La boîte de 165ml|[Origine : ALLEMAGNE]|"
11,01€ / Pce"|"
11,01 €"
3037|1100 éclaircissante léger, Mousse éclaircissante|La boite de 92,5ml|[Origine : ALLEMAGNE, Mousse éclaircissante permanente pour un blond durable d'une brillance intense. Eclaircit jusqu'à 4 tons pour des cheveux éclatants de beauté. Le masque soin enrichi en huile d'Argan apporte aux cheveux un soin intense et un éclat Glossy., Un dosage et une application simples grâce à sa pompe adaptée et sa texture mousse - ne coule pas. Couverture parfaite des cheveux blancs pour un blond impeccable et durable. Cet étui contient : 1 flacon applicateur avec l'émulsion révélatrice de 35ml, 1 flacon gel éclaircissant de 35 ml, 1 sachet de masque soin de 22,5 ml, 1 pompe, 1 mode d'emploi, 1 paire de gants. Cette nuance convient si le pourcentage de cheveux blancs n'excède pas 30% de la chevelure. Pour une application localisée sur les racines : mélangez le gel éclaircissant et la poudre décolorante à l'émulsion. Actionnez la pompe et recueillez la mousse directement dans vos mains gantées. Répartissez tout simplement la mousse sur les cheveux secs. L'application à l'arrière de la tête et sur les tempes est très facile. Enfin, massez la mousse dans vos cheveux - aussi facile qu'un shampooing. Utilisez la totalité du mélange pour un blond riche et éclatant de beauté. Nous vous recommandons l'utilisation de deux boîtes pour les cheveux longs (en dessous des épaules). Les décolorants capillaires peuvent provoquer des réactions allergiques sévères. Ce produit n'est pas destiné à être utilisé sur les personnes de moins de seize ans. Les tatouages temporaires noirs à base dehenné peuvent augmenter le risque d'allergie. Ne vous décolorez pas les cheveux : si vous présentez une éruption cutanée sur le visage ou si votre cuir chevelu est sensible, irrité ou abîmé, si vous avez déjà fait une réaction après avoir coloré/déco, Gel éclaircissant : aqua (water, eau), coco-glucoside, éthanol amine, coco-betaine, ceteareth-20, sodium chloride, poly quaternium 22, cetrimonium chloride, cetyl alcohol, serine, potassium hydroxide, parfum (fragrance), pvp, ammonium sulfate, tetrasodium edta, tetramethyl acetyloctahydro naphthalenes, citric acid, plankton extract, phenoxyethanol. Emulsion révélatrice : aqua (water, eau), hydrogen peroxide, etidronic acid, acrylates copolymer, sodium laureth sulfate, sodium hydroxyde, 2,6 dicarboxypyridine, disodium pyrophosphate. Masque soin : Aqua (water, eau), cetearyl alcohol, behentrimonium chloride, glycol distearate, dimethicone, distearoyl ethyl hydroxyethylmonium methosulfate, dicaprylyl carbonate, argania spinosa kernel oil, cocos nucifera (coconut) fruit extract, panthenol, cocodimonium hydroxypropyl hydrolyzed keratin, hydrolyzed keratin, glycerin, isopropyl alcohol, phenoxyethanol, methylparaben, parfum (fragrance), polyquaternium-67, propylene glycol, citric acid, butylphenyl methylpropional, hexyl cinnamal, alpha-isomethyl ionone, linalool.]|"
11,11€ / Pce"|"
11,11 €"
3038|300 Brun noir, coloration permanente|La boîte de 92,5ml|[Origine : ALLEMAGNE, La première coloration mousse permanente de Schwarzkopf sans ammoniaque particulièrement simple et douce. Une couleur douce et lumineuse. Application simple et agréable. Soin réparateur pour des cheveux forts et souples., Les colorants capillaires peuvent provoquer des réactions allergiques sévères. Lire et suivre les instructions. Ce produit n'est pas destiné à être utilisé sur les personnes de moins de seize ans. Les tatouages temporaires noirs à base de henné peuvent augmenter le risque d'allergie. Ne vous colorez pas les cheveux si : vous présentez une éruption cutanée sur le visage ou si votre cuir chevelu est sensible, irrité ou abîmé, vous avez déjà fait une réaction après avoir coloré vos cheveux, vous avez fait par le passé une réaction à un tatouage temporaire noir à base de henné. Contient de l'eau oxygénée, des phénylènediamines (toluènediamines) et de la résorcine. Voir sous l'étui la liste complète des ingrédients. Eviter le contact du produitavec les yeux. Rincer immédiatement les yeux si le produit entre en contact avec ceux-ci. Ne pas utiliser pour teindre les cils ou les sourcils. Bien rincer les cheveux après application. Porter des gants appropriés. Effectuez un test d'alerte d'allergie 48h avant toute application d'une coloration (se référer au mode d'emploi du produit), même si vous avez déjà utilisé des produits de coloration auparavant. Pensez donc à acheter le produit 48h à l'avance. En cas de précédente réaction à un produit de coloration ou en cas de doute, consultez un médecin avant d'utiliser tout produit colorant. Garder hors de la portée des enfants., Gel colorant : aqua, coco-glucoside, coco-betaine, ethanol aminé, toluene-2,5-diamine sulfate, peg-60 hydrogenated castor oil, sodium chloride, polyquaternium-22, resorcinol, plankton extract, serine, m-aminophenol, sodium sulfite, tetrasodium edta,2-amino-4-hydroxyethylaminoanisole sulfate, ascorbic acid, parfum. Emulsion révélatrice : aqua, hydrogen peroxide, etidronic 3 acid, acrylates copolymer, sodium laureth sulfate, sodium 3 hydroxide, 2,6-dicarboxypyridine, disodium pyrophosphate. Baumesoin réparateur : aqua, cetearyl alcohol, behentrimonium chloride, glycol distearate, dimethicone, distearoylethyl hydroxyethylmonium methosulfate, panthenol, hydrolyzed soy protein, vanilla planifolia fruit extract, dicaprylyl carbonate, isopropylalcohol, phenoxyethanol, propylene glycol, methylparaben, polyquaternium-37, parfum, propylene glycol dicaprylate/dicaprate, butylphenyl methyl propional, hexyl cinnamal, ppg-1 trideceth-6, linalool, citric acid, geraniol, citronellol.]|"
11,22€ / Pce"|"
11,22 €"
3039|300 Brun noir, Coloration permanente soin|La boîte de 165ml|[Origine : ALLEMAGNE]|"
10,91€ / Pce"|"
10,91 €"
3040|400 Châtain foncé, Coloration permanente|La boîte de 145ml|[Origine : ALLEMAGNE, La texture unique de Color Mask, présentée dans un pot s'inspire de celle d'un masque soin. Sa formule offre une couleur éclatante, ultra-riche et une brillance glossy pour plusieurs semaines. Color Mask couvre parfaitement les cheveux blancs. Grâceà sa texture incroyablement onctueuse, la formule colorante peut être appliquée facilement à la main. Pour une application précise, rapide et simple, même sur l'arrière de la tête. 90% des utilisatrices sont satisfaites : le mélange ne coule pas. Lerésultat : des cheveux intensément nourris, à l'éclat glossy, incroyablement doux au toucher, agréablement parfumés., Les colorants capillaires peuvent provoquer des réactions allergiques sévères. Lire et suivre les instructions. Ce produit n'est pas destiné à être utilisé sur les personnes de moins de seize ans. Les tatouages temporaires noirs à base de henné peuvent augmenter le risque d'allergie. Ne vous colorez pas les cheveux si : vous présentez une éruption cutanée sur le visage ou si votre cuir chevelu est sensible, irrité ou abîmé, vous avez déjà fait une réaction après avoir coloré vos cheveux, vous avez fait par le passé une réaction à un tatouage temporaire noir à base de henné. Contient : de l'eau oxygénée, des phénylènediamines (toluènediamines) et de la résorcine. Eviter le contact du produit avec les yeux. Rincer immédiatement les yeux si le produit entre en contact avec ceux-ci. Ne pas utiliser pour teindre les cils ou les sourcils. Bien rincer les cheveux après application. Porter des gants appropriés. Effectuez un test d'alerte d'allergie 48 h avant toute application d'une coloration (se référer au mode d'emploi du produit), même si vous avez déjà utilisé des produits de coloration auparavant. Pensez donc à acheter le produit 48 h à l'avance. En cas de précédente réaction à un produit de coloration ou en cas de doute, consultezun médecin avant d'utiliser tout produit colorant. Garder hors de la portée des enfants., Crème colorante : aqua, cetearyl alcohol, ammonium hydroxide, glyceryl stearate, ceteareth-20, toluene-2,5-diamine sulfate, octyldodecanol, serine, linoleamidopropyl pg-dimonium chloride phosphate, sodium laureth sulfate, resorcinol, potassium hydroxide, sodium cetearyl sulfate, parfum, oleic acid silica, m-aminophenol, potassium stearate, glycerin, sodium sulfite, tetrasodium edta, carbomer, ascorbic acid, 2-amino-4-hydroxyethylaminoanisole sulfate, propylene glycol sodium sulfate, benzoic acid. Crème révélatrice : aqua hydrogen peroxide, cetearyl alcohol, propylene glycol, ceteareth-20, steartrimonium chloride, paraffinum liquidum, parfum, etidronic acid, 2,6-dicarboxypyridine, disodium pyrophosphate, potassium hydroxide, isopropyl alcohol, tetramethyl acetyloctahydronaphthalenes, citronellol, geraniol. Masque soin : aqua, cetearyl alcohol, quaternium-87, sodium pca, prunus armeniaca kernel oil, panthenol, propylene glycol, isopropyl myristate, distearoylethyl hydroxyethylmonium methosulfate, citric acid, phenoxyethanol, stearamidopropyl dimethylamine, polyquaternium-37, parfum, ceteareth-20, glyceryl stearate, sodium methylparaben, propylene glycol, dicaprylate/dicaprate, ppg-1 trideceth-6.]|"
11,22€ / Pce"|"
11,22 €"
3041|400 Châtain foncé, Coloration permanente soin|La boîte de 165ml|[Origine : ALLEMAGNE]|"
11,01€ / Pce"|"
11,01 €"
3042|468 Châtain chocolat, Coloration permanente soin|La boîte de 165ml|[Origine : ALLEMAGNE]|"
11,01€ / Pce"|"
11,01 €"
3043|499 Cerise noire, Coloration permanente soin|La boîte de 165ml|[Origine : ALLEMAGNE]|"
10,91€ / Pce"|"
10,91 €"
3044|500 Châtain naturel, Coloration permanente soin|La boîte de 165ml|[Origine : ALLEMAGNE]|"
11,01€ / Pce"|"
11,01 €"
3045|568 Châtain noisette, Coloration permanente|La boîte de 145ml|[Origine : ALLEMAGNE, La texture unique de Color Mask, présentée dans un pot s'inspire de celle d'un masque soin. Sa formule offre une couleur éclatante, ultra-riche et une brillance glossy pour plusieurs semaines. Color Mask couvre parfaitement les cheveux blancs. Grâceà sa texture incroyablement onctueuse, la formule colorante peut être appliquée facilement à la main. Pour une application précise, rapide et simple, même sur l'arrière de la tête. 90% des utilisatrices sont satisfaites : le mélange ne coule pas. Lerésultat : des cheveux intensément nourris, à l'éclat glossy, incroyablement doux au toucher, agréablement parfumés., Les colorants capillaires peuvent provoquer des réactions allergiques sévères. Lire et suivre les instructions. Ce produit n'est pas destiné à être utilisé sur les personnes de moins de seize ans. Les tatouages temporaires noirs à base de henné peuvent augmenter le risque d'allergie. Ne vous colorez pas les cheveux si : vous présentez une éruption cutanée sur le visage ou si votre cuir chevelu est sensible, irrité ou abîmé, vous avez déjà fait une réaction après avoir coloré vos cheveux, vous avez fait par le passé une réaction à un tatouage temporaire noir à base de henné. Contient : de l'eau oxygénée, des phénylènediamines (toluènediamines) et de la résorcine. Eviter le contact du produit avec les yeux. Rincer immédiatement les yeux si le produit entre en contact avec ceux-ci. Ne pas utiliser pour teindre les cils ou les sourcils. Bien rincer les cheveux après application. Porter des gants appropriés. Effectuez un test d'alerte d'allergie 48 h avant toute application d'une coloration (se référer au mode d'emploi du produit), même si vous avez déjà utilisé des produits de coloration auparavant. Pensez donc à acheter le produit 48 h à l'avance. En cas de précédente réaction à un produit de coloration ou en cas de doute, consultezun médecin avant d'utiliser tout produit colorant. Garder hors de la portée des enfants., Crème colorante : aqua, cetearyl alcohol, ammonium hydroxide, glyceryl stearate, ceteareth-20, octyldodecanol, toluene-2,5-diamine sulfate, serine, linoleamidopropyl pg-dimonium chloride phosphate, sodium laureth sulfate, sodium cetearyl sulfate, potassium hydroxide, parfum, oleic acid, resorcinol, silica, potassium stearate, glycerin, sodium sulfite, tetrasodium edta, 2-methylresorcinol, carbomer, 2-amino-3-hydroxypyridine, ascorbic acid, m-aminophenol, propylene glycol, sodium sulfate, benzoicacid. Crème révélatrice : aqua, hydrogen peroxide, cetearyl alcohol, propylene glycol, ceteareth-20, steartrimonium chloride, paraffinum liquidum, parfum, etidronic acid, 2,6-dicarboxypyridine, disodium pyrophosphate, potassium hydroxide, isopropylalcohol tetramethyl acetyloctahydronaphthalenes, citronellol, geraniol. Masque soin : aqua, cetearyl alcohol quaternium-87, sodium pca, prunus armeniaca kernel oil, panthenol, propylene glycol, isopropyl myristate, distearoylethyl hydroxyethylmoniummethosulfate, citric acid phenoxyethanol, stearamidopropyl dimethylamine, polyquaternium-37, parfum, ceteareth-20, glyceryl stearate, sodium methylparaben, propylene, glycol dicaprylate/dicaprate, ppg-1 trideceth-6.]|"
11,22€ / Pce"|"
11,22 €"
3046|662 Brun nougat, Coloration permanente soin|La boîte de 165ml|[Origine : ALLEMAGNE]|"
11,01€ / Pce"|"
11,01 €"
3047|665 Châtain clair doré, Coloration permanente|La boîte de 145ml|[Origine : ALLEMAGNE, La texture unique de Color Mask, présentée dans un pot s'inspire de celle d'un masque soin. Sa formule offre une couleur éclatante, ultra-riche et une brillance glossy pour plusieurs semaines. Color Mask couvre parfaitement les cheveux blancs. Grâceà sa texture incroyablement onctueuse, la formule colorante peut être appliquée facilement à la main. Pour une application précise, rapide et simple, même sur l'arrière de la tête. 90% des utilisatrices sont satisfaites : le mélange ne coule pas. Lerésultat : des cheveux intensément nourris, à l'éclat glossy, incroyablement doux au toucher, agréablement parfumés., Les colorants capillaires peuvent provoquer des réactions allergiques sévères. Lire et suivre les instructions. Ce produit n'est pas destiné à être utilisé sur les personnes de moins de seize ans. Les tatouages temporaires noirs à base de henné peuvent augmenter le risque d'allergie. Ne vous colorez pas les cheveux si : vous présentez une éruption cutanée sur le visage ou si votre cuir chevelu est sensible, irrité ou abîmé, vous avez déjà fait une réaction après avoir coloré vos cheveux, vous avez fait par le passé une réaction à un tatouage temporaire noir à base de henné. Contient : de l'eau oxygénée, des phénylènediamines (toluènediamines) et de la résorcine. Eviter le contact du produit avec les yeux. Rincer immédiatement les yeux si le produit entre en contact avec ceux-ci. Ne pas utiliser pour teindre les cils ou les sourcils. Bien rincer les cheveux après application. Porter des gants appropriés. Effectuez un test d'alerte d'allergie 48 h avant toute application d'une coloration (se référer au mode d'emploi du produit), même si vous avez déjà utilisé des produits de coloration auparavant. Pensez donc à acheter le produit 48 h à l'avance. En cas de précédente réaction à un produit de coloration ou en cas de doute, consultezun médecin avant d'utiliser tout produit colorant. Garder hors de la portée des enfants., Crème colorante : aqua, cetearyl alcohol, ammonium hydroxide, glyceryl stearate, ceteareth-20, octyldodecanol, serine, linoleamidopropyl pg- dimonium chloride phosphate, sodium laureth sulfate, toluene-2,5-diamine sulfate, sodium cetearyl sulfate, parfum, potassium hydroxide, oleic acid, silica potassium stearate, glycerin, sodium sulfite, resorcinol, tetrasodium edta, carbomer, 2-methylresorcinol 4-chlororesorcinol, ascorbic acid 2-amino-3-hydroxypyridine, propylene glycol, sodium sulfate, m-aminophenol, benzoic acid. Crème révélatrice : aqua, hydrogen peroxide, cetearyl alcohol, propylene glycol, ceteareth-20, steartrimonium chloride, paraffinum liquidum, parfum, etidronic acid, 2,6-dicarboxypyridine, disodium pyrophosphate, potassium hydroxide, isopropyl alcohol tetramethyl acetyloctahydronaphthalenes, citronellol, geraniol. Masque soin : aqua, cetearyl alcohol quaternium-87, sodium pca, prunus armeniaca kernel oil, panthenol, propylene glycol, isopropyl myristate, distearoylethyl hydroxyethylmonium methosulfate, citric acid phenoxyethanol, stearamidopropyl dimethylamine, polyquaternium-37, parfum, ceteareth-20, glyceryl stearate, sodium methylparaben, propylene, glycol dicaprylate/dicaprate, ppg-1 trideceth-6.]|"
11,22€ / Pce"|"
11,22 €"
3048|668 Noisette, Coloration permanente soin|La boîte de 165ml|[Origine : ALLEMAGNE]|"
11,01€ / Pce"|"
11,01 €"
3049|755 Blond doré foncé, Coloration permanente soin|La boîte de 165ml|[Origine : ALLEMAGNE]|"
11,01€ / Pce"|"
11,01 €"
3050|845 Blond praline, Coloration permanente soin|La boîte de 165ml|[Origine : ALLEMAGNE]|"
10,91€ / Pce"|"
10,91 €"
3051|Acajou 586, Coloration permanente|La boîte de 92,5ml|[Origine : ALLEMAGNE, La première coloration mousse permanente de Schwarzkopf sans ammoniaque particulièrement simple et douce. Une couleur douce et lumineuse. Application simple et agréable.Soin réparateur pour des cheveux forts et souples., Mélangez le gel colorant à l'émulsion en retournant le flacon vers le bas une seule fois puis, actionnez la pompe et recueillez la mousse dans vos mains. Répartissez la mousse tout simplement sur cheveux secs. L'application à l'arrière de la tête etsur les tempes est très facile. La texture mousse ne coule pas. Enfin, massez la mousse dans vos cheveux, aussi facilement que lors d'un shampooing. Utilisez la totalité du mélange pour une couleur riche et éclatante de beauté. Nous recommandons l'utilisation de deux boîtes pour les cheveux longs (en dessous des épaules). Les colorants capillaires peuvent provoquer des réactions allergiques sévères. Lire et suivre les instructions. Ce produit n'est pas destiné à être utilisé sur les personnes demoins de seize ans. Les tatouages temporaires noirs à base de henné peuvent augmenter le risque d'allergie. Ne vous colorez pas les cheveux si : vous présentez une éruption cutanée sur le visage ou si votre cuir chevelu est sensible, irrité ou abîmé, vous avez déjà fait une réaction après avoir coloré vos cheveux, vous avez fait par le passé une réaction à un tatouage temporaire noir à base de henné. Contient de l'eau oxygénée, des phénylènediamines (toluènediamines) et de la résorcine. Voir sous l'étui la liste complète des ingrédients. Eviter le contact du produit avec les yeux. Rincer immédiatement les yeux si le produit entre en contact avec ceux- ci. Ne pas utiliser pour teindre les cils ou les sourcils. Bien rincer les cheveux après, Gel colorant : aqua, coco-glucoside, coco-betaine, ethanolamine, peg-60 hydrogenated castor oil, sodium chloride, toluène-2,5-diamine sulfate, polyquaternium-22, plankton extract, serine, 2-amino-3-hydroxypyridine, 4-amino-m-cresol, 4-amino-2-hydroxytoluene, 2-methylresorcinol, m-aminophenol, sodium sulfite, tetrasodium edta, ascorbic acid, 1-hydroxyethyl 4,5-diamino pyrazole sulfate, parfum. Emulsion révélatrice : aqua, hydrogen peroxide, etidronic acid, acrylates copolymer, sodium laureth sulfate, sodium hydroxide, 2,6-dicarboxypyridine, disodium pyrophosphate. Baume soin réparateur : aqua, cetearyl alcohol, cetrimonium chloride, glycol distearate, dimethicone, distearoylethyl hydroxyethylmonium methosulfate, panthenyl hydrolyzed soy protein, vanilla planifolia fruit extract, dicaprylyl carbonate, isopropyl alcohol, phenoxyethanol, propylene glycol, methylparaben, polyquaternium-37, parfum, propylene glycol, dicaprylate/dicaprate, butylphenyl mel propional, hexyl cinnamal, ppg-1 trideceth-6, linalool, citric acid, geraniol, citronellol.]|"
10,91€ / Pce"|"
10,91 €"
3052|Blond foncé 700, Coloration permanente|La boîte de 92,5ml|[Origine : ALLEMAGNE]|"
10,91€ / Pce"|"
10,91 €"
3053|Blond n°800, Coloration permanente|La boîte de 92,5ml|[Origine : ALLEMAGNE, Couverture parfaite des cheveux blancs. Mousse anti-fragilisation et douceur. Application simple et uniforme. Couleur riche et éclatante., Mélangez le gel colorant à l'émulsion en retournant le flacon vers le bas une seule fois puis, actionnez la pompe et recueillez la mousse dans vos mains. Répartissez la mousse tout simplement sur cheveux secs. L'application à l'arrière de la tête etsur les tempes est très facile, la texture ne coule pas. Enfin, massez la mousse dans vos cheveux, aussi facilement que lors d'un shampooing. Utilisez la totalité du mélange pour une couleur riche et éclatante de beauté. Nous recommandons l'utilisation de deux boîtes pour les cheveux longs 'en dessous des épaules). Les colorants capillaires peuvent provoquer des réactions allergiques sévères. Lire et suivre les instructions. Ce produit nest pas destiné à être utilisé sur les personnes de moinsde seize ans. Les tatouages temporaires noirs à base de henné peuvent augmenter le risque dallergie. Ne vous colorez pas les cheveux si : vous présentez une éruption cutanée sur le visage ou si votre cuir chevelu est sensible, irrité ou abîmé. Vousavez déjà fait une réaction après avoir coloré vos cheveux. Vous avez fait par le passé une réaction à un tatouage temporaire noir à base de henné. Contient de leau oxygénée, des phénylènediamines (toluènediamines) et de la résorcine. Eviter le contact du produit avec les yeux. Rincez immédiatement les yeux si le produit entre en contact avec ceux-ci. Ne pas utiliser pour teindre les cils ou les sourcils. Bien rincer les cheveux après application. Porter des gants appropriés. Effectuez un test, Gel colorant : aqua, coco-glucoside, coco-betaine, ethanol amine, peg-60 hydrogenated castor oil, sodium chloride, polyquaternium-22, plankton extract, serine, toluene-2,5-diamine sulfate, sodium sulfite, tetrasodium edta, resorcinol, 2,7-naphthalenediol, 2-methylresorcinol, ascorbic acid, 4-chlororesorcinol, m-aminophenol, parfum. Émulsion Révélatrice : aqua, hydrogen peroxide, etidronic acid, acrylates copolymer, sodium laureth sulfate, sodium hydroxide, 2,6-dicarboxypyridine, disodium pyrophosphate. Baume Soin Réparateur : aqua, cetearyl alcohol, behentrimonium chloride, glycol distearate, dimethicone, distearoylethyl hydroxyethylmonium methosulfate, panthenol, hydrolyzed soy protein, vanilla planifolia fruit extract, dicaprylyl carbonate,  isopropyl alcohol, phenoxyethanol, propylene glycol, methylparaben, polyquaternium-37, parfum, propylene glycol dicaprylate/dicaprate, butylphenyl methylpropional, hexyl cinnamal, PPG-1 trideceth-6, linalool, citric acid, geraniol, citronellol]|"
11,22€ / Pce"|"
11,22 €"
3054|Bruns givres-Cappuccino glace 616, Coloration mousse  permanente|L'etui de 92,5ml|[Origine : ALLEMAGNE, Un dosage simple et une application uniforme grâce à sa pompe adaptée et sa texture mousse (ne coule pas). Le masque soin enrichi en huile d'argan apporte un éclat glossy. Jusqu'à 30% d'intensité en plus, brillance longue durée. Couleur riche et éclatante. Couverture parfaite des cheveux blancs., Les colorants capillaires peuvent provoquer des réactions allergiques sévères. Lire et suivre les instructions. Ce produit nest pas destiné à être utilisé sur les personnes de moins de 16 ans. Les tatouages temporaires noirs à base de henné peuventaugmenter le risque dallergie. Ne vous colorez pas les cheveux si vous présentez une éruption cutanée sur le visage ou si votre cuir chevelu est sensible, irrité ou abîmé. Si vous avez déjà fait une réaction après avoir coloré vos cheveux. Si vousavez fait par le passé une réaction à un tatouage temporaire noir à base de henné. Contient du peroxyde dhydrogène, des phenylenediamine (toluènediamines) et de la résorcine. Eviter le contact du produit avec les yeux. Rincer immédiatement les yeuxsi le produit entre en contact avec ceux-ci. Ne pas utiliser pour teindre les cils ou les sourcils. Bien rincer les cheveux après application. Porter des gants appropriés. Effectuez un test dalerte allergie 48h avant toute application dune coloration, même si vous avez déjà utilisé des produits de coloration auparavant. Pensez donc à acheter le produit 48h à lavance. En cas de précédente réaction à un produit de coloration ou en cas de doute, consultez un médecin avant dutiliser tout produitcolorant. Garder hors de la portée des enfants.]|"
10,91€ / Pce"|"
10,91 €"
3055|Bruns givrés moka frappe 536, coloration mousse permanente|L'etui de 92,5ml|[Origine : ALLEMAGNE, Un dosage simple et une application uniforme grâce à sa pompe adaptée et sa texture mousse (ne coule pas). Le masque soin enrichi en huile d'argan apporte un éclat glossy. Jusqu'à 30% d'intensité en plus, brillance longue durée. Couleur riche et éclatante. Couverture parfaite des cheveux blancs., Les colorants capillaires peuvent provoquer des réactions allergiques sévères. Lire et suivre les instructions. Ce produit nest pas destiné à être utilisé sur les personnes de moins de 16 ans. Les tatouages temporaires noirs à base de henné peuventaugmenter le risque dallergie. Ne vous colorez pas les cheveux si vous présentez une éruption cutanée sur le visage ou si votre cuir chevelu est sensible, irrité ou abîmé. Si vous avez déjà fait une réaction après avoir coloré vos cheveux. Si vousavez fait par le passé une réaction à un tatouage temporaire noir à base de henné. Contient du peroxyde dhydrogène, des phenylenediamine (toluènediamines) et de la résorcine. Eviter le contact du produit avec les yeux. Rincer immédiatement les yeuxsi le produit entre en contact avec ceux-ci. Ne pas utiliser pour teindre les cils ou les sourcils. Bien rincer les cheveux après application. Porter des gants appropriés. Effectuez un test dalerte allergie 48h avant toute application dune coloration, même si vous avez déjà utilisé des produits de coloration auparavant. Pensez donc à acheter le produit 48h à lavance. En cas de précédente réaction à un produit de coloration ou en cas de doute, consultez un médecin avant dutiliser tout produitcolorant. Garder hors de la portée des enfants.]|"
10,91€ / Pce"|"
10,91 €"
3056|Camomille, coloration permanente, mèches et balayage|La boîte de 82,5ml|[Origine : FRANCE, Conçu pour un usage facile à domicile, le kit Nordic Colors Mèches et Balayage vous permet de personnaliser votre couleur naturelle en créant des reflets lumineux et brillants. Illuminez vos cheveux de mèches fines et naturelles ou réhaussez votre chevelure d'un balayage plus contrasté., Emulsion révélatrice : aqua, hydrogen peroxide, cetyl alcohol, ceteareth-20, etidronic acid, coceth-30-sulfate, 2.6-dicarboxypyridine, disodium pyrophosphate. Poudre décolorante : potassium persulfate, sodium silicate, ammonium persulfate, sodium stearate, trisodium phosphate, silica, calcium stearate, magnesium oxide, dicaprylyl ether, sodium cetearyl sulfate, magnesium carbonate hydroxide, disodium edta. Soin masque nourrissant : aqua, cetearyl alcohol, isopropyl myristate, dimethicone, cetrimonium chloride, quaternium-87, distearoylethyl hydroxyethylmonium metho sulfate, paraffinum liquidum, propylene glycol, glyceryl stearate, stearamidopropyl dimethylamine, dimethiconol, panthenol, bisabolol, chamomilla recutita, polyquaternium-10, polyquaternium-37, PPG-1 trideceth-6, propylene glycol dicaprylate/dicaprate, alcohol denat., citric acid, parfum, benzyl salicylate, coumarin, hydroxycitronellal, methylparaben, propylparaben, phenoxyethanol. Contient de l'eau oxygénée.]|"
16,16€ / Pce"|"
16,16 €"
3057|Camomille, crème décolorante intense, de 4 à 6 tons, sans amoniaque|La boîte|[Origine : FRANCE, La formule inédite de la Crème Décolorante Intense Nordic Blonde de Schwarzkopf décolore vos cheveux sans ammoniaque pour une agréable expérience de décoloration.Vos cheveux s'illuminent d'une nuance blond clair pleine d'éclat et de lumière., Si la longueur de vos cheveux dépasse les épaules, nous vous recommandons d'utiliser deux boites lors de la première application. Attention : contient de l'eau oxygénée. Peut provoquer une réaction allergique. Eviter le contact du produit avec les yeux. Rincer immédiatement les yeux si le produit entre en contact avec ceux-ci. Ne pas employer pour la coloration des cils et des sourcils. Bien rincer les cheveux après application. Porter des gants appropriés. Garder hors de la portée des enfants.Se conformer à la notice. Les décolorants pour cheveux peuvent provoquer des réactions allergiques qui peuvent être graves dans de rares cas. Les tatouages peuvent accroître le risque d'allergie à ce produit. Effectuez un test de sensibilité de la peau 48 heures avant l'utilisation de cette décoloration, même si vous avez déjà utilisé des produits de décoloration avant. Ainsi il est préférable d'acheter le produit 48 heures à l'avance. A ne pas utiliser si : vous avez déjà eu une réaction à desproduits décolorants, votre cuir chevelu est sensible, irrité ou s'il présente des lésions. Dans ces cas-là, consultez un médecin avant d'utiliser tout produit décolorant. Lisez et suivez attentivement les instructions dans le mode d'emploi du produit. Ce produit n'est pas destiné à être utilisé sur des enfants., Crème décolorante : aqua, cetearyl alcohol, ethanolamine, sodium laureth sulfate, cocamidopropyl betaine, coconut alcohol, arginine, sodium chloride, ceteareth-20, sodium silicate, etidronic acid, parfum, linalool, citronellol. Emulsion révélatrice :aqua, hydrogen peroxide, acrylates copolymer, etidronic acid, sodium laureth sulfate, 2,6-dicarboxypyridine, disodium pyrophosphate, dimethicone. Poudre décolorante : potassium persulfate, silica, potassium sulfate. Soin fortifiant : aqua, cetearylalcohol, cetrimonium chloride, paraffinum liquidum, distearoylethyl hydroxyethylmonium methosulfate, phenoxyethanol, lactic acid, ceteareth-20, glyceryl stearate, sodium methylparaben, parfum, amodimethicone, niacinamide, panthenol, calcium chloride,citric acid, trideceth-5, glycerin, hexyl cinnamal, trideceth-10, limonene, geraniol., Tube de soin fortifiant : 12 mois après ouverture.]|"
11,01€ / Pce"|"
11,01 €"
3058|Châtain 500, coloration permanente|La boîte de 92,5ml|[Origine : ALLEMAGNE]|"
10,04€ / Pce"|"
10,04 €"
3059|Châtain-chocolat 465, coloration permanente|La boîte de 92,5ml|[Origine : ALLEMAGNE]|"
10,04€ / Pce"|"
10,04 €"
3060|Châtain clair 600, Coloration permanente|La boîte de 92,5ml|[Origine : ALLEMAGNE, La première coloration mousse permanente de Schwarzkopf sans ammoniaque particulièrement simple et douce. Une couleur douce et lumineuse. Application simple et agréable.Soin réparateur pour des cheveux forts et souples., Mélangez le gel colorant à l'émulsion en retournant le flacon vers le bas une seule fois, puis, actionnez la pompe et recueillez la mousse dans vos mains. Répartissez la mousse tout simplement sur cheveux secs. L'application à l'arrière de la tête etsur les tempes est très facile, la texture mousse ne coule pas. Enfin, massez la mousse dans vos cheveux, aussi facilement que lors d'un shampooing. Utilisez la totalité du mélange pour une couleur riche et éclatante de beauté. Attention : contientde l'eau oxygénée, des diaminotoluènes et de la résorcine. Peut provoquer une réaction allergique. Eviter le contact du produit avec les yeux. Rincer immédiatement les yeux si le produit entre en contact avec ceux-ci. Ne pas employer pour la coloration des cils et des sourcils. Bien rincer les cheveux après application. Porter des gants appropriés. Garder hors de la portée des enfants. Se conformer à la notice. Les colorants pour cheveux peuvent provoquer des réactions allergiques qui peuvent être graves dans de rares cas. Les tatouages peuvent accroître le risque d'allergie à ce produit. Effectuez un test de sensibilité de la peau 48 heures avant l'utilisation de cette coloration, même si vous avez déjà utilisé des produits de coloration avant. Ainsi il est préférable d'acheter le produit 48 heures à l'avance. A ne pas utiliser si : vous avez déjà eu une réaction à des produits de coloration,  votre cuir chevelu est sensible, irrité ou s'il présente des lésions. Dans ces cas-là, consu, Gel colorant : aqua, coco-glucoside, coco-betaine, ethanolamine, peg-60 hydrogenated castor oil, sodium chloride, toluène-2,5-diamine sulfate, polyquaternium-22, plankton extract, serine, resorcinol, 2-methylresorcinol, sodium sulfite, tetrasodium edta, m-aminophénol, ascorbic acid, parfum. Emulsion révélatrice : aqua, hydrogen peroxide, etidronic acid, acrylates copolymer, sodium laureth sulfate, sodium hydroxide, 2,6-dicarboxypyridine, disodium pyrophosphate. Baume soin réparateur : aqua, cetearyl alcohol, behentrimonium chloride, glycol distearate, dimethicone, distearoylethyl hydroxyethylmonium methosulfate, panthenol, hydrolyzed soy protein, vanilla planifolia fruit extract, dicaprylyl carbonate, isopropyl alcohol, phenoxyethanol, propylene glycol, methylparaben, polyquaternium-37, parfum, propylene glycol, dicaprylate/dicaprate, butylphenyl methylpropional, hexyl cinnamal, ppg-1 trideceth-6, linalool, citric acid, geraniol, citronellol.]|"
10,04€ / Pce"|"
10,04 €"
3061|Châtain foncé 400, Coloration permanente|La boîte de 92,5ml|[Origine : ALLEMAGNE]|"
10,04€ / Pce"|"
10,04 €"
3062|Coloration mousse permanente, sans ammoniaque, Blond praline 750|L'étui|[Origine : ALLEMAGNE, La première coloration mousse permanente de Schwarzkopf sans ammoniaque particulièrement simple et douce. Une couleur douce et lumineuse. Application simple et agréable.Soin réparateur pour des cheveux forts et souples., Mélangez le gel colorant à l'émulsion en retournant le flacon vers le bas une seule fois, puis, actionnez la pompe et recueillez la mousse dans vos mains. Répartissez la mousse tout simplement sur cheveux secs. L'application à l'arrière de la tête etsur les tempes est très facile, la texture mousse ne coule pas. Enfin, massez la mousse dans vos cheveux, aussi facilement que lors d'un shampooing. Utilisez la totalité du mélange pour une couleur riche et éclatante de beauté. Attention : contientde l'eau oxygénée, des diaminotoluènes et de la résorcine. Peut provoquer une réaction allergique. Eviter le contact du produit avec les yeux. Rincer immédiatement les yeux si le produit entre en contact avec ceux-ci. Ne pas employer pour la coloration des cils et des sourcils. Bien rincer les cheveux après application. Porter des gants appropriés. Garder hors de la portée des enfants. Se conformer à la notice. Les colorants pour cheveux peuvent provoquer des réactions allergiques qui peuvent être graves dans de rares cas. Les tatouages peuvent accroître le risque d'allergie à ce produit. Effectuez un test de sensibilité de la peau 48 heures avant l'utilisation de cette coloration, même si vous avez déjà utilisé des produits de coloration avant. Ainsi il est préférable d'acheter le produit 48 heures à l'avance. A ne pas utiliser si : vous avez déjà eu une réaction à des produits de coloration,  votre cuir chevelu est sensible, irrité ou s'il présente des lésions. Dans ces cas-là, consu, Gel colorant : aqua, coco-glucoside, coco-betaine, ethanolamine, peg-60 hydrogenated castor oil, sodium chloride, polyquaternium-22, plankton extract, serine, toluène-2,5-diamine sulfate, resorcinol, sodium sulfite, tetrasodium edta, 2-amino-6-chloro-4-nitrophenol, 2-amino-3-hydroxypyridine, 2-methylresorcinol, ascorbic acid, parfum. Emulsion révélatrice : aqua, hydrogen peroxide, etidronic acid, acrylates copolymer, sodium laureth sulfate, sodium hydroxide, 2,6-dicarboxypyridine, disodium pyrophosphate. Baume soin réparateur : aqua, cetearyl alcohol, behentrimonium chloride, glycol distearate, dimethicone, distearoylethyl hydroxyethylmonium methosulfate, panthenol, hydrolyzed soy protein, vanilla planifolia fruit extract, dicaprylyl carbonate, isopropyl alcohol, phenoxyethanol, propylene glycol, methylparaben, polyquaternium-37, parfum, propylene glycol, dicaprylate/dicaprate, butylphenyl methylpropional, hexyl cinnamal, ppg-1 trideceth-6, linalool, citric acid, geraniol, citronellol.]|"
11,11€ / Pce"|"
11,11 €"
3063|Crème colorante intensive, 842|La boite de 142,5ml|[Origine : AUTRICHE, Découvrez Brillance Color Protect avec son nouveau Soin Fixateur de Couleur exclusif.Même après 30 shampooings, la couleur garde jusqu'à 90% de son intensité d'origine pour des rouges tendances, ultra-brillants, intenses et longue durée. La formule exclusive de Brillance fixe les pigments colorants en profondeur dans le cheveu et lisse intensément leur surface, pour un éclat incroyable et une couleur sublime comme un diamant 10 carats.842 rouge cachemire., Videz le tube de crème colorante Brillance dans le flacon d'émulsion révélatrice et agitez vigoureusement. Appliquez le mélange sur cheveux secs. Laissez poser 30 minutes, puis rincez. Grâce à la crème colorante Brillance et au Soin Fixateur de Couleur exclusif, la couleur garde jusqu'à 90% de son intensité d'origine, même après 30 shampooings (mesure instrumentale en laboratoire). Attention : contient de l'eau oxygénée. Peut provoquer une réaction allergique. Eviter le contact du produit avec les yeux. Rincer immédiatement les yeux si le produit entre en contact avec ceux-ci. Ne pas employer pour la coloration des cils et des sourcils. Bien rincer les cheveux après application. Porter des gants appropriés. Garder hors de la portée des enfants. Se conformer à la notice. Les colorants pour cheveux peuvent provoquer des réactions allergiques qui peuvent être graves dans de rares cas. Les tatouages peuvent accroître le risque d'allergie à ce produit. Effectuez un test de sensibilité de lapeau 48 heures avant l'utilisation de cette coloration, même si vous avez déjà utilisé des produits de coloration avant. Ainsi, il est préférable d'acheter le produit 48 heures à l'avance. A ne pas utiliser si : vous avez déjà eu une réaction à desproduits de coloration, votre cuir chevelu est sensible, irrité ou s'il présente des lésions. Dans ces cas-là, consultez un médecin avant d'utiliser tout produit colorant. Lisez et suivez attentivement les instructions dans le mode d'emploi du produi, Crème colorante : aqua, cetearyl alcohol, ammonium hydroxide, coconut alcohol, sodium laureth sulfate, isostearic acid, 1-hydroxyethyl 4.5-diamino pyrazole sulfate, propylene glycol, sodium lauryl glucose carboxylate, lauryl glucoside, 3-amino-2.4-dichlorophenol HCl, 4-amino-2-hydroxytoluene, potassium hydroxide, myristic acid, sodium sulfite, ammonium sulfate, ascorbic acid, parfum, ceteareth-12, ceteareth-20, acrylamidopropyl trimonium chloride/acrylates copolymer, sodium chloride, sodium silicate, etidronic acid, linalool, citronellol, sorbic acid. Emulsion révélatrice : aqua, hydrogen peroxide, acrylates copolymer, etidronic acid, sodium laureth sulfate, 2.6-dicarboxypyridine, disodium pyrophosphate, dimethicone. Soin fixateur de couleur : aqua, cetearyl alcohol, quaternium-87, propylene glycol, isopropyl myristate, distearoylethyl hydroxyethylmonium metho sulfate, sodium pca, citric acid, phenoxyethanol, stearamidopropyl dimethyl amine, polyquaternium-37, methylparaben, ceteareth-20, glyceryl stéarate, prunus armeniaca kernel oil, propylene glycol dicaprylate/dicaprate, parfum, panthenol, benzyl salicylate, ppg-1 trideceth-6, hexyl cinnamal, linalool, Cl14700, Cl19140.]|"
9,57€ / Pce"|"
9,57 €"
3064|Mèches Blondes M4 naturelles|La boite de 115 ml|[Origine : FRANCE, La nouvelle formule est enrichie d'un mélange de pigments neutralisants qui absorbent les reflets jaunes indésirables.  Grâce à la brosse Mèches Faciles, mettez des touches de lumière dans vos cheveux pour un résultat très naturel., Préparez le mélange décolorant selon le mode d'emploi joint. Refermez bien la bouteille et secouez la énergiquement. Sur cheveux secs, appliquez le mélange à l'aide de la brosse Mèches Faciles. Lorsque le temps est écoulé, rincez abondamment puis appliquez le Masque Soin. Les décolorants/colorants capillaires peuvent provoquer des réactions allergiques sévères. Ce produit n'est pas destiné à être utilisé sur les personnes de moins de 16 ans. Les tatouages temporaires noirs à base de henné peuvent augmenter le risque d'allergie. Ne vous décolorez pas mes cheveux si vous présentez une éruption cutanée sur le visage ou si : votre cuir chevelu est sensible, irrité ou abîmé, vous avez fait déjà fait une réaction après avoir décoloré/coloré vos cheveux. Contient de l'eau oxygénée. Eviter le contact avec les yeux. Rincer immédiatement les yeux si le produit entre en contact avec ceux-ci. Ne pas utiliser pour teindre les cils ou les sourcils. Bien rincer les cheveux après application. Porter des gants appropriés. Effectuez un test d'allergie 48h avant toute décoloration/coloration même si vous avez déjà utilisé des produits de décoloration/coloration auparavant. Pensez donc à acheter le produit 48h à l'avance. En cas de précédente réaction à un produit de décoloration/coloration ou en cas de doute, consultez un médecin avant d'utiliser tout produit décolorant/colorant. Garder hors de la portée des enfants., Crème décolorante : aqua, cetearyl alcohol, sodium laureth sulfate, ammonium hydroxide, coconut alcohol, quaternium-87, helianthus annuus seed oil, propylene glycol, ammonium sulfate, parfum, ceteareth-20, sodium silicate, etidronic acid, linalool, citronellol, hexyl salicylate, hydrogen peroxide, limonene. Gel révélateur : aqua, hydrogen peroxide, propylene glycol, xanthan gum, etidronic acid, sodium hydroxide, 2,6-dicarboxypyridine, disodium pyrophoshate. Poudre décolorante : potassium persulfate, silica, potassium sulfate. Masque soin : aqua, cetearyl alcohol, behentrimonium chloride, dimethicone, paraffinum liquidum, guar hydroxypropyltrimonium chloride, ceteareth-20, phenoxyethanol, cetrimonium chloride, isopropyl alcohol, parfum, potassium phosphate, prunus armeniaca kernel oil, dimethiconol, niacinamide, panthenol, benzophenone-4, methylparaben, carbomer, potassium hydroxide, citronellol, butylphenyl methylpropional, coumarin, limonene, cyclomethicone, benzyl alcohol, hydrolyzedkeratin, acid violet 43, hc blue N°12.]|"
16,22€ / Pce"|"
16,22 €"
3065|Noir 200, Coloration permanente|La boîte de 92,5ml|[Origine : ALLEMAGNE, La première coloration mousse permanente de Schwarzkopf sans ammoniaque particulièrement simple et douce. Une couleur douce et lumineuse. Application simple et agréable.Soin réparateur pour des cheveux forts et souples., Mélangez le gel colorant à l'émulsion en retournant le flacon vers le bas une seule fois, puis, actionnez la pompe et recueillez la mousse dans vos mains. Répartissez la mousse tout simplement sur cheveux secs. L'application à l'arrière de la tête etsur les tempes est très facile, la texture mousse ne coule pas. Enfin, massez la mousse dans vos cheveux, aussi facilement que lors d'un shampooing. Utilisez la totalité du mélange pour une couleur riche et éclatante de beauté. Attention : contientde l'eau oxygénée, des diaminotoluènes et de la résorcine. Peut provoquer une réaction allergique. Eviter le contact du produit avec les yeux. Rincer immédiatement les yeux si le produit entre en contact avec ceux-ci. Ne pas employer pour la coloration des cils et des sourcils. Bien rincer les cheveux après application. Porter des gants appropriés. Garder hors de la portée des enfants. Se conformer à la notice. Les colorants pour cheveux peuvent provoquer des réactions allergiques qui peuvent être graves dans de rares cas. Les tatouages peuvent accroître le risque d'allergie à ce produit. Effectuez un test de sensibilité de la peau 48 heures avant l'utilisation de cette coloration, même si vous avez déjà utilisé des produits de coloration avant. Ainsi il est préférable d'acheter le produit 48 heures à l'avance. A ne pas utiliser si : vous avez déjà eu une réaction à des produits de coloration,  votre cuir chevelu est sensible, irrité ou s'il présente des lésions. Dans ces cas-là, consu, Gel colorant : aqua, coco-glucoside, coco-betaine, ethanolamine, toluene-2,5-diamine sulfate, peg-60 hydrogenated castor oil, sodium chloride, polyquaternium-22, resorcinol, plankton extract, serine, m-aminophenol, 1,3-bis-(2,4-diaminophenoxy) propane HCl, sodium sulfite, tetrasodium edta, ascorbic acid, parfum. Emulsion révélatrice : aqua, hydrogen peroxide, etidronic acid, acrylates copolymer, sodium laureth sulfate, sodium hydroxide, 2,6-dicarboxypyridine, disodium pyrophosphate. Baume soin réparateur : aqua, cetearyl alcohol, behentrimonium chloride, glycol distearate, dimethicone, distearoylethyl hydroxyethylmonium methosulfate, panthenol, hydrolyzed soy protein, vanilla planifolia fruit extract, dicaprylyl carbonate, isopropyl alcohol, phenoxyethanol, propylene glycol, methylparaben, polyquaternium-37, parfum, propylene glycol, dicaprylate/dicaprate, butylphenyl methylpropional, hexyl cinnamal, ppg-1 trideceth-6, linalool, citric acid, geraniol, citronellol.]|"
10,04€ / Pce"|"
10,04 €"
3066|Noir bleuté 891, crème colorante intensive permanente|La boîte de 142,5ml|[Origine : AUTRICHE, Développée par les Professionnels Schwarzkopf, la formule Color Protect de Brillance vous offre des couleurs ultra intenses et brillantes, qui gardent leur éclat encore plus longtemps.Aussi fascinantes, durables et brillantes qu'un diamant., La praticité d'utilisation : tous les produits Schwarzkopf ont été conçus pour être utilisés facilement à domicile. Attention : contient de l'eau oxygénée, des diaminotoluènes et de la résorcine. Peut provoquer une réaction allergique. Eviter le contact du produit avec les yeux. Rincer immédiatement les yeux si le produit entre en contact avec ceux-ci. Ne pas employer pour la coloration des cils et des sourcils. Bien rincer les cheveux après application. Porter des gants appropriés. Garder horsde la portée des enfants. Se conformer à la notice. Les colorants pour cheveux peuvent provoquer des réactions allergiques qui peuvent être graves dans de rares cas. Les tatouages peuvent accroître le risque d'allergie à ce produit. Effectuez un testde sensibilité de la peau 48 heures avant l'utilisation de cette coloration, même si vous avez déjà utilisé des produits de coloration avant. Ainsi il est préférable d'acheter le produit 48 heures à l'avance. A ne pas utiliser si vous avez déjà eu une réaction à des produits de coloration, votre cuir chevelu est sensible, irrité ou s'il présente des lésions. Dans ces cas-là, consultez un médecin avant d'utiliser tout produit colorant. Lisez et suivez attentivement les instructions dans le moded'emploi du produit. Ce produit n'est pas destiné à être utilisé sur des enfants., Crème colorante : aqua, cetearyl alcohol, ammonium hydroxide, coconut alcohol, isostearic acid, sodium laureth sulfate, sodium lauryl glucose carboxylate, lauryl glucoside, potassium hydroxide, myristic acid, sodium sulfite, ceteareth-12, ceteareth-20, ascorbic acid, sodium silicate, etidronic acid, parfum, linalool, citronellol, sorbic acid (+/- toluène-2.5-diamine sulfate, resorcinol, 4-amino-m-cresol, m-aminophenol, 1-naphtol, 1,3-bis-(2,4-diaminophenoxy) propane hcl, 2-methylresorcinol, 4-amino-2-hydroxytoluene, hydroxyethyl-2-nitro-p-toluidine, 2-amino-3-hydroxypyridine, 4-chlororesorcinol, 2-amino-6-chloro-4-nitrophenol, 2,7-naphthalene diol, 6-methoxy-2-methylamino-3-aminopyridine hcl, 1-hydroxyethyl 4,5-diamino pyrazole sulfate, 3-amino-2,4-dichlorophenol hcl, tetraaminopyrimidine sulfate, 2,2'-methylenebis-4-aminophenol hcl, phenyl methyl pyrazolone, 5-amino-6-chloro-o-cresol, 2,6-dihydroxy-3,4-dimethylpyridine, 2-amino-4-hydroxyethylaminoanisole sulfate, 4-amino-2-nitrodiphenylamine-2'-carboxylic acid, 1,5-naphthalenediol, 2,4-diaminophenoxyethanol hcl). Emulsion révélatrice : aqua, hydrogen peroxide, acrylates copolymer, etidronic acid, sodium laureth sulfate, 2,6-dicarboxypyridine, disodium pyrophosphate, dimethicone.Soin color-éclat : aqua, cetearyl alcohol, quaternium-87, propylene glycol, sodium pca, polyquaternium-37, isopropyl myristate, panthenol, propylene glycol, dicaprylate/dicaprate, distearoylethyl hydroxyethylmonium methosulfate, stearamidopropyl dimethylamine, prunus armeniaca, ceteareth-20, glyceryl stearate, ppg-1 trideceth-6, citric acid, parfum, benzyl salicylate, linalool, hexyl cinnamal, phenoxyethanol, sodium methylparaben.]|"
9,57€ / Pce"|"
9,57 €"
3067|Noisette 668, coloration permanente|La boîte de 92,5ml|[Origine : ALLEMAGNE]|"
10,04€ / Pce"|"
10,04 €"
3068|Rouge brocart 845, crème colorante intensive permanente|La boîte de 142,5ml|[Origine : AUTRICHE, La qualité professionnelle à domicile : experts du cheveu depuis plus de 100 ans, les professionnels Schwarzkopf mettent toute leur expertise à votre service, pour que vous puissiez utiliser chez vous des colorations de qualité professionnelle. La performance couleur : les colorations Schwarzkopf sont formulées à partir de pigments de haute qualité qui rendent votre couleur naturelle, intense et très longue durée. Le respect du cheveu : les colorations Schwarzkopf sont particulièrement douces etcontiennent des ingrédients de soin actifs qui protègent votre fibre capillaire pour des cheveux souples et soyeux., La praticité d'utilisation : tous les produits Schwarzkopf ont été conçus pour être utilisés facilement à domicile.  Attention : contient de l'eau oxygénée. Peut provoquer une réaction allergique. Eviter le contact du produit avec les yeux. Rincer immédiatement les yeux si le produit entre en contact avec ceux-ci. Ne pas employer pour la coloration des cils et des sourcils. Bien rincer les cheveux après application. Porter des gants appropriés. Garder hors de la portée des enfants. Se conformerà la notice. Les colorants pour cheveux peuvent provoquer des réactions allergiques qui peuvent être graves dans de rares cas. Les tatouages peuvent accroître le risque d'allergie à ce produit. Effectuez un test de sensibilité de la peau 48 heures avant l'utilisation de cette coloration, même si vous avez déjà utilisé des produits de coloration avant. Ainsi il est préférable d'acheter le produit 48 heures à l'avance. A ne pas utiliser si vous avez déjà eu une réaction à des produits de coloration. Votre cuir chevelu est sensible, irrité ou s'il présente des lésions. Dans ces cas-là, consultez un médecin avant d'utiliser tout produit colorant. Lisez et suivez attentivement les instructions dans le mode d'emploi du produit. Ce produit n'est pas destiné à être utilisé sur des enfants., Crème colorante : aqua, cetearyl alcohol, ammonium hydroxide, coconut alcohol, isostearic acid, sodium laureth sulfate, propylene glycol, sodium lauryl glucose carboxylate, lauryl glucoside, potassium hydroxide, myristic acid, sodium sulfite, ceteareth-12, ceteareth-20, ammonium sulfate, ascorbic acid, sodium silicate, etidronic acid, parfum, linalool, citronellol, sorbic acid (+/- toluene-2.5-diamine sulfate, resorcinol, 4-amino-m-cresol, m-aminophenol, 1-naphthol, 1.3-bis-(2.4-diaminophenoxy)propane hcl, 2-methylresorcinol, 4-amino-2-hydroxytoluene, hydroxyethyl-2-nitro-p-toluidine, 2-amino-3-hydroxypyridine, 4-chlororesorcinol, 2-amino-6-chloro-4- nitrophenol, 2.7-naphthalenediol, 6-methoxy-2-methylamino-3-aminopyridine hcl, 1-hydroxyethyl 4.5-diamino pyrazole sulfate, 3-amino-2.4-dichlorophenol hcl, tetraaminopyrimidine sulfate, 2.2'-methylenebis-4-aminophenol hcl, phenyl methyl pyrazolone, 5-amino-6-chloro-o-cresol, 2.6-dihydroxy-3.4-dimethylpyridine, 2-amino-4-hydroxyethylaminoanisole sulfate, 4-amino-2-nitrodiphenylamine-2'-carboxylic acid, 1.5-naphthalenediol, 2.4-diaminophenoxyethanol hcl). Emulsion révélatrice : aqua, hydrogen peroxide, acrylates copolymer, etidronic acid, sodium laureth sulfate, 2.6-dicarboxypyridine,disodium pyrophosphate, dimethicone. Soin color-éclat : aqua, cetearyl alcohol, quaternium-87, propylene glycol, sodium pca, 1 polyquaternium-37, isopropyl myristate, panthenol, propylene glycol dicaprylate/dicaprate, distearoylethyl hydroxyethylmonium metho sulfate, stearamidopropyl dimethylamine, prunus armeniaca, ceteareth-20, glyceryl stearate, ppg-1trideceth-6, citric acid,  parfum, benzyl salicylate, linalool, hexyl cinnamal, phenoxyethanol, sodium methylparaben.]|"
9,98€ / Pce"|"
9,98 €"
3069|Violine soie 859, Crème colorante intensive|La boîte de 142ml|[Origine : AUTRICHE, Même après plusieurs semaines, la couleur est toujours intense et brillante, comme un diamant 10 carats. Sa formule Eclat Diamant lisse intensément la surface des cheveux et fixe les pigments à l'intérieur du cheveu, pour une couleur brillante et éclatante pendant très longtemps. La nuance 859 couvre jusqu'à 30% de cheveux blancs., Eviter le contact du produit avec les yeux. Rincer immédiatement les yeux si le produit entre en contact avec ceux-ci. Ne pas employer pour la coloration des cils et des sourcils. Bien rincer les cheveux après application. Porter des gants appropriés. Garder hors de la portée des enfants. Se conformer à la notice. Les colorants pour cheveux peuvent provoquer des réactions allergiques qui peuvent être graves dans de rares cas. Les tatouages peuvent accroître le risque d'allergie à ce produit. Effectuez un test de sensibilité de la peau 48 heures avant l'utilisation de cette coloration, même si vous avez déjà utilisé des produits de coloration avant. Ainsi, il est préférable d'acheter le produit 48 heures à l'avance. A ne pas utiliser si : -vous avez déjà eu une réaction à des produits de coloration, - votre cuir chevelu est sensible, irrité ou s'il présente des lésions. Dans ce cas là, consultez un médecin avant d'utiliser tout produit colorant. Lisez et suivre attentivement les instructions dans le mode d'emploi du produit. Ce produit n'est pas destiné à être utilisé sur des enfants., Crème colorante : aqua, cetearyl alcohol, coconut alcohol, sodium laureth sulfate, ammonium hydroxide, isostearic acid, propylène glycol, 1-hydroxyethyl 4,5-diamino pyrazole sulfate, sodium lauryl glucose carboxylate, lauryl glucoside, potassium hydroxide, myristic acid, sodium sulfite, 1-naphthol, ammonium sulfate, ascorbic acid, parfum, ceteareth-12, ceteareth-20, 6-methoxy-2-methylamino-3-aminopyridine HCI, acrylamidopropyltrimonium chloride/acrylates copolymer, sodium chloride, sodium silicate, etidronic acid, linalool, 4-amino-2-hydroxytoluene, citronellol, sorbic acid. - Emulsion révélatrice : aqua, hydrogen peroxide, acrylates copolymer, etidronic acid, sodium laureth sulfate, 2,6-dicarboxypyridine, disodium pyrophosphate, dimethicone. - Soin color-éclat : aqua, cetearyl alcohol, quaternium-87, propylène glycol, isopropyl myristate, distearoylethyl hydroxyethylmonium methosulfate, sodium PCA, citric acid, phenoxyethanol, stearamidopropyl dimethylamine, polyquaternium-37, ceteareth-20, glyceryl stearate, sodium methylparaben, prunus armeniaca kernel oil, parfum, panthenol, propylène glycol dicaprylate/dicaprate, PPG-1 trideceth-6, benzyl salicylate, hexyl cinnamal, linalool.]|"
10,19€ / Pce"|"
10,19 €"
3070|11.0 Super blond naturel, Couleur permanente|La boîte de 110ml|[Origine : POLOGNE, Eclaircit votre blond jusqu'à 4 tons. Blond lumineux longue tenue. Application pinceau. Dans mes salons je vous fais une couleur sublime sur-mesure. Retrouvez maintenant ma nouvelle coloration, approuvée dans mon centre technique : des nuances subtiles faciles à porter, à appliquer au pinceau pour un résultat couleur professionnel, chez vous., Ma nuance 11.0 Super Blond Naturel est particulièrement adaptée aux cheveux blands et sera le choix parfait pour retrouver la couleur de l'enfance. Vous mélangez le lait et la crème colorante dans un bol non métallique, en toute simplicité. Mon bon dosage de pigment assure une couleur infaillible. Vous déposez le mélange d'abord sur les racines à l'aide du pinceau. Vous l'allongez ensuite sur les longueurs de toute la chevelure. Sans couler, le mélange enrobe parfaitement le cheveu des racines aux pointes. La couleur prend sur toute la longueur. Les colorants capillaires peuvent provoquer des réactions allergiques sévères. Lire et suivre les instructions. Ce produit n'est pas destiné à être utilisé sur les personnes de moins de seize ans. Les tatouages temporaires noirs à base de henné peuvent augmenter le risque d'allergie. Ne vous colorez pas les cheveux si : vous présentez une éruption cutanée sur le visage ou si votre cuir chevelu est sensible, irrite ou abîme, vous avez déjà faitune réaction après avoir coloré vos cheveux, vous avez fait par le passé une réaction à un tatouage temporaire noir à base de henné, il est obligatoire de faire un test d'allergie cutanée impérativement 48 heures avant chaque utilisation de ce produit (se conformer à la notice). Penser à acheter votre produit à l'avance pour faire le test d'allergie cutanée 48 heures avant. Le révélateur contient de l'eau oxygénée. Le produit colorant contient : des diaminobenzènes, des phénylènediamines (toluèn, Crème colorante : aqua/water, cetearyl alcohol, propylene glycol, deceth-3, laureth-12, ammonium hydroxide, oleth-30, lauric acid, hexadimethrine chloride, glycol distearate, polyquaternium-6, ethanolamine, silica dimethyl silylate, Cl77891/titaniumdioxide, 2,4-diaminophenoxyethanol HCl, p-aminophenol, ascorbic acid, sodium metabisulfite, olea europaea oil/olive fruit oil, thioglycerin, toluene-2,5-diamine, dimethicone, pentasodium pentetate, carbomer, resorcinol, parfum/fragrance (FIL C51994/1). Lait révélateur : aqua/water, hydrogen peroxide, cetearyl alcohol, sodium stannate, trideceth-2 carboxamide mea, pentasodium pentetate, phosphoric acid, ceteareth-25, tetrasodium pyrophosphate, glycerin (FIL C12793/21). Soin embellisseur : aqua/water, cetearyl alcohol, elaeis guineensis oil/palm oil, behentrimonium chloride, stearamidopropyl dimethylamine, glycerin, euterpe oleracea fruit extract, methylparaben, limonene, chlorhexidine dihydrochloride, isopropyl alcohol, citric acid, hexyl cinnamal, parfum/fragrance (FIL C47360/1)., 18 mois après ouverture.]|"
7,30€ / Pce"|"
7,30 €"
3071|3.3 Châtain foncé ensoleillé, Couleur permanente|La boîte de 110ml|[Origine : FRANCE, Couvre 100% des cheveux blancs. Ne vire pas à l'orange, reflets visibles. Application pinceau. Dans mes salons je vous fais une couleur sublime sur-mesure. Retrouvez maintenant ma nouvelle coloration, approuvée dans mon centre technique : des nuancessubtiles faciles à porter, à appliquer au pinceau pour un résultat couleur professionnel, chez vous., Idéal cheveux foncés. Vous mélangez le lait et la crème colorante dans un bol non métallique, en toute simplicité. Mon bon dosage de pigment assure une couleur infaillible. Vous déposez le mélange d'abord sur les racines à l'aide du pinceau. Vous l'allongez ensuite sur les longueurs de toute la chevelure. Sans couler, le mélange enrobe parfaitement le cheveu des racines aux pointes. La couleur prend sur toute la longueur et couvre 100% des cheveux blanc. Les colorants capillaires peuvent provoquer des réactions allergiques sévères. Lire et suivre les instructions. Ce produit n'est pas destiné à être utilisé sur les personnes de moins de seize ans. Les tatouages temporaires noirs à base de henné peuvent augmenter le risque d'allergie. Ne vous colorez pas les cheveux si : vous présentez une éruption cutanée sur le visage ou si votre cuir chevelu est sensible, irrite ou abîme, vous avez déjà fait une réaction après avoir coloré vos cheveux, vous avez fait par le passé une réaction à un tatouage temporaire noir à base de henné, il est obligatoire de faire un test d'allergie cutanée impérativement 48 heures avant chaque utilisation de ce produit (se conformer à la notice). Penser à acheter votre produit à l'avance pour faire le test d'allergie cutanée 48 heures avant. Le révélateur contient de l'eau oxygénée. Le produit colorant contient : des diaminobenzènes, des phénylènediamines (toluènediamines), de la résorcine, de l'ammoniaque. Eviter le contact du produit avec les yeux, ne, Crème colorante : aqua/water, cetearyl alcohol, deceth-3, propylene glycol, laureth-12, ammonium hydroxide, oleth-30, lauric acid, hexadimethrine chloride, glycol distearate, toluene-2.5-diamine, resorcinol, polyquaternium-6, ethanolamine, silica dimethyl, silylate, Cl77891/titanium dioxide, 2,4-diaminophenoxyethanol HCl, p-aminophenol, m-aminophenol, ascorbic acid, sodium metabisulfite, hydroxybenzomorpholine, olea europaea oil/olive fruit oil, 6-hydroxyindole, thioglycerin, 2-ethylresorcinol,dimethicone, pentasodium pentetate, n,n-bis(2-hydboxyethyl)-p-phenylenediamine sulfate, carbomer, parfum/fragrance (FIL C51993/1). Lait révélateur : aqua/water, hydrogen peroxide, cetearyl alcohol, sodium stannate, trideceth-2 carboxamide mea, pentasodium pentetate, phosphoric acid, ceteareth-25, tetrasodium pyrophosphate, glycerin (FIL C13169/25). Soin embellisseur : aqua/water, cetearyl alcohol, elaeis guineensis oil/palm oil, behentrimonium chloride, stearamidopropyl dimethylamine, glycerin,euterpe oleracea fruit extract, methylparaben, limonene, chlorhexidine dihydrochloride, isopropyl alcohol, citric acid, hexyl cinnamal, parfum/fragrance (FIL C47360/1)., 18 mois après ouverture.]|"
7,30€ / Pce"|"
7,30 €"
3072|4.15 châtain marron glacé, Couleur sans ammoniaque à l'éponge|La boîte de 170ml|[Origine : FRANCE, 1126303 - CR\ME COLORANTE : / KLEURCR\ME: AQUA/WATER, CETEARYL ALCOHOL, PROPYLENE GLYCOL, DECETH-3, LAURETH-12, ETHANOLAMINE, OLETH-30, LAURIC ACID, POLYQUATERNIUM-6, GLYCOL DISTEARATE, HEXADIMETHRINE CHLORIDE, SILICA DIMETHYL SILYLATE ÝNANO~/SILICADIMETHYL SILYLATE CI 77891 / TITANIUM DIOXIDE, 2,4-DI AMINOPHENOXYETHANOL HC I , p-AMI NOPHENOL, 2-AMINO-3-HYDROXYPYRIDINE, ASCORBIC ACID, MICA, SODIUM METABISULFITE, THIOLACTIC ACID, THIOGLYCERIN, TOLUENE-2,5-DIAMINE, 2-METHYLRESORCINOL, 2-METHYL-5-HYDROXYETHYLAMINOPHENOL, PENTASODUIM PENTETATE, CARBOMER, RESORCINOL, PARFUM/FRAGRANCE (F.I.L C163772/2) 437046 - LAIT RñVñLATEUR : / ONTWIKKELCR\ME: AQUA/WATER, HYDROGEN PEROXIDE, CETEARYL ALCOHOL, SODIUM STANNATE, TRIDECETH-2 CARBOXAMIDE MEA, PENTASODIUM PENTETATE, PHOSPHORIC ACID, CETEARETH-25, TETRASODIUM PYROPHOSPHATE, GLYCERIN.(F.I.L C11321/9). 1068316 B - SOIN EMBELLISSEUR : / VERZORGENDE NABEHANDLING: AQUA / WATER, CETEARYL ALCOHOL, ELAEIS GUINEENSIS OIL / PALM OIL, BEHENTRIMONIUM CHLORIDE, STEARAMIDOPROPYL DIMETHYLAMINE, GLYCERIN, EUTERPE OLERACEA FRUIT EXTRACT, METHYLPARABEN, LIMONENE, CHLORHEXIDINE DIHYDROCHLORIDE, ISOPROPYL ALCOHOL, CITRIC ACID, HEXYL CINNAMAL, PARFUM / FRAGRANCE (F.I.L C47360/1).]|"
7,51€ / Pce"|"
7,51 €"
3073|5.35 châtain doré chocolat|La boîte de 170ml|[Origine : FRANCE, 1126304 - CR\ME COLORANTE : / KLEURCR\ME: AQUA / WATER, CETEARYL ALCOHOL, DECETH-3, PROPYLENE GLYCOL, LAURETH-12, ETHANOLAMINE, OLETH-30, LAURIC ACID, POLYQUATERNIUM-6, GLYCOL DISTEARATE, SODIUM METASILICATE, HEXADIMETHRINE CHLORIDE, SILICA DIMETHYLSILYLATE ÝNANO~ / SILICA DIMETHYL SILYLATE, CI 77891 / TITANIUM DIOXIDE, p-AMINOPHENOL, m-AMINOPHENOL, ASCORBIC ACID, MICA, SODIUM METABISULFITE, THIOLACTIC ACID, THIOGLYCERIN, TOLUENE-2,5-DIAMINE, 2-METHYL-5-HYDROXYETHYLAMINOPHENOL, 2-METHYLRESORCINOL, PENTASODIUM PENTETATE, CARBOMER, RESORCINOL, PARFUM / FRAGRANCE. (F.I.L C163773/2). 437046 - LAIT RñVñLATEUR : / ONTWIKKELCR\ME: AQUA/WATER, HYDROGEN PEROXIDE, CETEARYL ALCOHOL, SODIUM STANNATE, TRIDECETH-2 CARBOXAMIDE MEA, PENTASODIUM PENTETATE,PHOSPHORIC ACID, CETEARETH-25, TETRASODIUM PYROPHOSPHATE, GLYCERIN.(F.I.L C11321/9). 1068316 B - SOIN EMBELLISSEUR : / VERZORGENDE NABEHANDLING: AQUA / WATER, CETEARYL ALCOHOL, ELAEIS GUINEENSIS OIL / PALM OIL, BEHENTRIMONIUM CHLORIDE, STEARAMIDOPROPYL DIMETHYLAMINE, GLYCERIN, EUTERPE OLERACEA FRUIT EXTRACT, METHYLPARABEN, LIMONENE, CHLORHEXIDINE DIHYDROCHLORIDE, ISOPROPYL ALCOHOL, CITRIC ACID, HEXYL CINNAMAL, PARFUM / FRAGRANCE (F.I.L C47360/1).]|"
7,51€ / Pce"|"
7,51 €"
3074|5.50 Acajou intense lumière, Couleur sans ammoniaque à l'éponge|La boîte de 170ml|[Origine : FRANCE, 1126305 - CR\ME COLORANTE : / KLEURCR\ME: AQUA/WATER, CETEARYL ALCOHOL, DECETH-3, PROPYLENE GLYCOL, LAURETH-12, ETHANOLAMINE, OLETH-30, LAURIC ACID, POLYQUATERNIUM-6, GLYCOL DISTEARATE, SODIUM METASILICATE, 4-AMINO-2-HYDROXYTOLUENE, HEXADIMETHRINE CHLORIDE, SILICA DIMETHYL SILYLATE ÝNANO~ / SILICA DIMETHYL SILYLATE, CI 77891/ TITANIUM DIOXIDE, p-AMINOPHENOL, ASCORBIC ACID, MICA, SODIUM METABISULFITE, THIOLACTIC ACID, THIOGLYCERIN, TOLUENE-2,5-DIAMINE, 2-METHYL-5-HYDROXYETHYLAMINOPHENOL, PENTASODIUM PENTETATE, CARBOMER, RESORCINOL, PARFUM/FRAGRANCE (F.I.L C163774/2) 437046 - LAIT RñVñLATEUR : / ONTWIKKELCR\ME: AQUA/WATER, HYDROGEN PEROXIDE, CETEARYL ALCOHOL, SODIUM STANNATE, TRIDECETH-2 CARBOXAMIDE MEA, PENTASODIUM PENTETATE, PHOSPHORIC ACID, CETEARETH-25, TETRASODIUM PYROPHOSPHATE, GLYCERIN.(F.I.L C11321/9). 1068316 B - SOIN EMBELLISSEUR : / VERZORGENDE NABEHANDLING: AQUA / WATER, CETEARYL ALCOHOL, ELAEIS GUINEENSIS OIL / PALM OIL, BEHENTRIMONIUM CHLORIDE, STEARAMIDOPROPYL DIMETHYLAMINE, GLYCERIN, EUTERPE OLERACEA FRUIT EXTRACT, METHYLPARABEN, LIMONENE, CHLORHEXIDINE DIHYDROCHLORIDE, ISOPROPYL ALCOHOL, CITRIC ACID, HEXYL CINNAMAL, PARFUM / FRAGRANCE (F.I.L C47360/1).]|"
7,30€ / Pce"|"
7,30 €"
3075|8.0 mon blond lumineux, Couleur permanante|La boîte de 170ml|[Origine : FRANCE, Couvre 100% des cheveux blancs. Couleur et brillance longue tenue. Application pinceau.Ma nuance 8.0 Blond Lumineux est particulièrement adaptée aux cheveux blonds à châtains clairs et sera le choix parfait pour raviver l'éclat de votre teint. Préparation et application faciles chez vous., Vous mélangez le lait et la crème colorante dans un bol non métallique, en toute simplicité. Mon bon dosage de pigments assure une couleur infaillible. Vous déposer le mélange d'abord sur les racines à l'aide du pinceau. Vous l'allongez ensuite sur les longueurs de toute la chevelure. Sans couler, le mélange enrobe parfaitement le cheveu des racines aux pointes. Le résultat couleur dépend de votre couleur naturelle. Les colorants capillaires peuvent provoquer des réactions allergiques sévères. Lire et suivre les instructions. Ce produit n'est destiné à être utilisé sur les personnes de moins de seize ans. Les temporaires noirs à base de henné peuvent augmenter le risque dallergie. Ne vous colorez pas les cheveux si : vous présentez une éruption cutanée sur le visage ou si votre cuir chevelu est sensible, irrité ou abîmé, vous avez déjà fait une réaction après avoir coloré vos cheveux,  vous avez fait par le passé une réaction à un tatouage temporaire noir à base de henné. Il est obligatoire de faire un test d'allergie cutanée heures avant chaque utilisation de ce produit. Penser à acheter votre produit à l'avance pour faire le teste dallergie cutanée 48 heures avant. Le révélateur contient de l'eau oxygénée. Le produit colorantcontient : des phenylenediamines (toluène diamines), de la résorcine, de l'ammoniaque. Eviter le contact du produit avec les yeux, ne pas employer pour la coloration des cils et des sourcils. Ne pas suivre cette consigne peut entraîner la cécité. Rin, Crème colorante : aqua/water, cetearyl alcohol, propylene glycol, deceth-3, laureth-12, ammonium hydroxide, oleth-30, lauric acid, hexadimethrine chloride, glycol distearate, polyquaternium-6, ethanolamine, silica dimethyl silylate, Cl 77891/titaniumdioxide, m-aminophenol, ascorbic acid, sodium metabisulfite, olea europaea oil/olive fruit oil, thioglycerin, toluene-2,5-diamine, dimethicone, pentasodium pentetate, carbomer, resorcinol, parfum/fragrance (F.I.L. C45663/3). Lait révélateur :  aqua/water, hydrogen peroxide, cetearyl alcohol, sodium stannate, trideceth-2 carboxamide mea, pentasodium pentetate, phosphoric acid, ceteareth-25, tetrasodium pyrophosphate, glycerin (F.I.L. C13169/25). Soin embellisseur : aqua/water, cetearyl alcohol,elaeis guineensis oil/palm oil, behentrimonium chloride, stearamidopropyl dimethylamine, glycerin, euterpe oleracea fruit extract, methylparaben, limonene, chlorhexidine dihydrochloride, isopropyl alcohol, citric acid, hexyl cinnamal, parfum/fragrance (F.I.L. C47360/1)., 18 mois après ouverture.]|"
7,30€ / Pce"|"
7,30 €"
3076|Bol pour couleur|L'unité|[Origine : FRANCE, Bol rose.]|"
2,56€ / Pce"|"
2,56 €"
3077|Couleur permanente, 2.1 noir bleuté|La boîte de 170ml|[Origine : FRANCE, Ma nuance 2.1 Noir Bleuté est particulièrement adaptée aux cheveux châtains foncés à bruns et sera le choix parfait pour électriser votre noir. Couvre 100% des cheveux blancs. Ne vire pas à l'orange, reflets visibles. Application pinceau., Temps de pause : 25 minutes. Texture : crème onctueuse. Vous mélangez le lait et la crème colorante dans un bol non métallique, en toute simplicité. Mon bon dosage de pigments assure une couleur infaillible. Vous déposez le mélange d'abord sur les racines à l'aide du pinceau. Vous l'allongez ensuite sur les longueurs de toute la chevelure. Sans couler, le mélange enrobe parfaitement le cheveu des racines aux pointes. La couleur prend sur toute la longueur et couvre 100% des cheveux blancs. Les colorants capillaires peuvent provoquer des réactions allergiques sévères. Lire et suivre les instructions. Ce produit n'est pas destiné à être utilisé sur les personnes de moins de seize ans. Les tatouages temporaires noirs à base de henné peuvent augmenter le risque d'allergie. Ne vous colorez pas les cheveux si : vous présentez une éruption cutanée sur le visage ou si votre cuir chevelu est sensible, irrité ou abîmé, vous avez déjà fait une réaction après avoir coloré vos cheveux, vous avez fait par le passé une réaction à un tatouage temporaire noir à base de henné. Il est obligatoire de faire un test d'allergie cutanée impérativement 48 heures avant chaque utilisation de ce produit (se conformer à la notice). Penser à acheter votre produit à l'avance pour faire le test d'allergie cutanée 48 heures avant. Le révélateur contient de l'eau oxygénée. Le produit colorant contient : des phénylènediamines (toluènediamines), de la résorcine, de l'ammoniaque. Eviter le contact du produit ave, Crème colorante : aqua/water, cetearyl alcohol, propylene glycol, deceth-3, laureth-12, ammonium hydroxide, oleth-30, lauric acid, hexadimethrine chloride, glycol distearate, polyquaternium-6, 2,4-diaminophenoxyethanol hci, ethanolamine, silica dimethyl, silylate, Cl 77891/titanium dioxide, ascorbic acid, sodium, metabisulfite, olea europaea oil/olive fruit oil, thioglycerin, toluene-2,5-diamine, dimethicone, pentasodium pentetate, n,n-bis(2-hydroxyethyl)-p-, phenylenediamine sulfate, carbomer,resorcinol, parfum/fragrance (FIL C51991/1). Lait révélateur : aqua/water, hydrogen peroxide, cetearyl alcohol, sodium stannate, trideceth-2 carboxamide mea, pentasodium pentetate, phosphoric acid, ceteareth-25, tetrasodium pyrophosphate, glycerin (FIL C13169/25). Soin embellisseur : aqua/water, cetearyl alcohol, elaeis guineensis oil/palm oil, behentrimonium chloride, stearamidopropyl dimethylamine, glycerin, euterpe oleracea fruit extract, methylparaben, limonene, chlorhexidine dihydrochloride, isopropyl alcohol, citric acid, hexyl cinnamal, parfum/fragrance (FIL C47360/1)., 18 mois après ouverture.]|"
7,41€ / Pce"|"
7,41 €"
3078|Couleur permanente, Blond foncé illuminé 6.0|L'étui|[Origine : FRANCE]|"
7,30€ / Pce"|"
7,30 €"
3079|Couleur permanente, Blond très très clair nacré 10.23|L'étui|[Origine : FRANCE]|"
7,30€ / Pce"|"
7,30 €"
3080|Couleur permanente, Châtain doré 4.3|L'étui|[Origine : FRANCE]|"
7,30€ / Pce"|"
7,30 €"
3081|Couleur permanente, Châtain éblouissant 5.0|L'étui|[Origine : FRANCE]|"
7,30€ / Pce"|"
7,30 €"
3082|Couleur permanente, Châtain flamboyant 4.0|L'étui|[Origine : FRANCE]|"
7,51€ / Pce"|"
7,51 €"
3083|Couleur permanente, Châtain foncé 3.0|L'étui|[Origine : FRANCE]|"
7,51€ / Pce"|"
7,51 €"
3084|Couleur permanente, Noir ébène 1.0|L'étui|[Origine : FRANCE, Ma nuance 1.0 Noir Ebène est particulièrement adaptée aux cheveux châtains clairs à bruns et sera le choix parfait pour donner du caractère.'Dans mes salons je vous fais une couleur sublime et sur-mesure. Retrouvez maintenant ma nouvelle coloration,approuvée dans mon centre technique : des nuances subtiles et faciles à porter, à appliquer au pinceau pour un résultat couleur professionnel, chez vous'.  Franck Provost., Vous mélangez le lait et la crème colorante dans un bol non métallique, en toute simplicité. Mon bon dosage de pigments assure une couleur infaillible. Vous déposez le mélange d'abord sur les racines à l'aide du pinceau. Vous l'allongez ensuite sur les longueurs de toute la chevelure. Sans couler, le mélange enrobe parfaitement le cheveu des racines aux pointes. La couleur prend sur toute la longueur et couvre 100% des cheveux blancs. Les colorants capillaires peuvent provoquer des réactions allergiques sévères. Lire et suivre les instructions. Ce produit n'est pas destiné à être utilisé sur les personnes de moins de seize ans. Les tatouages temporaires noirs à base de henné peuvent augmenter le risque d'allergie. Ne vous colorez pas les cheveux si : vous présentez une éruption cutanée sur le visage ou si votre cuir chevelu est sensible, irrité ou abîmé, vous avez déjà fait une réaction après avoir coloré vos cheveux, vous avez fait par le passé une réaction à un tatouage temporaire noir à base de henné. Il est obligatoire de faire un test d'allergie cutanée impérativement 48 heures avant chaque utilisation de ce produit (se conformer à la notice). Penser à acheter votre produit à lavance pour faire le test dallergie cutanée 48heures avant. Le révélateur contient de l'eau oxygénée. Le produit colorant contient : des phénylènediamines (toluènediamines), de la résorcine, de l'ammoniaque. Eviter le contact du produit avec les yeux, ne pas employer pour la coloration des cils, Crème colorante : aqua/water, cetearyl alcohol, deceth-3, propylene glycol, laureth-12, oleth-30, ammonium hydroxide, lauric acid, toluene-2,5-diamine, hexadimethrine chloride, glycol distearate, polyquaternium-6, ethanolamine, resorcinol, silica dimethyl silylate, Cl 77891/titanium dioxide, 2,4-diaminophenoxyethanol hcl, m-aminophenol, ascorbic acid, sodium metabisulfite, olea europaea oil/olive fruit oil, thioglycerin, dimethicone, pentasodium pentetate, n,n-bis(2-hydroxyethyl)-p-phenylenediamine sulfate, carbomer, parfum/fragrance (FIL C45653/3). Lait révélateur : aqua/water, hydrogen peroxide, cetearyl alcohol, sodium stannate, trideceth-2 carboxamide mea, pentasodium pentetate, phosphoric acid, ceteareth-25, tetrasodium pyrophosphate,glycerin (FIL C13169/25). Soin embellisseur : aqua/water, cetearyl alcohol, elaeis guineensis oil/palm oil, behentrimonium chloride, stearamidopropyl dimethylamine, glycerin, euterpe oleracea fruit extract, methylparaben, limonene, chlorhexidine dihydrochloride, isopropyl alcohol, citric acid, hexyl cinnamal, parfum/fragrance (FIL C47360/1)., 18 mois après ouverture.]|"
7,30€ / Pce"|"
7,30 €"
3085|Crème décolorante, éclaircit jusqu'à 6 tons|Le kit|[Origine : FRANCE, 1152192 ? CR\ME DñCOLORANTE :  ? AQUA / WATER ? CETEARYL ALCOHOL ? PROPYLENE GLYCOL ? DECETH-3 ? LAURETH-12 ?  AMMONIUM HYDROXIDE ? OLETH-30 ? LAURIC ACID ? HEXADIMETHRINE CHLORIDE ? GLYCOL DISTEARATE ? POLYQUATERNIUM-6 ? ETHANOLAMINE ? SILICA DIMETHYL SILYLATE ÝNANO~ / SILICA DIMETHYL SILYLATE ? OLEA EUROPAEA OIL / OLIVE FRUIT OIL ? PENTASODIUM PENTETATE ? CARBOMER ? PARFUM / FRAGRANCE  (F.I.L C162863/2)   178914 ? LAIT RñVñLATEUR : ? AQUA / WATER ? HYDROGEN PEROXIDE ? CETEARYL ALCOHOL ? SODIUMSTANNATE ? TRIDECETH-2 ? CARBOXAMIDE MEA ? PENTASODIUM PENTETATE ? PHOSPHORIC ACID ? CETEARETH-25 ? TETRASODIUM PYROPHOSPHATE ? GLYCERIN (F.I.L. C13169/25)   1152191 ? POUDRE DñCOLORANTE :  ? POTASSIUM PERSULFATE ? SODIUM METASILICATE ? SODIUM PERSULFATE ? KAOLIN ? AMMONIUM ? CHLORIDE ? UREA ? STEARETH-100/PEG-136/HDI COPOLYMER ? CYAMOPSIS TETRAGONOLOBUS ? GUM / GUAR GUM ? SODIUM LAURYL SULFATE ? CI 77891/TITANIUM DIOXIDE ? MAGNESIUM STEARATE ?  VP/VA COPOLYMER ? HYDROGENATED POLYDECENE ? EDTA? MAGNESIUM OXIDE ? SODIUM CETEARYL SULFATE ? SODIUM NITRATE ? SODIUM ACETATE ? SILICA ? POLYSORBATE 60 ? DISODIUM PHOSPHATE ? CETYL HYDOXYETHYLCELLULOSE  (F.I.L C162861/2)   1147040 - SOIN MAUVE NEUTRALISANT :  ? AQUA / WATER ? CETEARYL ALCOHOL ? BEHENTRIMONIUM CHLORIDE ? AMODIMETHICONE ? C12-15 ALKYL BENZOATE ? TRIDECETH-6 ? SODIUM HYDROXIDE ? CHLORHEXIDINE DIGLUCONATE ? ISOPROPYL ? ALCOHOL ? HYDROXYETHYLCELLULOSE ? GUAR HYDROXYPROPYLTRIMONIUM CHLORIDE ? CITRIC ? ACID ? CETRIMONIUM CHLORIDE ?HYDROXYANTHRAQUINONEAMINOPROPYL METHYL ? MORPHOLINIUM ? METHOSULFATE ? CETYL ALCOHOL ? PARFUM / FRAGRANCE  (F.I.L C162875/1).]|"
7,30€ / Pce"|"
7,30 €"
3086|Décolorant sans ammoniaque|La boite de 162ml|[Origine : FRANCE, Que vos cheveux soient naturels ou colorés, le décolorant sans ammoniaque 100% Ultra Blond permet d'obtenir un éclaircissement maximum et un blond intense, lumineux, maximum tenue. Le décolorant sans ammoniaque 100% Ultra Blond est le 1er décolorantsans ammoniaque, qui éclaircit les cheveux naturels, jusqu'à 8 tons. Le décolorant sans ammoniaque 100% Ultra Blond permet d'éclaircir vos cheveux déjà colorés par une précédente coloration. Il gomme les effets en une seule application. Un soin nutritif déjaunisseur. Enrichie ne pigments neutralisants, ce soin garantit un blond pur et brillant. Un soin enrichi à l'huile de fruits, pour un effet déjaunisseur., Cet étui contient : 1 tube de crème décolorante : 25 g, 1 flacon de crème révélatrice 75 ml +  1 sachet de poudre décolorante 22 g + 1 flacon de soin nutritif déjaunisseur 40 ml + 1 mode d'emploi + 1 paire de gants. Important : ce produit contient des persulfates. Il peut provoquer une réaction allergique qui, dans certains cas rares, peut être grave. Il est donc indispensable de respecter les précautions suivantes : ne pas utiliser si : vous êtes sensible aux persulfates ou avez déjà réagi à unproduit de décoloration. Votre cuir chevelu est sensible, irrité ou abîmé. Il est obligatoire de faire un test dalerte allergie cutanée impérativement 48 heures avant chaque utilisation de ce produit (se conformer à la notice). Penser à acheter votre produit a l'avance pour faire le test dalerte allergie cutanée 48 heures avant. La crème décolorante contient du peroxyde dhydrogène et des persulfates. Ne pas inhaler ou avaler. Si vous avez avalé le produit, consultez immédiatement un médecin.Porter les gants appropriés fournis dans létui. Ne pas employer pour la décoloration des cils et des sourcils ou pour un usage autre que la décoloration des cheveux. Eviter le contact du produit avec les yeux. Rincer immédiatement et abondamment les yeux si le produit entre en contact avec ceux-ci. Ne pas dépasser le temps de pause maximum préconisé, puis rincer très soigneusement les cheveux à leau tiède. En cas de réaction telle que picotements intenses, boutons, sensation de brûlure du cui, Crème décolorante : aqua/ water, cetearyl alcohol, ethanolamine, propylene glycol, deceth-3, laureth-12, oleth-30, lauric acid, glycol distearate, polyquaternium-22, silica dimethyl, silylate, pentasodium pentetate , carbomer, vitis vinifera seed oil/grape seed oil, parfum / fragrance. (C53986/3). Poudre décolorante : potassium persulfate, sodium metasilicate, sodium persulfate, Cl 77891/titanium, dioxide, silica, kaolin, edta. (C54017/4). Crème révélatrice volume : aqua/water, paraffinum liquidum/mineral oil, hydrogen peroxide, cetearyl alcohol, steareth-20, peg-4 rapeseedamide, tocopherol , sodium stannate, polyquaternium-6, pentasodium pentetate, phosphoric acid, tetrasodium pyrophosphate, hexadimethrine chloride, glycerin. (C41208/1). Soin nutritif anti-dessèchement : aqua/water, cetearyl alcohol, behentrimonium chloride, amodimethicone, C12-15 alkyl benzoate, guar hydroxypropyltrimonium chloride, hydroxyethylcellulose , hydroxyanthraquinone-aminopropyl methyl morpholinium, methosulfate, sodium hydroxide, trideceth-6, chlorhexidine digluconate, isopropyl alcohol, cetyl alcohol, citric acid, cetrimonium chloride, parfum/fragrance. (C55548/1).]|"
12,62€ / Pce"|"
12,62 €"
3087|10.13 Blond perlé, coloration permanente|La boite de 120ml|[Origine : FRANCE, Une formule unique aux colorants nuanceurs pour une blondeur resplendissante aux reflets doux et subtils. Sa formule soin enrichie à l'huile d'Argan, c'est le secret d'un toucher soyeux naturel sublime. Après la coloration, les cheveux sont intensément nourris, ultra-doux et brillants. Sa texture crème Facil-Color unique s'applique comme un shampooing, pour une répartition facile et uniforme., Coloration permanente Groupe III. Couverture : 100% des cheveux blancs. Temps de pause : 30 minutes. Cet étui contient : 1 flacon applicateur de Lait Révélateur 60 ml + 1 tube de Crème Colorante 40 g + 1 sachet de Crème de Soin Nutritive 20 ml + 1 notice/1 paire de gants. Les colorants capillaires peuvent provoquer des réactions allergiques sévères. Lire et suivre les instructions. Ce produit nest pas destiné à être utilisé sur les personnes de moins de seize ans. Les tatouages temporaires noirs à base de henné peuvent augmenter le risque dallergie. Ne vous colorez pas les cheveux si : vous présentez une éruption cutanée sur le visage ou si votre cuir chevelu est sensible, irrité ou abîmé, vous avez déjà fait une réaction après avoir coloré vos cheveux, vous avez fait par le passé une réaction à un tatouage temporaire noir à base de henné. Il est obligatoire de faire un test dalerte allergie impérativement 48 heures avant chaque utilisation de ce produit (se conformer à la notice).Penser à acheter votre produit à lavance. pour faire le test dalerte allergie 48 heures avant. Le révélateur contient du peroxyde dhydrogène. La crème colorante contient : des diaminobenzènes, de la résorcine, de lammoniaque. Evitez le contact avec les yeux, ne pas employer pour la coloration des cils et des sourcils. Rincer immédiatement et abondamment les yeux si le produit entre en contact avec ceux-ci. Porter les gants appropriés fournis dans létui. Bien rincer les cheveux après applica, Crème colorante : aqua/water, deceth-3, laureth-12, cocamide mipa, ammonium hydroxide, oleth-30, deceth-5, glycerin, oleic acid, oleyl alcohol, hexadimethrine chloride, m-aminophenol, ascorbic acid, sodium metabisulfite, hydroxyethylcellulose, ethanolamine, triticum vulgare germ oil / wheat germ oil, polyquaternium-6, polyquaternium-67, simmondsia chinensis oil / jojoba seed oil, 2-methylresorcinol, 2-methyl-5-hydroxyethylaminophenol, isopropanolamine, p-phenylenediamine, resorcinol, edta, parfum / fragrance. (FIL C41134/1). Lait révélateur : aqua / water, hydrogen peroxide, cetearyl alcohol, sodium stannate, trideceth-2 carboxamide mea, pentasodium pentetate, phosphoric acid, ceteareth-25, tetrasodium pyrophosphate, glycerin (FIL C10550/12). Crème de soin nutritive : aqua / water, cetearyl alcohol, dimethicone, peg-150/stearyl alcohol/smdi copolymer, ppg-1 trideceth-6, argania spinosa oil / argania spinosa kernel oil, polyquaternium-37, chlorhexidine dihydrochloride, limonene, linalool, benzyl salicylate, paraffinum liquidum / mineral oil, methylparaben, methyl cyclodextrin, citronellol, butylphenyl methylpropional, hexyl cinnamal, parfum / fragrance (FIL C164810/2).]|"
9,12€ / Pce"|"
9,12 €"
3088|32 Blond foncé doré irisé, Coloration permanente|La boite de 120ml|[Origine : FRANCE, Garnier Belle Color recrée toutes les nuances d'une couleur naturelle et couvre 100% des cheveux blancs pour un résultat naturel garanti, tout en nuance. Enrichie en huile de jojoba et de germe de blé, Garnier Belle Color laisse les cheveux doux et naturels au toucher. Sa texture crème Facil-Color unique s'applique comme un shampooing, ne coule pas, et couvre parfaitement les cheveux blancs en 20 minutes seulement. Nouveau Collection Reflets Solaires : du matin au soir, les reflets solaires varient du plus chaud au plus froid, dans une infinité de nuances lumineuses incomparables. Une vraie source d'inspiration pour notre collection de nuances modernes et ensoleillées., Cet étui contient : 1 flacon applicateur de lait révélateur 60 ml + 1 tube de crème colorante 40 ml + 1 sachet de crème de soin nutritive 20 ml + 1 notice + 1 paire de gants. Les colorants capillaires peuvent provoquer des réactions allergiques sévères. Lire et suivre les instructions. Ce produit nest pas destiné à être utilisé sur les personnes de moins de seize ans. Les tatouages temporaires noirs à base de henné peuvent augmenter le risque dallergie. Ne vous colorez pas les cheveux si : vous présentez une éruption cutanée sur le visage ou si votre cuir chevelu est sensible, irrité ou abîmé, vous avez déjà fait une réaction après avoir coloré vos cheveux, vous avez fait par le passé une réaction à un tatouage temporaire noir à base de henné. Il est obligatoire de faire un test dallergie cutanée impérativement 48 heures avant chaque utilisation de ce produit (se conformer à la notice). Penser à acheter votre produit à l'avance pour faire le test d'allergie cutanée 48 heures avant.Le lait révélateur contient de leau oxygénée. Le produit colorant contient : des diaminobenzènes, de la résorcine, de lammoniaque. Éviter le contact du produit avec les yeux, ne pas employer pour la coloration des cils et des sourcils. Rincer immédiatement et abondamment les yeux si le produit entre en contact avec ceux-ci. Porter les gants appropriés fournis dans létui. Bien rincer les cheveux après application. Attendre 15 jours après un défrisage, une permanente ou un lissage durable pour, Crème colorante : Aqua/water, deceth-3, laureth-12, cocamide mipa, oleth-30, ammonium hydroxide, deceth-5, glycerin, oleic acid, oleyl alcohol, hexadimethrine chloride, 4-amino-m-cresol, m-aminophenol, ascorbic acid, hydroxyethylcellulose, ethanolamine, 6-hydroxyindole, triticum vulgare germ oil / wheat germ oil, polyquaternium-6, polyquaternium-67, ammonium thiolactate, simmondsia chinensis oil / jojoba seed oil, 2-methylresorcinol, 2-methyl-5-hydroxyethylaminophenol, isopropanolamine, p-phenylenediamine, resorcinol, edta, parfum /fragrance. (Fil C41116/1). Lait révélateur : aqua/ water, hydrogen peroxide, cetearyl alcohol, sodium stannate, trideceth-2 carboxamide mea, pentasodium pentetate, phosphoric acid, ceteareth-25, tetrasodium pyrophosphate, glycerin. (Fil C10550/12). Crème de soin nutritive : aqua/water, cetearyl alcohol, dimethicone, niacinamide, chamomilla recutita extract / matricaria flower extract, vaccinium macrocarpon (cranberry) seed oil, sodium hydroxide, peg-150/stearyl alcohol/smdi copolymer, juglans regia (walnut) seed oil, ppg-1 trideceth-6, polyquaternium-37, maltodextrin, chlorhexidine dihydrochloride, limonene, camellia sinensis extract / camellia sinensis leaf extract, linalool, benzyl salicylate, propylene glycol, paraffinum liquidum / mineral oil, pyridoxine hci, methylparaben, citronellol, butylphenyl methylpropional, hexyl cinnamal, parfum/ fragrance. (Fil C45553/3).]|"
8,91€ / Pce"|"
8,91 €"
3089|4.26 Cacao épicé riche, Coloration permanente|La boite de 120ml|[Origine : FRANCE, Formule unique à l'équilibre parfait entre des colorants purs pour des ultra reflets et des colorants nuanceurs pour offrir la plus belle des couleurs vibrantes, au résultat parfaitement naturel. Pour la première fois, Belle Color décline son savoir-faire du résultat naturel garanti, avec la gamme Ultra Reflets, pour une couleur vibrante et un résultat toujours naturel. Sans effet casque, elle couvre 100% des cheveux blancs. Sa formule soin enrichie à l'huile d'Argan, c'est le secret d'un toucher soyeux naturel sublime. Après la coloration les cheveux sont intensément nourris, ultra-doux et brillants. Sa texture crème Facile-Color unique s'applique comme un shampooing, pour une répartition facile et uniforme., Cet étui contient : 1 flacon applicateur de lait révélateur 60 ml + 1 tube de crème colorante 40 g + 1 sachet de crème de soin nutritive 20 ml + 1 notice + 1 paire de gants. Temps de pause : 30 minutes. Les colorants capillaires peuvent provoquer desréactions allergiques sévères. Lire et suivre les instructions. Ce produit nest pas destiné à être utilisé sur les personnes de moins de seize ans. Les tatouages temporaires noirs à base de henné peuvent augmenter le risque dallergie. Ne vous colorez pas les cheveux si : vous présentez une éruption cutanée sur le visage ou si votre cuir chevelu est sensible, irrité ou abîmé, vous avez déjà fait une réaction après avoir coloré vos cheveux, vous avez fait par le passé une réaction à un tatouagetemporaire noir à base de henné. Il est obligatoire de faire un test dallergie cutanée impérativement 48 heures avant chaque utilisation de ce produit (se conformer à la notice). Penser à acheter votre produit à l'avance pour faire le test d'allergie cutanée 48 heures avant. Le lait révélateur contient du peroxyde d'hydrogène. Le produit colorant contient : des diaminobenzènes, de la résorcine, de lammoniaque. Éviter le contact avec les yeux, ne pas employer pour la coloration des cils et dessourcils. Rincer immédiatement et abondamment les yeux si le produit entre en contact avec ceux-ci. Porter les gants appropriés fournis dans létui. Bien rincer les cheveux après application. Attendre 15 jours après un défrisage, une permanente ou u, Crème colorante : aqua/water, deceth-3, laureth-12, cocamide mipa, oleth-30, ammonium hydroxide, deceth-5, glycerin, oleic acid, oleyl alcohol, hexadimethrine chloride, 2-methyl-5-hydroxyethylaminophenol, m-aminophenol, ascorbic acid, hydroxyethylcellulose, ethanolamine, triticum vulgare germ oil  /wheat germ oil, polyquaternium-6, polyquaternium-67, ammonium thiolactate, simmondsia chinensis oil / jojoba seed oil, isopropanolamine, p-phenylenediamine, resorcinol, edta, parfum/fragrance. (F.I.L.C41101/1). Lait révélateur : aqua/water, hydrogen peroxide, cetearyl alcohol, sodium stannate, trideceth-2, carboxamide mea, pentasodium pentetate, phosphoric acid, ceteareth-25, tetrasodium pyrophosphate, glycerin (FIL C10550/12). Crème de soin nutritive : aqua/water, cetearyl alcohol, dimethicone, peg-150/stearyl alcohol/smdi copolymer, ppg-1 trideceth-6, argania spinosa oil/argania spinosa kernel oil, polyquaternium-37, maltodextrin, chlorhexidine dihydrochloride, limonene, linalool, benzylsalicylate, paraffinum liquidum/mineral oil, methylparaben, citronellol, butylphenyl methylpropional, hexyl cinnamal, parfum/fragrance (FIL C55126/3).]|"
8,91€ / Pce"|"
8,91 €"
3090|4.5 Acajou naturel riche|La boite de 120ml|[Origine : FRANCE, Formule unique à l'équilibre parfait entre des colorants purs pour des ultra reflets et des colorants nuanceurs pour offrir la plus belle des couleurs vibrantes, au résultat parfaitement naturel. Pour la première fois, Belle Color décline son savoir-faire du résultat naturel garanti, avec la gamme Ultra Reflets, pour une couleur vibrante et un résultat toujours naturel. Sans effet casque, elle couvre 100% des cheveux blancs. Sa formule soin enrichie à l'huile d'Argan, c'est le secret d'un toucher soyeux naturel sublime. Après la coloration les cheveux sont intensément nourris, ultra-doux et brillants. Sa texture crème Facil-Color unique s'applique comme un shampooing, pour une répartition facile et uniforme., Cet étui contient : 1 flacon applicateur de lait révélateur 60 ml + 1 tube de crème colorante 40 g + 1 sachet de crème de soin nutritive 20 ml + 1 notice + 1 paire de gants. Temps de pause : 30 minutes. Les colorants capillaires peuvent provoquer desréactions allergiques sévères. Lire et suivre les instructions. Ce produit nest pas destiné à être utilisé sur les personnes de moins de seize ans. Les tatouages temporaires noirs à base de henné peuvent augmenter le risque dallergie. Ne vous colorez pas les cheveux si : vous présentez une éruption cutanée sur le visage ou si votre cuir chevelu est sensible, irrité ou abîmé, vous avez déjà fait une réaction après avoir coloré vos cheveux, vous avez fait par le passé une réaction à un tatouagetemporaire noir à base de henné. Il est obligatoire de faire un test dallergie cutanée impérativement 48 heures avant chaque utilisation de ce produit (se conformer à la notice). Penser à acheter votre produit à l'avance pour faire le test d'allergie cutanée 48 heures avant. Le lait révélateur contient du peroxyde d'hydrogène. Le produit colorant contient : des diaminobenzènes, de la résorcine, de lammoniaque. Éviter le contact avec les yeux, ne pas employer pour la coloration des cils et dessourcils. Rincer immédiatement et abondamment les yeux si le produit entre en contact avec ceux-ci. Porter les gants appropriés fournis dans létui. Bien rincer les cheveux après application. Attendre 15 jours après un défrisage, une permanente ou u, Crème colorante : aqua/water, deceth-3, laureth-12, cocamide mipa, oleth-30, ammonium hydroxide, deceth-5, glycerin, oleic acid, oleyl alcohol, hexadimethrine chloride, p-aminophenol, 4-amino-2-hydroxytoluene, m-aminophenol, ascorbic acid, hydroxyethylcellulose, sodium metabisulfite, ethanolamine, triticum vulgare germ oil / wheat germ oil, polyquaternium-6, polyquaternium-67, 2-methyl-5-hydroxyethylaminophenol, ammonium thiolactate, simmondsia chinensis oil / jojoba seed oil, isopropanolamine,p-phenylenediamine, resorcinol, edta, parfum/fragrance. (F.I.L.C41103/3). Lait révélateur : aqua/water, hydrogen peroxide, cetearyl alcohol, sodium stannate, trideceth-2, carboxamide mea, pentasodium pentetate, phosphoric acid, ceteareth-20, tetrasodium pyrophosphate, glycerin (FIL C10550/12). Crème de soin nutritive : aqua/water, cetearyl alcohol, dimethicone, peg-150/stearyl alcohol/smdi copolymer, ppg-1 trideceth-6, argania spinosa oil/argania spinosa kernel oil, polyquaternium-37, maltodextrin, chlorhexidine dihydrochloride, limonene, linalool, benzyl salicylate, paraffinum liquidum/mineral oil, methylparaben, citronellol, butylphenyl methylpropional, hexyl cinnamal, parfum/fragrance (FIL C55126/3).]|"
8,91€ / Pce"|"
8,91 €"
3091|5.62 Acajou irisé riche, Coloraion permanente|La boite de 120ml|[Origine : FRANCE, Formule unique à l'équilibre parfait entre des colorants purs pour des ultra reflets et des colorants nuanceurs pour offrir la plus belle des couleurs vibrantes, au résultat parfaitement naturel. Pour la première fois, Belle Color décline son savoir-faire du résultat naturel garanti, avec la gamme Ultra Reflets, pour une couleur vibrante et un résultat toujours naturel. Sans effet casque, elle couvre 100% des cheveux blancs. Sa formule soin enrichie à l'huile d'Argan, c'est le secret d'un toucher soyeux naturel sublime. Après la coloration les cheveux sont intensément nourris, ultra-doux et brillants. Sa texture crème Facile-Color unique s'applique comme un shampooing, pour une répartition facile et uniforme., Cet étui contient : 1 flacon applicateur de lait révélateur 60 ml + 1 tube de crème colorante 40 g + 1 sachet de crème de soin nutritive 20 ml + 1 notice + 1 paire de gants. Temps de pause : 30 minutes. Les colorants capillaires peuvent provoquer desréactions allergiques sévères. Lire et suivre les instructions. Ce produit nest pas destiné à être utilisé sur les personnes de moins de seize ans. Les tatouages temporaires noirs à base de henné peuvent augmenter le risque dallergie. Ne vous colorez pas les cheveux si : vous présentez une éruption cutanée sur le visage ou si votre cuir chevelu est sensible, irrité ou abîmé, vous avez déjà fait une réaction après avoir coloré vos cheveux, vous avez fait par le passé une réaction à un tatouagetemporaire noir à base de henné. Il est obligatoire de faire un test dallergie cutanée impérativement 48 heures avant chaque utilisation de ce produit (se conformer à la notice). Penser à acheter votre produit à l'avance pour faire le test d'allergie cutanée 48 heures avant. Le lait révélateur contient du peroxyde d'hydrogène. Le produit colorant contient : des diaminobenzènes, de la résorcine, de lammoniaque. Éviter le contact avec les yeux, ne pas employer pour la coloration des cils et dessourcils. Rincer immédiatement et abondamment les yeux si le produit entre en contact avec ceux-ci. Porter les gants appropriés fournis dans létui. Bien rincer les cheveux après application. Attendre 15 jours après un défrisage, une permanente ou u, Crème colorante : aqua / water, deceth-3, laureth-12, cocamide mipa, oleth-30, ammonium hydroxide, deceth-5, glycerin, oleic acid, oleyl alcohol, 2, 4-diaminophenoxyethanol hcl, hexadimethrine chloride, ascorbic acid, hydroxyenzomorpholine, hydroxyethylcellulose, ethanolamine, triticum vulgare germ oil / wheat germ oil, polyquaternium-6, polyquaternium-67, ammonium thiolactate, simmondsia chinensis oil / jojoba seed oil, isopropanolamine, p-phenylenediamine, resorcinol, edta, parfum / fragrance.(F.I.L C41099/1). Lait révélateur : aqua/water, hydrogen peroxide, cetearyl alcohol, sodium stannate, trideceth-2, carboxamide mea, pentasodium pentetate, phosphoric acid, ceteareth-25, tetrasodium pyrophosphate, glycerin (FIL C10550/12). Crème de soin nutritive : aqua/water, cetearyl alcohol, dimethicone, peg-150/stearyl alcohol/smdi copolymer, ppg-1 trideceth-6, argania spinosa oil/argania spinosa kernel oil, polyquaternium-37, maltodextrin, chlorhexidine dihydrochloride, limonene, linalool,benzyl salicylate, paraffinum liquidum/mineral oil, methylparaben, citronellol, butylphenyl methylpropional, hexyl cinnamal, parfum/fragrance (FIL C55126/3).]|"
8,91€ / Kg"|"
8,91 €"
3092|100% blond, doré éclaircissant, crème adoucissement éclaircissement, protéines + complexeanti-UV|La boîte de 120ml|[Origine : FRANCE, Un pouvoir légèrement éclaircissant pour un blond naturel et léger, d'une brillance éclatante. Grâce au complexe anti-UV de Garnier 100% blond, votre blond reste frais et lumineux, très longtemps. Un soin intense pour vos cheveux. Un soin nutritif aux protéines pour des cheveux protégés et doux au toucher. Un éclaircissement facile à réaliser. Une texture riche et crémeuse qui ne coule pas et ne tache pas. Une application ultra-facile et homogène sur toute la longueur., Il est obligatoire, dans tous les cas, de faire un test d'allergie cutanée impérativement 48 heures avant chaque utilisation de ce produit (se conformer à la notice). Ne couvre pas les cheveux blancs.  La coloration peut provoquer une réaction allergique qui, dans certains cas rares, peut être grave. Ne pas utiliser si vous avez déjà réagi à un produit de coloration, vous avez le cuir chevelu irrité ou abîmé. Tatouage henné noir : si vous avez fait, même une seule fois, un tatouage au henné noir, vous risquez d'être devenue allergique sans le savoir. Ne pas utiliser ce produit sans avoir effectué le test d'allergie cutanée, 48 heures avant l'utilisation du produit. Pensez à acheter votre produit à l'avance pour faire le test d'allergie cutanée 48 heures avant. Evitez le contact du produit avec la peau et les yeux. Ne pas employer pour la coloration des cils et des sourcils, ne pas suivre cette consigne peut entraîner la cécité. Rincez immédiatement les yeux si le produit entre en contact avec ceux-ci. Portez les gants appropriés fournis dans l'étui. Bien rincer les cheveux après application. Ne pas utiliser si vos cheveux ont été colorés par du henné ou avec une colloration progressive. Tenir hors de la portée des enfants. Ne pasutiliser pour l'enfant. Se conformer à la notice. Ne pas utiliser le produit si vous avez beaucoup de cheveux blancs ou si vous avez une base naturelle foncée (châtains à brun) ou si vos cheveux sont colorés., Révélateur crème : aqua, hydrogen peroxide, cetearyl alcohol, sodium stannate, trideceth-2 carboxamide mea, pentasodium pentetate, ceteareth-30, tetrasodium pyrophosphate, glycerin. (FIL C13169/21). Crème colorante légèrement éclaircissante : aqua, cetearyl alcohol, propylene glycol, deceth-3, laureth-12, oleth-30, lauric acid, ammonium hydroxide, hexadimethrine chloride, glycol distearate, polyquaternium-22, ethanolamine, silica dimethyl silylate, Cl77891/titanium dioxide, dimethicone, pentasodium pentetate, carbomer, parfum. (F.I.L. C27942/1). Soin nutritif : aqua, cetearyl alcohol, behentrimonium chloride, PEG-180, amodimethicone, cetyl esters, hydroxyethylcellulose, hydroxypropyltrimonium hydrolyzed wheat protein, trideceth-12, chlorhexidine dihydrochloride, camphor benzalkonium methosulfate, limonene, linalool, methylparaben, citric acid, cetrimonium chloride, hexyl cinnamal, parfum. (FIL C14074/2)., Révélateur crème : aqua, hydrogen peroxide, cetearyl alcohol, sodium stannate, trideceth-2 carboxamide mea, pentasodium pentetate, ceteareth-30, tetrasodium pyrophosphate, glycerin. (FIL C13169/21). Crème colorante légèrement éclaircissante : aqua, cetearyl alcohol, propylene glycol, deceth-3, laureth-12, oleth-30, lauric acid, ammonium hydroxide, hexadimethrine chloride, glycol distearate, polyquaternium-22, ethanolamine, silica dimethyl silylate, Cl77891/titanium dioxide, dimethicone, pentasodium pentetate, carbomer, parfum. (F.I.L. C27942/1). Soin nutritif : aqua, cetearyl alcohol, behentrimonium chloride, PEG-180, amodimethicone, cetyl esters, hydroxyethylcellulose, hydroxypropyltrimonium hydrolyzed wheat protein, trideceth-12, chlorhexidine dihydrochloride, camphor benzalkonium methosulfate, limonene, linalool, methylparaben, citric acid, cetrimonium chloride, hexyl cinnamal, parfum. (FIL C14074/2).]|"
12,62€ / Pce"|"
12,62 €"
3093|10 Blond très très clair, Couleur permanente profond|La boîte de 140ml|[Origine : FRANCE, La 1ère mousse colorante nutritive pour une performance couleur spectaculaire. Une nouvelle génération de mousse onctueuse pour une application ultra-facile. Unique, sa texture crémeuse pénètre en profondeur et diffuse harmonieusement les colorants au coeur de la fibre. Enrichie aux 3 huiles d'avocat, d'olive et de karité., Les colorants capillaires peuvent provoquer des réactions allergiques sévères. Lire et suivre les instructions. Ce produit n'est pas destine à être utilisé sur les personnes de moins de seize ans. Les tatouages temporaires noirs à base de henné peuvent augmenter le risque dallergie. Ne vous colorez pas les cheveux si : vous présentez une éruption cutanée sur le visage ou si votre cuir chevelu est sensible, irrité ou abîmé, vous avez déjà fait une réaction après avoir coloré vos cheveux, vous avez fait par le passé une réaction à un tatouage temporaire noir à base de henné. Il est obligatoire de faire un test d'allergie cutanée impérativement 48 heures avant chaque utilisation de ce produit (se conformer à la notice). Penser à acheter votre produit à lavance pour faire le test dallergie cutanée 48 heures avant. Le révélateur contient de l'eau oxygénée. Le produit colorant contient des phenylenediamine (toluènediamines), de la résorcine, de lammoniaque. Eviter le contact du produitavec les yeux, ne pas employer pour la coloration des cils et des sourcils. Rincer immédiatement et abondamment les yeux, si le produit entre en contact avec ceux-ci. Porter les gants appropriés fournis dans l'étui. Bien rincer les cheveux après application. Attendre 15 jours après une décoloration, un défrisage, une permanente ou un lissage durable pour appliquer la coloration. Ne pas utiliser si vos cheveux ont été colorés par du henné ou une coloration progressive. Tenir hors de la portée des, Colorant : aqua/water, alcohol denat., peg4 rapeseedamide, glyceryl lauryl ether, deceth-3, propylene glycol, ammonium hydroxide, laureth-5 carboxylic acid, ethanolamine, dipropylene glycol, hexylene glycol, poloxamer 338, polyquaternium-6, oleyl alcohol, p-aminophenol, m-aminophenol, sodium metabisulfite, thioglycerin, toluene-2,5-diamine, ammonium thiolactate, resorcinol, edta, erythorbic acid, parfum/fragrance. (C53238/1). Lait révélateur : aqua/water, hydrogen peroxide, glycerin, laureth-11,sodium salicylate, phosphoric acid, tetrasodium etidronate, tetrasodium pyrophosphate (C48403/1). Soin nutritive : aqua/water, cetearyl alcohol, behentrimonium chloride, peg-180, cetyl esters, Cl19140/yellow 5, Cl15985/yellow 6, niacinamide, ribes nigrum oil/black currant seed oil, saccharum officinarum extract/sugar cane extract, hydroxyethylcellulose, olea europaea oil/olive fruit oil, trideceth-6, chlorhexidine dihydrochloride, camellia sinensis extract/camellia sinensis leaf extract, benzylalcohol, linalool, amodimethicone isopropyl alcohol, pyrus malus extract/apple fruit extract, pyridoxine hcl, persea gratissima oil/avocado oil, methylparaben, butyrospermum parkii butter/shea butter, citric acid, cetrimonium chloride, butylphenyl methylpropional, citrus medica limonum peel extract/lemon peel extract, parfum/fragrance. (C35470/3).]|"
11,01€ / Pce"|"
11,01 €"
3094|13 Blond très clair glacé, Crème facil-color coloration permanente|La boîte de 120ml|[Origine : FRANCE, Garnier Belle Color recrée toutes les nuances d'une couleur naturelle et couvre 100% des cheveux blancs pour un résultat naturel garanti, tout en nuance. Enrichie en huile de jojoba et de germe de blé, Garnier Belle Color laisse les cheveux doux et naturels au toucher., Sa texture crème Facil-color unique s'applique comme un shampooing, ne coule pas, et couvre parfaitement les cheveux blancs en 20 minutes seulement. Les colorants capillaires peuvent provoquer des réactions allergiques sévères. Lire et suivre les instructions. Ce produit n'est pas destiné à être utilisé sur les personnes de moins de seize ans. Les tatouages temporaires noirs à base de henné peuvent augmenter le risque d'allergie. Ne vous colorez pas les cheveux si : vous présentez une éruption cutanée sur le visage ou si votre cuir chevelu est sensible, irrité ou abimé, vous avez déjà fait une réaction après avoir coloré vos cheveux, vous avez fait par le passé une réaction à un tatouage temporaire noir à base de henné. Il est obligatoire de faire un test d'allergie cutanée impérativement 48 heures avant chaque utilisation de ce produit (se conformer à la notice). Penser à acheter votre produit à l'avance pour faire le test d'allergie cutanée 48 heures avant. Le lait révélateur contient de l'eau oxygénée. Le produit colorant contient : des diaminobenzènes, de la résorcine, de l'ammoniaque. Eviter le contact du produit avec les yeux, ne pas employer pour la coloration des cils et des sourcils. Rincer immédiatement et abondamment les yeux si le produit entre en contact avec ceux-ci. Porter les gants appropriés fournis dans l'étui. Bien rincer les cheveux après application. Attendre 15 jours après un défrisage, une permanente ou un lissage durable pour appliquer la coloration. N]|"
8,91€ / Pce"|"
8,91 €"
3095|22, crème facil-color permanente châtain, à l'huile de jojoba et de germe de blé|La boîte de 115ml|[Origine : FRANCE, Résultat naturel garanti. Grâce à sa formule unique aux colorants nuanceurs Garnier Belle Color recréé toutes les nuances d'une couleur naturelle et couvre 100% des cheveux blancs.Enrichie en huile de jojoba et de germe de blé, Garnier Belle Color laisse les cheveux doux et naturels au toucher. Une coloration facile et rapide., Sa texture unique Crème Facil-Color, qui ne coule pas, s'applique comme un shampooing et agit en 20 minutes seulement. Important : la coloration peut provoquer une réaction allergique qui, dans certains cas rares, peut être grave. Il est obligatoire,dans tous les cas, de faire un test d'allergie cutanée impérativement 48 heures avant chaque utilisation de ce produit (se conformer à la notice). Ne pas utiliser si : vous avez déjà réagi à un produit de coloration, vous avez le cuir chevelu irritéou abîmé. Tatouage henné noir : si vous avez fait, même une seule fois, un tatouage au henné noir, vous risquez d'être devenue allergique sans le savoir. Ne pas utiliser ce produit sans avoir effectué le test d'allergie cutanée, 48 heures avant l'utilisation du produit. Pensez à acheter votre produit à l'avance pour faire le test d'allergie cutanée 48 heures avant. Le révélateur contient de l'eau oxygénée. Le produit colorant contient : des diaminobenzènes, de la résorcine, de l'ammoniaque. Eviter le contact du produit avec la peau et les yeux, ne pas employer pour la coloration des cils et des sourcils. Ne pas suivre cette consigne peut entraîner la cécité. Rincer immédiatement et abondamment les yeux si le produit entre en contact avec ceux-ci. Porter les gants appropriés fournis dans l'étui. Bien rincer les cheveux après application. Ne pas utiliser si vos cheveux ont été colorés par du henné ou une coloration progressive. Tenir hors de la portée des enfants. Ne pas utiliser chez l, Crème colorante : aqua/water, deceth-3, laureth-12, cocamide mipa, ammonium hydroxide, oleth-30, glycerin, deceth-5, oleic acid, oleyl alcohol, hexadimethrine chloride, 2.4-diaminophenoxyethanol HCl, m-aminophenol, ascorbic acid, hydroxyethylcellulose, hydroxybenzomorpholine, ethanolamine, triticum vulgare/wheat germ oil, polyquaternium-6, polyquaternium-24, ammonium thiolactate, simmondsia chinensis/jojoba seed oil, isopropanolamine, p-phenylenediamine, resorcinol, edta, parfum/fragrance. (F.I.L. C26884/1). Lait révélateur : aqua/water, hydrogen peroxide, cetearyl alcohol, sodium stannate, trideceth-2 carboxamide mea, pentasodium pentetate, phosphoric acid, ceteareth-25, tetrasodium pyrophosphate, glycerin. (F.I.L. C10550/12). Crème de soin nutritive : aqua/water, cetearyl alcohol, dimethicone, niacinamide, peg-150/stearyl alcohol/smdi copolymer, ppg-1 trideceth-6, polyquaternium-37, chlorhexidine dihydrochloride, limonene, linalool, benzyl salicylate, paraffinum liquidum/mineral oil,methylparaben, citronellol, butylphenyl methylpropional, hexyl cinnamal, parfum/fragrance. (F.I.L. C30561/1).]|"
8,64€ / Pce"|"
8,64 €"
3096|24, crème facil-color permanente châtain foncé, à l'huile de jojoba et de germe de blé|La boîte de 115ml|[Origine : FRANCE, Un résultat couleur tellement naturel. Ni plombé, ni casqué, grâce à une association unique de colorants qui respectent les contrastes et le relief propre à la chevelure naturelle, tout en couvrant tous les cheveux blancs. Garnier Belle Color, c'esttoujours une couleur très lumineuse, subtile, et vraiment naturelle., acid, hydroxybenzomorpholine, ethanolamine, triticum vulgare/wheat germ oil, polyquaternium-24, ammonium thiolactate, camellia kissi/camellia kissi seed oil, simmondsia chinensis/jojoba seed oil, p-phenylenediamine, alpha-isomethyl ionone, resorcinol, EDTA, citronellol, parfum (C19760/2). Lait révélateur : aqua, hydrogen peroxide, cetearyl alcohol, sodium stannate, trideceth-2 carboxamide mea, pentasodium pentetate, ceteareth-30, tetrasodium pyrophosphate, glycerin (C10550/10). Bain crème nutritif : aqua, cetearyl alcohol, dimethicone, PEG-150/stearyl alcohol/smdi copolymer, PPG-1 trideceth-6, polyquaternium-37, chlorhexidine dihydrochloride, paraffinum liquidum/mineral oil, methylparaben, butylphenyl methylpropional, amyl cinnamal, parfum(C14742/2). Le révélateur contient de l'eau oxygénée. Le produit colorant contient des diaminobenzènes, de la résorcine, de l'ammoniaque.]|"
8,91€ / Pce"|"
8,91 €"
3097|25 Châtain irisé acajou, Crème facil-color coloration permanente|La boîte de 120ml|[Origine : FRANCE, Garnier Belle Color recrée toutes les nuances d'une couleur naturelle et couvre 100% des cheveux blancs pour un résultat naturel garanti, tout en nuance. Enrichie en huile de jojoba et de germe de blé, Garnier Belle Color laisse les cheveux doux et naturels au toucher., Sa texture crème Facil-color unique s'applique comme un shampooing, ne coule pas, et couvre parfaitement les cheveux blancs en 20 minutes seulement. Les colorants capillaires peuvent provoquer des réactions allergiques sévères. Lire et suivre les instructions. Ce produit n'est pas destiné à être utilisé sur les personnes de moins de seize ans. Les tatouages temporaires noirs à base de henné peuvent augmenter le risque d'allergie. Ne vous colorez pas les cheveux si : vous présentez une éruption cutanée sur le visage ou si votre cuir chevelu est sensible, irrité ou abimé, vous avez déjà fait une réaction après avoir coloré vos cheveux, vous avez fait par le passé une réaction à un tatouage temporaire noir à base de henné. Il est obligatoire de faire un test d'allergie cutanée impérativement 48 heures avant chaque utilisation de ce produit (se conformer à la notice). Penser à acheter votre produit à l'avance pour faire le test d'allergie cutanée 48 heures avant. Le lait révélateur contient de l'eau oxygénée. Le produit colorant contient : des diaminobenzènes, de la résorcine, de l'ammoniaque. Eviter le contact du produit avec les yeux, ne pas employer pour la coloration des cils et des sourcils. Rincer immédiatement et abondamment les yeux si le produit entre en contact avec ceux-ci. Porter les gants appropriés fournis dans l'étui. Bien rincer les cheveux après application. Attendre 15 jours après un défrisage, une permanente ou un lissage durable pour appliquer la coloration. N]|"
8,91€ / Pce"|"
8,91 €"
3098|5, crème facil-color permanente blond foncé, à l'huile de jojoba et de germe de blé, la boîte,115ml|La boîte de 115ml|[Origine : FRANCE, Résultat naturel garanti. Grâce à sa formule unique aux colorants nuanceurs Garnier Belle Color recréé toutes les nuances d'une couleur naturelle et couvre 100% des cheveux blancs.Enrichie en huile de jojoba et de germe de blé, Garnier Belle Color laisse les cheveux doux et naturels au toucher. Une coloration facile et rapide., Sa texture unique Crème Facil-Color, qui ne coule pas, s'applique comme un shampooing et agit en 20 minutes seulement. Important : la coloration peut provoquer une réaction allergique qui, dans certains cas rares, peut être grave. Il est obligatoire,dans tous les cas, de faire un test d'allergie cutanée impérativement 48 heures avant chaque utilisation de ce produit (se conformer à la notice). Ne pas utiliser si : vous avez déjà réagi à un produit de coloration, vous avez le cuir chevelu irritéou abîmé. Tatouage henné noir : si vous avez fait, même une seule fois, un tatouage au henné noir, vous risquez d'être devenue allergique sans le savoir. Ne pas utiliser ce produit sans avoir effectué le test d'allergie cutanée, 48 heures avant l'utilisation du produit. Pensez à acheter votre produit à l'avance pour faire le test d'allergie cutanée 48 heures avant. Le révélateur contient de l'eau oxygénée. Le produit colorant contient : des diaminobenzènes, de la résorcine, de l'ammoniaque. Eviter le contact du produit avec la peau et les yeux, ne pas employer pour la coloration des cils et des sourcils. Ne pas suivre cette consigne peut entraîner la cécité. Rincer immédiatement et abondamment les yeux si le produit entre en contact avec ceux-ci. Porter les gants appropriés fournis dans l'étui. Bien rincer les cheveux après application. Ne pas utiliser si vos cheveux ont été colorés par du henné ou une coloration progressive. Tenir hors de la portée des enfants. Ne pas utiliser chez l, Crème colorante : aqua/water, deceth-3,laureth-12, cocamide mipa, ammonium hydroxide, oleth-30, glycerin, deceth-5, oleic acid, oleyl alcohol, hexadimethrine chloride, 2.4-diaminophenoxyethanol HCl, m-aminophenol, ascorbic acid, hydroxyethylcellulose, hydroxybenzomorpholine, ethanolamine, triticum vulgare/wheat germ oil, polyquaternium-6, polyquaternium-24, ammonium thiolactate, simmondsia chinensis/jojoba seed oil, isopropanolamine, p-phenylenediamine, resorcinol, edta, parfum/fragrance. (F.I.LC26885/1). Lait révélateur : aqua/water, hydrogen peroxide, cetearyl alcohol, sodium stannate, trideceth-2 carboxamide mea, pentasodium pentetate, phosphoric acid, ceteareth-25, tetrasodium pyrophosphate, glycerin. (F.I.L. C10550/12). Crème de soinnutritive : aqua/water, cetearyl alcohol, dimethicone, niacinamide, peg-150/stearyl alcohol/smdi copolymer, ppg-1 trideceth-6, polyquaternium-37, chlorhexidine dihydrochloride, limonene, linalool, benzyl salicylate, paraffinum liquidum/mineral oil, methylparaben, citronellol, butylphenyl methylpropional, hexyl cinnamal, parfum/fragrance. (F.I.L. C30561/1).]|"
8,64€ / Pce"|"
8,64 €"
3099|540 praline, Coloration 100% ultra color|La boîte de 140ml|[Origine : FRANCE, Un soin enrichi en 3 huiles de fruits d'origine naturelle : avocat, olive et karité, pour des cheveux doux et brillants, nourris jusqu'à 8 semaines. 100% Ultra Color : une coloration permanente qui booste la couleur et les reflets grâce à des technologies adaptées à chaque famille colorielle. Un résultat visible même sur cheveux foncés. La couleur est intense, les reflets sont éclatants, pour un résultat digne des professionnels., Les colorants capillaires peuvent provoquer des réactions allergiques sévères. Lire et suivre les instructions. Ce produit nest pas destiné à être utilisé sur les personnes de moins de seize ans. Les tatouages temporaires noirs à base de henné peuvent augmenter le risque dallergie. Ne vous colorez pas les cheveux si : vous présentez une éruption cutanée sur le visage ou si votre cuir chevelu est sensible, irrité ou abîmé. Vous avez déjà fait une réaction après avoir coloré vos cheveux. Vous avez fait par le passé une réaction à un tatouage temporaire noir à base de henné. Il est obligatoire de faire un test dalerte allergie cutanée impérativement 48 heures avant chaque utilisation de ce produit. Pensez à acheter votre produit à lavancepour faire le test dallergie cutanée 48 heures avant. Le lait révélateur contient du peroxyde dhydrogène. La crème colorante nutritive contient : des diaminobenzènes, de la résorcine et de lammoniaque. Éviter le contact du produit avec les yeux,ne pas employer pour la coloration des cils et des sourcils. Rincer immédiatement et abondamment les yeux si le produit entre en contact avec ceux-ci. Porter les gants appropriés fournis dans létui. Bien rincer les cheveux après application. Attendre 15 jours après un défrisage, une permanente ou un lissage durable pour appliquer la coloration. Ne pas utiliser si vos cheveux ont été colorés par du henné ou une coloration progressive. Tenir hors de la portée des enfants.]|"
12,25€ / Pce"|"
12,25 €"
3100|764 Ultra cuivré, Coloration 100% ultra color|La boîte de 140ml|[Origine : FRANCE, Un soin enrichi en 3 huiles de fruits d'origine naturelle : avocat, olive et karité, pour des cheveux doux et brillants, nourris jusqu'à 8 semaines. 100% Ultra Color : une coloration permanente qui booste la couleur et les reflets grâce à des technologies adaptées à chaque famille colorielle. Un résultat visible même sur cheveux foncés. La couleur est intense, les reflets sont éclatants, pour un résultat digne des professionnels., Cette nuance n'est pas recommandé si vous avez une majorité de cheveux blancs ou des cheveux très clairs car le résultat serait très en reflet. Les colorants capillaires peuvent provoquer des réactions allergiques sévères. Lire et suivre les instructions. Ce produit nest pas destiné à être utilisé sur les personnes de moins de seize ans. Les tatouages temporaires noirs à base de henné peuvent augmenter le risque dallergie. Ne vous colorez pas les cheveux si : vous présentez une éruption cutanée sur le visage ou si votre cuir chevelu est sensible, irrité ou abîmé. Vous avez déjà fait une réaction après avoir coloré vos cheveux. Vous avez fait par le passé une réaction à un tatouage temporaire noir à base de henné. Il est obligatoire de faire un test dalerte allergie cutanée impérativement 48 heures avant chaque utilisation de ce produit. Pensez à acheter votre produit à lavance pour faire le test dallergie cutanée 48 heures avant. Le lait révélateur contient du peroxyde dhydrogène. La crème colorante nutritive contient : des diaminobenzènes, de la résorcine et de lammoniaque. Éviter le contact du produit avec les yeux, ne pas employer pour la coloration des cils et des sourcils. Rincer immédiatement et abondamment les yeux si le produit entre en contact avec ceux-ci. Porter les gants appropriés fournis dans létui. Bien rincer les cheveux après application. Attendre 15 jours après un défrisage, une permanente ou un lissage durable pour appliquer la coloration. Ne pas ut]|"
12,25€ / Pce"|"
12,25 €"
3101|80, crème facil-color permanente noir, à l'huile de jojoba et de germe de blé|La boîte de 115ml|[Origine : FRANCE, Résultat naturel garanti. Grâce à sa formule unique aux colorants nuanceurs Garnier Belle Color recréé toutes les nuances d'une couleur naturelle et couvre 100% des cheveux blancs.Enrichie en huile de jojoba et de germe de blé, Garnier Belle Color laisse les cheveux doux et naturels au toucher. Une coloration facile et rapide., Sa texture unique Crème Facil-Color, qui ne coule pas, s'applique comme un shampooing et agit en 20 minutes seulement. Important : la coloration peut provoquer une réaction allergique qui, dans certains cas rares, peut être grave. Il est obligatoire,dans tous les cas, de faire un test d'allergie cutanée impérativement 48 heures avant chaque utilisation de ce produit (se conformer à la notice). Ne pas utiliser si : vous avez déjà réagi à un produit de coloration, vous avez le cuir chevelu irritéou abîmé. Tatouage henné noir : si vous avez fait, même une seule fois, un tatouage au henné noir, vous risquez d'être devenue allergique sans le savoir. Ne pas utiliser ce produit sans avoir effectué le test d'allergie cutanée, 48 heures avant l'utilisation du produit. Pensez à acheter votre produit à l'avance pour faire le test d'allergie cutanée 48 heures avant. Le révélateur contient de l'eau oxygénée. Le produit colorant contient : des diaminobenzènes, de la résorcine, de l'ammoniaque. Eviter le contact du produit avec la peau et les yeux, ne pas employer pour la coloration des cils et des sourcils. Ne pas suivre cette consigne peut entraîner la cécité. Rincer immédiatement et abondamment les yeux si le produit entre en contact avec ceux-ci. Porter les gants appropriés fournis dans l'étui. Bien rincer les cheveux après application. Ne pas utiliser si vos cheveux ont été colorés par du henné ou une coloration progressive. Tenir hors de la portée des enfants. Ne pas utiliser chez l, Crème colorante : aqua/water, deceth-3, laureth-12, cocamide mipa, ammonium hydroxide, oleth-30, glycerin, deceth-5, oleic acid, oleyl alcohol, hexadimethrine chloride, p-phenylenediamine, 2.4-diaminophenoxyethanol hci, m-aminophenol, ascorbic acid,hydroxyethylcellulose, ethanolamine, triticum vulgare germ oil/wheat germ oil, polyquaternium-6, polyquaternium-24, ammonium thiolactate, simmondsia chinensis oil/jojoba seed oil, n,n-bis(2-hydroxyethyl)-p-phenylenediamine sulfate, isopropanolamine,resorcinol, edta, parfum/fragrance. (F.I.L. C30000/1). Lait révélateur : aqua/water, hydrogen peroxide, cetearyl alcohol, sodium stannate, trideceth-2 carboxamide mea, pentasodium pentetate, phosphoric acid, ceteareth-25, tetrasodium pyrophosphate, glycerin. (F.I.L. C10550/12). Crème de soin nutritive : aqua/water, cetearyl alcohol, dimethicone, niacinamide, peg-150/stearyl alcohol/smdi copolymer, ppg-1 trideceth-6, polyquaternium-37, chlorhexidine dihydrochloride, limonene, linalool, benzyl salicylate, paraffinum liquidum/mineral oil, methylparaben, citronellol, butylphenyl methylpropional, hexyl cinnamal, parfum/fragrance. (F.I.L. C30561/1).]|"
8,64€ / Pce"|"
8,64 €"
3102|Acajou, ton sur ton, soin crème colorant sans ammoniaque, dura le 6 à 8 semaines, ton n°30|La boîte de 125ml|[Origine : FRANCE, Garnier Movida sublime votre couleur naturelle et l'illumine de reflets éclatants en couvrant les cheveux blancs pour une durée de 6 à 8 semaines., Colorant : aqua, oleic acid, benzyl alcohol, alcohol denat., ethanolamine, cocamide mipa, octyldodecanol, oleth-30, 4-amino-2-hydroxytoluene, hexadimethrine chloride, mea-laureth sulfate, p-aminophenol, sodium metabisulfite, phenyl methyl pyrazolone,toluene-2.5-diamine, 2-methyl-5-hydroxyethylaminophenol, pentasodium pentetate, alpha-isomethyl ionone, resorcinol, erythorbic acid, parfum. (FIL C10129/3). Crème révélatrice : aqua, hydrogen peroxide, cetearyl alcohol, sodium stannate, trideceth-2carboxamide mea, pentasodium pentetate, ceteareth-30, tetrasodium pyrophosphate, glycerin, parfum. (FIL C21279/1). Soin final ultra douceur : aqua, cetearyl alcohol, sodium cocoamphopropionate, behentrimonium chloride, propylene glycol, sclerotium gum, trideceth-12, chlorhexidine dihydrochloride, benzyl salicylate, linalool, amodimethicone, propylene glycol dicaprylate/dicaprate, methylparaben, cetrimonium chloride, butylphenyl methylpropional, prunus armeniaca/ apricot fruit extract, hexyl cinnamal, parfum. (FIL C20739/1). Le révélateur contient de l'eau oxygénée. Le produit colorant contient un diaminotoluène, de la résorcine.]|"
11,63€ / Pce"|"
11,63 €"
3105|Acajou cuivré, ton sur ton, soin-crème colorant  sans ammoniaque, durable 6 à 8 semaines, au lait nutritif d'abricot, ton n°22|La boîte 125ml|[Origine : FRANCE, Garnier Movida sublime votre couleur naturelle et l'illumine de reflets éclatants en couvrant durablement les cheveux blancs, sans effet racine visible, pour 6 à 8 semaines. Enrichie en lait nutritif d'abricot, sa formule rend vos cheveux soyeux, pleins de volume. Et son doux parfum fruité procure une sensation inédite de plaisir à l'application. Un nouveau soin fondant éclat intense. Après la coloration, il se fond à vos cheveux pour les rendre encore plus doux, plus lisses, pour une couleur plus éclatante., Application facile et rapide : grâce à son colorclic breveté, Movida est prêt en un seul geste et s'applique facilement comme un shampooing. Sa formule soin-crème ne coule pas et agit en 15 minutes seulement. La coloration peut provoquer une réactionallergique qui, dans certains cas rares, peut être grave. Il est obligatoire dans tous les cas, de faire un test d'allergie cutanée impérativement 48 heures avant chaque utilisation de ce produit (se conformer à la notice). Ne pas utiliser si vous avez déjà réagi à un produit de coloration, vous avez le cuir chevelu irrité ou abîmé. Tatouage henné noir : si vous avez fait, même une seule fois, un tatouage au henné noir, vous risquez d'être devenue allergique sans le savoir. Ne pas utiliser ce produit sans avoir effectué le test d'allergie cutanée, 48 heures avant l'utilisation du produit Pensez à acheter votre produit à l'avance pour faire le test d'allergie cutanée 48 heures avant. Éviter le contact du produit avec la peau et les yeux. Nepas employer pour la coloration des cils et des sourcils, ne pas suivre cette consigne peut entraîner la cécité. Rincer immédiatement et abondamment les yeux si le produit entre en contact avec ceux-ci. Porter les gants appropriés fournis dans l'étui. Bien rincer les cheveux après application. Ne pas utiliser si vos cheveux ont été colorés par du henné ou avec une coloration progressive. Tenir hors de la portée des enfants. Ne pas utiliser chez l'enfant. Se conformer à la notice., Colorant : aqua, oleic acid, benzyl alcohol, alcohol denat, ethanolamine, octyldodecanol, cocamide mipa, oleth-30, hexadimethrine chloride, 4-amino-2-hydroxytoluene, p-aminophenol, mea-laureth sulfate, sodium metabisulfite, toluene-2.5-diamine, 2-methyl-5-hydroxyethylaminophenol, pentasodium pentetate, isopropanolamine, resorcinol, erythorbic acid, parfum. (FIL C26939/1). Crème révélatrice : aqua, hydrogen peroxide, cetearyl alcohol, sodium stannate, trideceth-2 carboxamide mea, pentasodium pentetate, ceteareth-30, tetrasodium pyrophosphate, glycerin, parfum. (FIL C21279/1). Soin fondant éclat intense : aqua, cetearyl alcohol, glycerin, dipalmitoylethyl hydroxyethylmonium methosulfate, cetyl esters, trideceth-6, amodimethicone, propylene glycol, dicaprylate/dicaprate, cetrimonium chloride, methylparaben, citric acid, prunus armeniaca/apricot fruit extract, parfum (FIL C27355/1)., Colorant : aqua, oleic acid, benzyl alcohol, alcohol denat, ethanolamine, octyldodecanol, cocamide mipa, oleth-30, hexadimethrine chloride, 4-amino-2-hydroxytoluene, p-aminophenol, mea-laureth sulfate, sodium metabisulfite, toluene-2.5-diamine, 2-methyl-5-hydroxyethylaminophenol, pentasodium pentetate, isopropanolamine, resorcinol, erythorbic acid, parfum. (FIL C26939/1). Crème révélatrice : aqua, hydrogen peroxide, cetearyl alcohol, sodium stannate, trideceth-2 carboxamide mea, pentasodium pentetate, ceteareth-30, tetrasodium pyrophosphate, glycerin, parfum. (FIL C21279/1). Soin fondant éclat intense : aqua, cetearyl alcohol, glycerin, dipalmitoylethyl hydroxyethylmonium methosulfate, cetyl esters, trideceth-6, amodimethicone, propylene glycol, dicaprylate/dicaprate, cetrimonium chloride, methylparaben, citric acid, prunus armeniaca/apricot fruit extract, parfum (FIL C27355/1).]|"
11,63€ / Pce"|"
11,63 €"
3106|Auburn 562, crème-gel coloration permanente, colorants purs, vitamine B3-B6|La boîte de 120ml|[Origine : FRANCE, Qualité couleur digne des professionnels : Garnier 100% color une coloration permanente composée de colorants purs longue durée, justement dosés pour un résultat sophistiqué et sans surcharge. La couleur est intense et extra-brillante. Elle est fraîche, pleine de vitalité et elle le reste. Nouveau soin aux micro-minéraux et vitamines. Son soin profond, au parfum fruité, est enrichi en vitamines B3 et B6 et micro-minéraux d'origine naturelle pour des cheveux forts, brillants de santé. Un serviced'experts à domicile. Sa texture crème-gel permet une application facile, rapide et précise même sur cheveux longs, elle ne coule pas. Un soin extra fondant qui lisse instantanément les cheveux : ils sont doux, faciles à démêler et à coiffer., La coloration peut provoquer une réaction allergique qui, dans certains cas rares, peut être grave. Il est donc indispensable de respecter les consignes suivantes : ne pas utiliser si vous avez déjà réagi à un produit de coloration, vous avez le cuirchevelu sensible, irrité ou abîmé. En cas de tatouage les risques d'allergie peuvent être accrus. Faire un test d'allergie cutanée impérativement 48 heures avant chaque utilisation de ce produit (voir notice). pensez à acheter votre produit à l'avance Eviter le contact du produit avec la peau et les yeux Ne pas employer pour la coloration des cils et des sourcils, ne pas suivre cette consigne peut entraîner la cécité. Rincer immédiatement les yeux si le produit entre en contact avec ceux-ci. Porter les gants appropriés fournis dans l'étui. Bien rincer les cheveux après application. Ne pas appliquer juste après une décoloration ou une permanente ou un défrisage. Ne pas utiliser si vos cheveux ont été colorés par du henné ou une coloration progressive. Tenir hors de la portée des enfants Ne pas utiliser chez l'enfant  Se conformer à la notice., Crème-gel colorant : aqua, deceth-3, laureth-12, oleth-30, deceth-5, trideceth-2 carboxamide mea, ammonium hydroxide, glycerin, oleic acid, hexadimethrine chloride, oleyl alcohol, 4-amino-2-hydroxytoluene, polyquaternium-22, p-aminophenol, ascorbic acid, hydroxypropyl bis (N-hydroxyethyl-p-phenylenediamine) HCI, ethanolamine, polyquaternium-24, ammonium thiolactate, 2-methyl-5-hydroxyethylaminophenol, p-phenylenediamine, alpha-isomethyl ionone, resorcinol, edta, parfum (F.I.L C18151/3). Lait révélateur : aqua, hydrogen peroxide, cetearyl alcohol, sodium stannate, trideceth-2 carboxamide mea, pentasodium pentetate, ceteareth-30, tetrasodium pyrophosphate, glycerin, (F.I.L. C10550/10). Soin aux micro-minéraux et vitamines : aqua, cetearyl alcohol, dimethicone, Cl77891/titanium dioxide, niacinamide, mica, peg-150/stearyl alcohol/smdi copolymer, ppg-1trideceth-6, polyquaternium-37, chlorhexidine dihydrochloride, limonene, linalool, benzyl salicylate, paraffinum liquidum/mineral oil, pyridoxine hci, methylparaben, citronellol, butylphenyl methylpropional, hexyl cinnamal, parfum. (F.I.L. C25726/1)., Crème-gel colorant : aqua, deceth-3, laureth-12, oleth-30, deceth-5, trideceth-2 carboxamide mea, ammonium hydroxide, glycerin, oleic acid, hexadimethrine chloride, oleyl alcohol, 4-amino-2-hydroxytoluene, polyquaternium-22, p-aminophenol, ascorbic acid, hydroxypropyl bis (N-hydroxyethyl-p-phenylenediamine) HCI, ethanolamine, polyquaternium-24, ammonium thiolactate, 2-methyl-5-hydroxyethylaminophenol, p-phenylenediamine, alpha-isomethyl ionone, resorcinol, edta, parfum (F.I.L C18151/3). Lait révélateur : aqua, hydrogen peroxide, cetearyl alcohol, sodium stannate, trideceth-2 carboxamide mea, pentasodium pentetate, ceteareth-30, tetrasodium pyrophosphate, glycerin, (F.I.L. C10550/10). Soin aux micro-minéraux et vitamines : aqua, cetearyl alcohol, dimethicone, Cl77891/titanium dioxide, niacinamide, mica, peg-150/stearyl alcohol/smdi copolymer, ppg-1trideceth-6, polyquaternium-37, chlorhexidine dihydrochloride, limonene, linalool, benzyl salicylate, paraffinum liquidum/mineral oil, pyridoxine hci, methylparaben, citronellol, butylphenyl methylpropional, hexyl cinnamal, parfum. (F.I.L. C25726/1).]|"
12,25€ / Pce"|"
12,25 €"
3107|Blond foncé, ton sur ton, soin-crème colorant sans amoniaquedurable 6 à 8 semaines, au lait nutritif d'abricot, ton n°15|La boîte 125ml|[Origine : FRANCE, Garnier Movida sublime votre couleur naturelle et l'illumine de reflets éclatants en couvrant durablement les cheveux blancs, sans effet racine visible, pour 6 à 8 semaines. Enrichie en lait nutritif d'abricot, sa formule rend vos cheveux soyeux, pleins de volume. Et son doux parfum fruité procure une sensation inédite de plaisir à l'application. Un nouveau soin fondant éclat intense : après la coloration, il se fond à vos cheveux pour les rendre encore plus doux, plus lisses, pour une couleur plus éclatante., Application facile et rapide : grâce à son colorclic breveté, Movida est prêt en un seul geste et s'applique facilement comme un shampooing. Sa formule soin-crème ne coule pas et agit en 15 minutes seulement. La coloration peut provoqu er une réaction allergique qui, dans certains cas rares, peut être grave. Il est obligatoire dans tous les cas, de faire un test d'allergie cutanée impérativement 48 heures avant chaque utilisation de ce produit (se conformer à la notice). Ne pas utiliser si vousavez déjà réagi à un produit de coloration, vous avez le cuir chevelu irrité ou abîmé. Tatouage henné noir : si vous avez fait, même une seule fois, un tatouage au henné noir, vous risquez d'être devenue allergique sans le savoir. Ne pas utiliser ceproduit sans avoir effectué le test d'allergie cutanée, 48 heures avant l'utilisation du produit Pensez à acheter votre produit à l'avance pour faire le test d'allergie cutanée 48 heures avant. Éviter le contact du produit avec la peau et les yeux. Ne pas employer pour la coloration des cils et des sourcils, ne pas suivre cette consigne peut entraîner la cécité. Rincer immédiatement et abondamment les yeux si le produit entre en contact avec ceux-ci. Porter les gants appropriés fournis dans l'étui. Bien rincer les cheveux après application. Ne pas utiliser si vos cheveux ont été colorés par du henné ou avec une coloration progressive. Tenir hors de la portée des enfants. Ne pas utiliser chez l'enfant. Se conformer à la notice., Colorant : aqua, oleic acid, benzyl alcohol, alcohol denat, ethanolamine, octyldodecanol, cocamide mipa, oleth-30, hexadimethrine chloride, 2.4-diaminophenoxyethanol, HCI, MEA-laureth sulfate, m-aminophenol, sodium metabisulfite, toluene-2.5-diamine,2-methylresorcinol, pentasodium pentetate, isopropanolamine, resorcinol, erythorbic acid, parfum. (FIL C26935/1). Crème révélatrice : aqua, hydrogen peroxide, cetearyl alcohol, sodium stannate, trideceth-2 carboxamide mea, pentasodium pentetate, ceteareth-30, tetrasodium pyrophosphate, glycerin, parfum. (FIL C21278/1). Soin fondant éclat intense : aqua, cetearyl alcohol, glycerin, dipalmitoylethyl hydroxyethylmonium methosulfate, cetyl esters, trideceth-6, amodimethicone, propylen glycol, dicaprylate/dicaprate, cetrimonium chloride, methylparaben, citric acid, prunus armeniaca/apricot fruit extract, parfum (FIL C27355/1)., Colorant : aqua, oleic acid, benzyl alcohol, alcohol denat, ethanolamine, octyldodecanol, cocamide mipa, oleth-30, hexadimethrine chloride, 2.4-diaminophenoxyethanol, HCI, MEA-laureth sulfate, m-aminophenol, sodium metabisulfite, toluene-2.5-diamine,2-methylresorcinol, pentasodium pentetate, isopropanolamine, resorcinol, erythorbic acid, parfum. (FIL C26935/1). Crème révélatrice : aqua, hydrogen peroxide, cetearyl alcohol, sodium stannate, trideceth-2 carboxamide mea, pentasodium pentetate, ceteareth-30, tetrasodium pyrophosphate, glycerin, parfum. (FIL C21278/1). Soin fondant éclat intense : aqua, cetearyl alcohol, glycerin, dipalmitoylethyl hydroxyethylmonium methosulfate, cetyl esters, trideceth-6, amodimethicone, propylen glycol, dicaprylate/dicaprate, cetrimonium chloride, methylparaben, citric acid, prunus armeniaca/apricot fruit extract, parfum (FIL C27355/1).]|"
11,53€ / Pce"|"
11,53 €"
3108|Châtaigne, ton sur ton sans ammoniaque, soin-crème colorant, ton n°23|La boîte de 125ml|[Origine : FRANCE, Ton sur ton sans ammoniaque au lait Nutritif - Garnier Movida sublime votre couleur naturelle et l'illumine de reflets éclatants en couvrant durablement les cheveux blancs, sans effet racine visible, pour 6 à 8 semaines. -Enrichie en lait nutritif d'abricot, sa formule rend vos cheveux soyeux, pleins de volume-. Et son doux parfum fruité procure une sensation inédite de plaisir à l'application. - Un nouveau soin fondant éclat intense - Après la coloration, il se fond à vos cheveux pour les rendre encore plus doux, plus lisses, pour une couleur plus éclatante., Application facile et rapide - Grâce à son colorclic breveté, Movida est prêt en un seul geste et s'applique facilement comme un shampooing. Sa formule soin-crème ne coule pas et agit en 15 minutes seulement.  IMPORTANT : LA COLORATION PEUT PROVOQUERUNE REACTION ALLERGIQUE QUI, DANS CERTAINS CAS RARES, PEUT ETRE GRAVE. IL EST DONC INDISPENSABLE DE RESPECTER LES CONSIGNES SUIVANTES : - NE PAS UTILISER SI : - vous avez déjà réagi à un produit de coloration. - vous avez le cuir chevelu sensible, irrité ou abîme. - EN CAS DE TATOUAGE les risques d'allergie peuvent être accrus. - FAIRE UN TEST D ALLERGIE CUTANE IMPERATIVEMENT 48 HEURES AVANT CHAQUE UTILISATION DE CE PRODUIT (voir notice). - PENSER À ACHETER VOTRE PRODUIT À L'AVANCE. - Le révélateur contient de l'eau oxygénée. - Le produit colorant contient des diaminotoluenes, de la résorcine. - Eviter le contact du produit avec la peau et les yeux, ne pas employer pour la coloration des cils et des sourcils. Ne pas suivre cette consigne peut entraîner la cécité. - Rincer immédiatement les yeux si le produit entre en contact avec ceux-ci. - Porter les gants appropriés fournis dans l'étui. - Bien rincer les cheveux après application. - Ne pas utiliser si vos cheveux ont été colorés pardu henné ou une coloration progressive. - Tenir hors de la portée des enfants. Ne pas utiliser chez l'enfant., COLORANT: AQUA / WATER, OLEIC ACID, BENZYL ALCOHOL, ALCOHOL DENAT, ETHANOLAMINE, OCTYLDODECANOL, COCAMIDE MIPA, OLETH-30, HEXADIMETHRINE CHLORIDE, p-AMINOPHENOL, 2-METHYL-5-HYDROXYETHYLAMINOPHENOL, MEA-LAURETH SULFATE, SODIUM METABISULFITE, TOLUENE-2.5-DIAMINE, 2-METHYLRESORCINOL, p-METHYLAMINOPHENOL SULFATE, PENTASODIUM PENTETATE, ISOPROPANOLAMINE, RESORCINOL, ERYTHORBIC ACID, PARFUM / FRAGRANCE. (FIL C26896/1) 484980 - CRÈME RÉVÉLATRICE : AQUA / WATER, HYDROGEN PEROXIDE, CETEARYL ALCOHOL, SODIUM STANNATE, TRIDECETH-2 CARBOXAMIDE MEA, PENTASODIUM PENTETATE, CETEARETH-30, TETRASODIUM PYROPHOSPHATE, GLYCERIN, PARFUM / FRAGRANCE. (FIL C21279/1) 1026275 - SOIN FONDANT ÉCLAT INTENSE : AQUA /WATER, CETEARYL ALCOHOL, GLYCERIN, DIPALMITOYLETHYL HYDROXYETHYLMONIUM METHOSULFATE, CETYL ESTERS, TRIDECETH-6, AMODIMETHICONE, PROPYLENE GLYCOL DICAPRYLATE/DICAPRATE, CETRIMONIUM CHLORIDE, METHYLPARABEN, CITRICACID, PRUNUS ARMENIACA / APRICOT FRUIT EXTRACT, PARFUM / FRAGRANCE. (FIL C27355/1)]|"
11,63€ / Pce"|"
11,63 €"
3109|Châtain, ton sur ton, soin crème colorant sans ammoniaque, duable 6 à 8 semaines, ton n°35|La boîte de 125ml|[Origine : FRANCE, Garnier Movida est un soin crème colorant sans ammoniaque qui couvre avec naturel vos cheveux blancs, si vous en avez jusqu'à 50%, pour une durée de 6 à 8 semaines., Colorant : aqua, oleic acid, benzyl alcohol, alcohol denat., ethanolamine, cocamide mipa, octyldodecanol, oleth-30, hexadimethrine chloride, toluene-2.5-diamine, 2.4-diaminophenoxyethanol HCI, mea-laureth sulfate, m-aminophenol, sodium metabisulfite,phenyl methyl pyrazolone, 2-methylresorcinol, pentasodium pentetate, alpha-isomethyl ionone, resorcinol, erythorbic acid, parfum. (FIL C9231/3). Crème révélatrice : aqua, hydrogen peroxide, cetearyl alcohol, sodium stannate, trideceth-2 carboxamidemea, pentasodium pentetate, ceteareth-30, tetrasodium pyrophosphate, glycerin, parfum. (FIL C21278/1). Soin final ultra douceur : aqua, cetearyl alcohol, sodium cocoamphopropionate, behentrimonium chloride, propylene glycol, sclerotium gum, trideceth-12, chlorhexidine dihydrochloride, benzyl salicylate, linalool, amodimethicone, propylene glycol dicaprylate/dicaprate, methylparaben, cetrimonium chloride, butylphenyl methylpropional, prunus armeniaca/ apricot fruit extract, hexyl cinnamal, parfum. (FIL C20739/1). Le révélateur contient de l'eau oxygénée. Le produit colorant contient un diaminotoluène, de la résorcine.]|"
11,63€ / Pce"|"
11,63 €"
3112|Châtain clair, ton sur ton, soin crème colorant, sans ammoniaque, durable 6 à 8 semaines, ton n°25|La boîte de 125ml|[Origine : FRANCE, Garnier Movida est un soin-crème colorant sans ammoniaque qui couvre avec naturel vos cheveux blancs, si vous en avez jusqu'à 50%, pour une durée de 6 à 8 semaines., Soin-crème colorant : aqua, oleic acid, benzyl alcohol, alcohol denat., ethanolamine, cocamide mipa, octyldodecanol, oleth-30, hexadimethrine chloride, toluene-2.5-diamine, 2.4-diaminophenoxyethanol HCI, MEA-laureth sulfate, m-aminophenol, sodium metabisulfite, phenyl methyl pyrazolone, 2-methylresorcinol, pentasodium pentetate, alpha-isomethyl ionone, resorcinol, erythorbic acid, parfum. (FIL C9232/3). Crème révélatrice : aqua, hydrogen peroxide, cetearyl alcohol, sodium stannate, trideceth-2 carboxamide mea, pentasodium pentetate, ceteareth-30, tetrasodium pyrophosphate, glycerin. (FIL C20698/1). Soin final ultra douceur : aqua, cetearyl alcohol, sodium cocoamphopropionate, behentrimonium chloride, propylene glycol, sclerotium gum, trideceth-12, chlorhexidine dihydrochloride, benzyl salicylate, linalool, amodimethicone, propylene glycol dicaprylate/dicaprate, methylparaben, cetrimonium chloride, butylphenyl methylpropional, prunus armeniaca/ apricot fruit extract, hexyl cinnamal, parfum. (FIL C20739/1). Le révélateur contient de l'eau oxygénée. Le produit colorant contient un diaminotoluène, de la résorcine.]|"
11,53€ / Pce"|"
11,53 €"
3113|Châtain clair doré, ton sur ton, soin-crème colorant sans ammmoniaque, durable 6 à 8 semaines, au lait d'abricot, ton n°26|La boîte 125ml|[Origine : FRANCE, En quoi Garnier Movida est-il différent des autres colorations ? Une couleur éclatante et naturelle qui couvre durablement les cheveux blancs. Garnier Movida sublime votre couleur naturelle et l'illumine de reflets éclatants en couvrant les cheveux blancs pour une durée de 6 à 8 semaines sans effet racine visible. Soin-crème sans ammoniaque : le seul ton sur ton soin crème enrichi en lait nutritif d'abricot qui enrobe généreusement vos cheveux pour les rendre doux, soyeux, pleins de volume. Nouveau : crème parfum fruité : nouvelle formule au doux parfum fruité pour une sensation inédite de plaisir à l'application., Application facile et rapide : grâce au colorclic (système breveté), Movida est prêt en un seul geste et s'applique facilement comme un shampooing. Sa formule soin-crème ne coule pas et agit en 15 minutes seulement. La coloration peut  provoquer uneréaction allergique qui, dans certains cas rares, peut être grave. Il est obligatoire dans tous les cas, de faire un test d'allergie cutanée impérativement 48 heures avant chaque utilisation de ce produit (se conformer à la notice). Ne pas utiliser si vous avez déjà réagi à un produit de coloration, vous avez le cuir chevelu irrité ou abîmé. Tatouage henné noir : si vous avez fait, même une seule fois, un tatouage au henné noir, vous risquez d'être devenue allergique sans le savoir. Ne pas utiliser ce produit sans avoir effectué le test d'allergie cutanée, 48 heures avant l'utilisation du produit Pensez à acheter votre produit à l'avance pour faire le test d'allergie cutanée 48 heures avant. Éviter le contact du produit avec la peau et lesyeux Ne pas employer pour la coloration des cils et des sourcils, ne pas suivre cette consigne peut entraîner la cécité. Rincer immédiatement et abondamment les yeux si le produit entre en contact avec ceux-ci. Porter les gants appropriés fournis dans l'étui. Bien rincer les cheveux après application. Ne pas utiliser si vos cheveux ont été colorés par du henné ou avec une coloration progressive. Tenir hors de la portée des enfants. Ne pas utiliser chez l'enfant. Se conformer à la notice., Colorant : aqua, oleic acid, benzyl alcohol, alcohol denat, ethanolamine, cocamide mipa, octyldodecanol, oleth-30, hexadimethrine chloride, p-aminophenol, MEA-laureth sulfate, m-aminophenol, sodium metabisulfite, phenyl methyl pyrazolone, toluene-2.5-diamine, 2-methyl-5-hydroxyethylaminophenol, pentasodium pentetate, alpha-isomethyl ionone, resorcinol, erythorbic acid, parfum (FIL C10124/3). Crème révélatrice : aqua, hydrogen peroxide, cetearyl alcohol, sodium stannate, trideceth-2 carboxamide mea, pentasodium pentetate, ceteareth-30, tetrasodium pyrophosphate, glycerin, parfum. (FIL C21279/1). Soin final ultra douceur : aqua, cetearyl alcohol, sodium cocoamphopropionate, behentrimonium chloride, propylene glycol, sclerotium gum, trideceth-12, chlorhexidine dihydrochloride, benzyl salicylate, linalol, amodimethicone, propylen glycol, dicaprylate/dicaprate, methylparaben, cetrimonium chloride, butylphenyl methylpropional, prunus armeniaca/apricot fruit extract, hexyl cinnamal, parfum (FIL C20739/1)., Colorant : aqua, oleic acid, benzyl alcohol, alcohol denat, ethanolamine, cocamide mipa, octyldodecanol, oleth-30, hexadimethrine chloride, p-aminophenol, MEA-laureth sulfate, m-aminophenol, sodium metabisulfite, phenyl methyl pyrazolone, toluene-2.5-diamine, 2-methyl-5-hydroxyethylaminophenol, pentasodium pentetate, alpha-isomethyl ionone, resorcinol, erythorbic acid, parfum (FIL C10124/3). Crème révélatrice : aqua, hydrogen peroxide, cetearyl alcohol, sodium stannate, trideceth-2 carboxamide mea, pentasodium pentetate, ceteareth-30, tetrasodium pyrophosphate, glycerin, parfum. (FIL C21279/1). Soin final ultra douceur : aqua, cetearyl alcohol, sodium cocoamphopropionate, behentrimonium chloride, propylene glycol, sclerotium gum, trideceth-12, chlorhexidine dihydrochloride, benzyl salicylate, linalol, amodimethicone, propylen glycol, dicaprylate/dicaprate, methylparaben, cetrimonium chloride, butylphenyl methylpropional, prunus armeniaca/apricot fruit extract, hexyl cinnamal, parfum (FIL C20739/1).]|"
11,63€ / Pce"|"
11,63 €"
3114|Châtain foncé, ton sur ton, soin crème colorant, sans ammoniaque, durable 6 à 8 semaines, ton n°45|La boîte de 125ml|[Origine : FRANCE, Garnier Movida sublime votre couleur naturelle et l'illumine de reflets éclatants en couvrant les cheveux blancs pour une durée de 6 à 8 semaines., Colorant : aqua, oleic acid, benzyl alcohol, alcohol denat., ethanolamine, cocamide mipa, octyldodecanol, oleth-30, hexadimethrine chloride, toluene-2.5-diamine, 2-methylresorcinol, 2.4-diaminophenoxyethanol HCI, mea-laureth sulfate, m-aminophenol, sodium metabisulfite, phenyl methyl pyrazolone, pentasodium pentetate, alpha-isomethyl ionone, resorcinol, erythorbic acid, parfum. (FIL C19450/2). Crème révélatrice : aqua, hydrogen peroxide, cetearyl alcohol, sodium stannate, trideceth-2 carboxamidemea, pentasodium pentetate, ceteareth-30, tetrasodium pyrophosphate, glycerin, parfum. (FIL C21278/1). Soin final ultra douceur : aqua, cetearyl alcohol, sodium cocoamphopropionate, behentrimonium chloride, propylene glycol, sclerotium gum, trideceth-12, chlorhexidine dihydrochloride, benzyl salicylate, linalool, amodimethicone, propylene glycol dicaprylate/dicaprate, methylparaben, cetrimonium chloride, butylphenyl methylpropional, prunus armeniaca/ apricot fruit extract, hexyl cinnamal, parfum. (FIL C20739/1). Le révélateur contient de l'eau oxygénée. Le produit colorant contient un diaminotoluène, de la résorcine.]|"
11,53€ / Pce"|"
11,53 €"
3115|Châtain foncé 300, crème-gel coloration permanente, colorants purs, vitamine B3-B6|La boîte de 120ml|[Origine : FRANCE, Qualité couleur digne des professionnels : Garnier 100% color une coloration permanente composée de colorants purs longue durée, justement dosés pour un résultat sophistiqué et sans surcharge. La couleur est intense et extra-brillante. Elle est fraîche, pleine de vitalité et elle le reste. Nouveau soin aux micro-minéraux et vitamines. Son soin profond, au parfum fruité, est enrichi en vitamines B3 et B6 et micro-minéraux d'origine naturelle pour des cheveux forts, brillants de santé. Un serviced'experts à domicile. Sa texture crème-gel permet une application facile, rapide et précise même sur cheveux longs, elle ne coule pas. Un soin extra fondant qui lisse instantanément les cheveux : ils sont doux, faciles à démêler et à coiffer., La coloration peut provoquer une réaction allergique qui, dans certains cas rares, peut être grave. Il est donc indispensable de respecter les consignes suivantes : ne pas utiliser si vous avez déjà réagi à un produit de coloration, vous avez le cuirchevelu sensible, irrité ou abîmé. En cas de tatouage les risques d'allergie peuvent être accrus. Faire un test d'allergie cutanée impérativement 48 heures avant chaque utilisation de ce produit (voir notice). pensez à acheter votre produit à l'avance Eviter le contact du produit avec la peau et les yeux Ne pas employer pour la coloration des cils et des sourcils, ne pas suivre cette consigne peut entraîner la cécité. Rincer immédiatement les yeux si le produit entre en contact avec ceux-ci. Porter les gants appropriés fournis dans l'étui. Bien rincer les cheveux après application. Ne pas appliquer juste après une décoloration ou une permanente ou un défrisage. Ne pas utiliser si vos cheveux ont été colorés par du henné ou une coloration progressive. Tenir hors de la portée des enfants Ne pas utiliser chez l'enfant  Se conformer à la notice., Crème-gel colorant : aqua, deceth-3, laureth-12, oleth-30, deceth-5, trideceth-2 carboxamide mea, ammonium hydroxide, glycerin, oleic acid, hexadimethrine chloride, oleyl alcohol, polyquaternium-22, p-phenylenediamine, 2.4-diaminophenoxyethanol HCI,m-aminophenol, ascorbic acid, ethanolamine, polyquaternium-24, ammonium thiolactate, p-methylaminophenol sulfate, N,N-bis (2-hydroxyethyl)-p-phenylenediamine sulfate, alpha-isomethyl ionone, resorcinol, edta, parfum (F.I.L C18137/3). Lait révélateur: aqua, hydrogen peroxide, cetearyl alcohol, sodium stannate, trideceth-2 carboxamide mea, pentasodium pentetate, ceteareth-30, tetrasodium pyrophosphate, glycerin, (F.I.L. C10550/10). Soin aux micro-minéraux et vitamines : aqua, cetearyl alcohol, dimethicone, Cl77891/titanium dioxide, niacinamide, mica, peg-150/stearyl alcohol/smdi copolymer, ppg-1 trideceth-6, polyquaternium-37, chlorhexidine dihydrochloride, limonene, linalool, benzyl salicylate, paraffinum liquidum/mineral oil, pyridoxine hci, methylparaben, citronellol, butylphenyl methylpropional, hexyl cinnamal, parfum. (F.I.L. C25726/1)., Crème-gel colorant : aqua, deceth-3, laureth-12, oleth-30, deceth-5, trideceth-2 carboxamide mea, ammonium hydroxide, glycerin, oleic acid, hexadimethrine chloride, oleyl alcohol, polyquaternium-22, p-phenylenediamine, 2.4-diaminophenoxyethanol HCI,m-aminophenol, ascorbic acid, ethanolamine, polyquaternium-24, ammonium thiolactate, p-methylaminophenol sulfate, N,N-bis (2-hydroxyethyl)-p-phenylenediamine sulfate, alpha-isomethyl ionone, resorcinol, edta, parfum (F.I.L C18137/3). Lait révélateur: aqua, hydrogen peroxide, cetearyl alcohol, sodium stannate, trideceth-2 carboxamide mea, pentasodium pentetate, ceteareth-30, tetrasodium pyrophosphate, glycerin, (F.I.L. C10550/10). Soin aux micro-minéraux et vitamines : aqua, cetearyl alcohol, dimethicone, Cl77891/titanium dioxide, niacinamide, mica, peg-150/stearyl alcohol/smdi copolymer, ppg-1 trideceth-6, polyquaternium-37, chlorhexidine dihydrochloride, limonene, linalool, benzyl salicylate, paraffinum liquidum/mineral oil, pyridoxine hci, methylparaben, citronellol, butylphenyl methylpropional, hexyl cinnamal, parfum. (F.I.L. C25726/1).]|"
12,25€ / Pce"|"
12,25 €"
3116|Cheveux colorés, permanente protectrice|La boîte de 200ml|[Origine : FRANCE, La permanente Garnier Permifique est le résultat de recherche avancée de Garnier. Sa formule protectrice originale offre une double performance. Un ressort durable : Garnier Permifique donne aux cheveux un ressort extraordinaire. Que vous choisissiezdes boucles, des vagues ou du volume, l'effet de votre permanente est durable, shampooing après shampooing. Une douceur exceptionnelle : Garnier permifique contient un agent protecteur breveté (BF N2270846) qui préserve l'état du cheveu pendant l'action de la permanente. Ainsi, avec Garnier Permifique, vos cheveux restent merveilleusement doux, brillants et faciles à démêler. Volume, vagues ou boucles : le style de coiffure que vous souhaitez dépend de la taille des bigoudis que vous choisirez., Vous devez l'utiliser si vos cheveux sont colorés avec une coloration permanente (qui ne s'efface pas aux shampooings) ou méchés. Garnier Permifique est déconseillée sur cheveux décolorés, ou colorés avec du henné ou des sels métalliques.Porter des gants appropriés. Evitez le contact du produit avec les yeux. Rincez immédiatement les yeux si le produit entre en contact avec ceux-ci et consulter 1 médecin. Ne convient pas aux enfants. Ne pas laisser à la portée des enfants, Lotion neutralisante : aqua/water, hydrogen peroxide, oleth-20, hydroxyethyl oleyl dimonium chloride, sodium salicylate, parfum/fragrance, geraniol, cetrimonium chloride, citric acid, citronellol, styrene/vp copolymer, oxyquinoline sulfate. (Cl8548/2). Lotion permanente : aqua/water, ammonium thiolactate, ammonium bicarbonate, hexadimethrine chloride, hydroxyethyl oleyl dimonium chloride, oleth-20, pentasodium pentetate, benzyl alcohol, benzyl salicylate, cinnamyl alcohol, butylphenyl methylpropional, hexyl cinnamal, styrene/vp copolymer, parfum/fragrance. (C6657/5).]|"
17,40€ / Pce"|"
17,40 €"
3117|Coloration 90 noir Ebene|La boîte de 120ml|[Origine : FRANCE, Garnier Belle Color recrée toutes les nuances d'une couleur naturelle et couvre 100% des cheveux blancs pour un résultat naturel garanti, tout en nuance. Enrichie en huile de jojoba et de germe de blé, Garnier Belle Color laisse les cheveux doux et naturels au toucher., Crème colorante : aqua/water, deceth-3, laureth-12, cocamide mipa, oleth-30, ammonium hydroxide, deceth-5, glycerin, p-phenylenediamine, oleic acid, oleyl alcohol, resorcinol, hexadimethrine chloride, 2,4-diaminophenoxyethanol HCl, m-aminophenol, ascorbic acid, hydroxyethylcellulose, ethanolamine, triticum vulgare germ oil/wheat germ oil, polyquaternium-6, polyquaternium-67, ammonium thiolactate, simmondsia chinensis oil/jojoba seed oil, n,n-bis(2-hydroxyethyl)-p-phenylenediamine sulfate, isopropanolamine, edta, parfum/fragrance. (F.I.L. C49801/1). Lait révélateur : aqua/water, hydrogen peroxide, cetearyl alcohol, sodium stannate, trideceth 2 carboxamide mea, pentasodium pentetate, phosphoric acid, ceteareth-25, tetrasodium pyrophosphate, glycerin. (F.I.L. C10550/12). Crème de soin nutritive : aqua/water, cetearyl alcohol, dimethicone, niacinamide, chamomilla recutita extract/matricaria flower extract, vaccinium macrocarpon (cranberry) seed oil, sodium hydroxide, peg-150/stearyl alcohol/smdi copolymer, juglans regia (walnut) seed oil, ppg-1 trideceth-6, polyquaternium-37, maltodextrin, chlorhexidine dihydrochloride, limonene, camellia sinensis extract / camellia sinensis leaf extract, linalool, benzyl salicylate, propylene glycol,paraffinum liquidum/mineral oil, pyridoxine HCl, methylparaben, citronellol, butylphenyl methylpropional, hexyl cinnamal, parfum/fragrance. (F.I.L. C45553/3).]|"
9,12€ / Pce"|"
9,12 €"
3118|Crème décolorante, protéines de blé, soin nutritif|La boîte de 180ml|[Origine : FRANCE, Vous cherchez à décolorer vos cheveux naturels ou à enlever une ancienne couleur obtenue par coloration permanente, Garnier Décoloril est le produit qu'il vous faut. Le soin enrichi aux protéines de blé et au complexe UV-protecteur protège vos cheveux des agressions extérieures (brosse, soleil, vent). Vos cheveux sont doux, brillants. Résultat : votre blond est éclatant de naturel et pour longtemps., Révélateur crème : aqua, hydrogen peroxide, cetearyl alcohol, trideceth-2 carboxamide mea, ceteareth-30, glycerin, pentasodium pentetate, sodium stannate, tetrasodium pyrophosphate. (Cl3169/5). Crème décolorante : aqua, cetearyl alcohol, propylene glycol, deceth-3, laureth-12, ammonium hydroxide, oleth-30, lauric acid, glycol distearate, polyquaternium-22, ethanolamine, silica dimethyl silylate, pentasodium pentetate, carbomer, parfum. (Cl3667/2). Poudre décolorante : potassium persulfate, sodium metasilicate, sodium persulfate, ammonium chloride, kaolin, sodium lauroyl sarcosinate (Cl77891), edta, cyamopsis tetragonoloba, polydecene, calcium stearate. (Cl7387/1). Soin nutritif : aqua, cetearyl alcohol, behentrimonium chloride, PEG-180, amodimethicone, cetyl esters, camphor benzalkonium methosulfate, cetrimonium chloride, chlorhexidine dihydrochloride, citric acid, hydroxyethylcellulose, hydroxypropyltrimonium hydrolyzed wheat protein, methylparaben, trideceth-12, parfum. (C14074/1) Lemélange décolorant contient de l'ammoniaque, de l'eau oxygénée et des persulfates.]|"
12,25€ / Pce"|"
12,25 €"
3119|Crème facil-color, coloration permanente, 20-châtain clair naturel|La boîte de 115ml|[Origine : FRANCE, Résultat naturel garanti. Grâce à sa formule unique aux colorants nuanceurs Garnier Belle Color recréé toutes les nuances d'une couleur naturelle et couvre 100% des cheveux blancs.Enrichie en huile de jojoba et de germe de blé, Garnier Belle Color laisse les cheveux doux et naturels au toucher. Une coloration facile et rapide., Sa texture unique Crème Facil-Color, qui ne coule pas, s'applique comme un shampooing et agit en 20 minutes seulement. Important : la coloration peut provoquer une réaction allergique qui, dans certains cas rares, peut être grave. Il est obligatoire,dans tous les cas, de faire un test d'allergie cutanée impérativement 48 heures avant chaque utilisation de ce produit (se conformer à la notice). Ne pas utiliser si : vous avez déjà réagi à un produit de coloration, vous avez le cuir chevelu irritéou abîmé. Tatouage henné noir : si vous avez fait, même une seule fois, un tatouage au henné noir, vous risquez d'être devenue allergique sans le savoir. Ne pas utiliser ce produit sans avoir effectué le test d'allergie cutanée, 48 heures avant l'utilisation du produit. Pensez à acheter votre produit à l'avance pour faire le test d'allergie cutanée 48 heures avant. Le révélateur contient de l'eau oxygénée. Le produit colorant contient : des diaminobenzènes, de la résorcine, de l'ammoniaque. Eviter le contact du produit avec la peau et les yeux, ne pas employer pour la coloration des cils et des sourcils. Ne pas suivre cette consigne peut entraîner la cécité. Rincer immédiatement et abondamment les yeux si le produit entre en contact avec ceux-ci. Porter les gants appropriés fournis dans l'étui. Bien rincer les cheveux après application. Ne pas utiliser si vos cheveux ont été colorés par du henné ou une coloration progressive. Tenir hors de la portée des enfants. Ne pas utiliser chez l, Aqua/water, deceth-3, laureth-12, cocamide mipa, ammonium hydroxide, oleth-30, glycerin, deceth-5, oleic acid, oleyl alcohol, hexadimethrine chloride, 2.4-diaminophenoxyethanol HCl, m-aminophenol, ascorbic acid, hydroxyethylcellulose, hydroxybenzomorpholine, ethanolamine, triticum vulgare germ oil/wheat germ oil, polyquaternium-6, polyquaternium-24, ammonium thiolactate, simmondsia chinensis oil/jojoba seed oil, isopropanolamine, p-phenylenediamine, resorcinol, edta, parfum/fragrance. (F.I.L. C29998/1). Lait révélateur : aqua/water, hydrogen peroxide, cetearyl alcohol, sodium stannate, trideceth-2 carboxamide mea, pentasodium pentetate, phosphoric acid, ceteareth-25, tetrasodium pyrophosphate, glycerin. (F.I.L. C10550/12). Crème de soin nutritive : aqua/water, cetearyl alcohol, dimethicone, niacinamide, peg-150/stearyl alcohol/smdi copolymer, ppg-1 trideceth-6, polyquaternium-37, chlorhexidine dihydrochloride, limonene, linalool, benzyl salicylate, paraffinum liquidum/mineral oil, methylparaben, citronellol, butylphenyl methylpropional, hexyl cinnamal, parfum/fragrance. (F.I.L. C30561/1).]|"
8,64€ / Pce"|"
8,64 €"
3120|Crème facil-color, coloration permanente, 28- châtain marron naturel|La boîte de 115ml|[Origine : FRANCE, Un résultat naturel garanti. Alors que les colorations permanentes classiques peuvent donner des couleurs trop uniformes, Garnier Belle Color donne une couleur naturelle nuancée. Comment ? Sa formule unique respecte toutes les différences de tons naturelles de votre chevelure, tout en couvrant parfaitement les cheveux blancs. NOUVEAU Sa nouvelle crème de soin nutritive protège les cheveux du dessèchement et les rend extrêmement doux et naturels au toucher. Une couleur naturelle, facile et inratable. Sa formule gel crème s'applique très facilement en une seule fois sur toute la chevelure, comme un shampooing. Elle ne coule pas, et agit en 20 minutes seulement. Des cheveux naturels au toucher. Sa formule enrichie en huile de jojoba et de germe de blé protège efficacement vos cheveux du dessèchement., CONSIGNES D'UTILISATION IMPORTANT : LA COLORATION PEUT PROVOQUER UNE REACTION ALLERGIQUE QUI, DANS CERTAINS CAS RARES, PEUT ETRE GRAVE. IL EST DONC INDISPENSABLE DE RESPECTER LES CONSIGNES SUIVANTES : NE PAS UTILISER SI : - vous avez déjà réagi à unproduit de coloration. - vous avez le cuir chevelu sensible, irrité ou abîmé. - EN CAS DE TATOUAGE les risques d'allergie peuvent être accrus. - FAIRE UN TEST D'ALLERGIE CUTANÉE IMPÉRATIVEMENT 48 HEURES AVANT CHAQUE UTILISATION DE CE PRODUIT (voir notice). - PENSER À ACHETER VOTRE PRODUIT À L'AVANCE. -Le révélateur contient de l'eau oxygénée. -Le produit colorant contient : des diaminobenzènes. de la résorcine, de l'ammoniaque.- Eviter le contact du produit avec la peau et les yeux, ne pas employer pour la coloration des cils et des sourcils. Ne pas suivre cette consigne peut entraîner la cécité. -Rincer immédiatement les yeux si le produit entre en contact avec ceux-ci. -Porter les gants appropriés fournis dans l'étui. -Bien rincer les cheveux après application. -Ne pas utiliser si vos cheveux ont été colorés par du henné ou une coloration progressive. -Tenir hors de la portée des enfants. Ne pas utiliser chez l'enfant.]|"
9,31€ / Pce"|"
9,31 €"
3123|Crème facil-color, coloration permanente, 2-blond naturel|La boîte de 115ml|[Origine : FRANCE, Un résultat naturel garanti. Alors que les colorations permanentes classiques peuvent donner des couleurs trop uniformes, Garnier Belle Color donne une couleur naturelle nuancée. Comment ? Sa formule unique respecte toutes les différences de tons naturelles de votre chevelure, tout en couvrant parfaitement les cheveux blancs. NOUVEAU Sa nouvelle crème de soin nutritive protège les cheveux du dessèchement et les rend extrêmement doux et naturels au toucher. Une couleur naturelle, facile et inratable. Sa formule gel crème s'applique très facilement en une seule fois sur toute la chevelure, comme un shampooing. Elle ne coule pas, et agit en 20 minutes seulement. Des cheveux naturels au toucher. Sa formule enrichie en huile de jojoba et de germe de blé protège efficacement vos cheveux du dessèchement., CONSIGNES D'UTILISATION IMPORTANT : LA COLORATION PEUT PROVOQUER UNE REACTION ALLERGIQUE QUI, DANS CERTAINS CAS RARES, PEUT ETRE GRAVE. IL EST DONC INDISPENSABLE DE RESPECTER LES CONSIGNES SUIVANTES : NE PAS UTILISER SI : - vous avez déjà réagi à unproduit de coloration. - vous avez le cuir chevelu sensible, irrité ou abîmé. - EN CAS DE TATOUAGE les risques d'allergie peuvent être accrus. - FAIRE UN TEST D'ALLERGIE CUTANÉE IMPÉRATIVEMENT 48 HEURES AVANT CHAQUE UTILISATION DE CE PRODUIT (voir notice). - PENSER À ACHETER VOTRE PRODUIT À L'AVANCE. -Le révélateur contient de l'eau oxygénée. -Le produit colorant contient : des diaminobenzènes. de la résorcine, de l'ammoniaque.- Eviter le contact du produit avec la peau et les yeux, ne pas employer pour la coloration des cils et des sourcils. Ne pas suivre cette consigne peut entraîner la cécité. -Rincer immédiatement les yeux si le produit entre en contact avec ceux-ci. -Porter les gants appropriés fournis dans l'étui. -Bien rincer les cheveux après application. -Ne pas utiliser si vos cheveux ont été colorés par du henné ou une coloration progressive. -Tenir hors de la portée des enfants. Ne pas utiliser chez l'enfant., CRÈME COLORANTE: AQUA/ WATER, DECETH-3, LAURETH-12, OLETH-30, DECETH-5, TRIDECETH-2 CARBOXAMIDE MEA, AMMONIUM HYDROXIDE, GLYCERIN, OLEIC ACID, HEXADIMETHRINE CHLORIDE, OLEYL ALCOHOL, POLYQUATERNIUM-22, m-AMINOPHENOL, ASCORBIC ACID, SODIUM METABISULFITE, HYDROXYBENZOMORPHOUNE, ETHANOLAMINE, TRITICUM VULGARE / WHEAT GERM OIL, POLYQUATERNIUM-24, CAMELUA KISSI / CAMELLIA KISSISEED OIL, SIMMONDSIA CHINENSIS / JOJOBA SEED OIL, p-PHENYLENEDIAMINE, ALPHA-ISOMETHYLIONONE, RESORCINOL, EDTA, CITRONELLOL, PARFUM / FRAGRANCE. (F.I.L. C19763/2) 437047 - LAIT RÉVÉLATEUR : AQUA / WATER, HYDROGEN PEROXIDE, CETEARYL ALCOHOL, SODIUM STANNATE, TRIDECETH-2 CARBOXAMIDE MEA, PENTASODIUM PENTETATE, CETEARETH-30, TETRASODIUM PYROPHOSPHATE, GLYCERIN. (F.I.L. C10550/10) 487043 - CRÈME DE SOIN NUTRITIVE : AQUA / WATER, CETEARYL ALCOHOL, DIMETHICONE, Cl 77891 / TITANIUM DIOXIDE, NIACINAMIDE, MICA, PEG-150/STEARYL ALCOHOL/SMDICOPOLYMER, PPG-1 TRIDECETH-6, POLYQUATERNIUM-37, CHLORHEXIDINE DIHYDROCHLORIDE, LIMONENE,LINALOOL, BENZYL SAUCYLATE, PARAFF1NUM UQUIDUM / MINERAL OIL, METHYLPARABEN, CITRONELLOL, BUTYLPHENYL METHYLPROPIONAL, HEXYL CINNAMAL, PARFUM / FRAGRANCE. (F.I.L C20924/1)]|"
8,91€ / Pce"|"
8,91 €"
3124|Crème facil-color, coloration permanente, 6 - blond très clair naturel|La boîte de 115ml|[Origine : FRANCE, Un résultat naturel garanti. Alors que les colorations permanentes classiques peuvent donner des couleurs trop uniformes, Garnier Belle Color donne une couleur naturelle nuancée. Comment ? Sa formule unique respecte toutes les différences de tons naturelles de votre chevelure, tout en couvrant parfaitement les cheveux blancs. NOUVEAU Sa nouvelle crème de soin nutritive protège les cheveux du dessèchement et les rend extrêmement doux et naturels au toucher. Une couleur naturelle, facile et inratable. Sa formule gel crème s'applique très facilement en une seule fois sur toute la chevelure, comme un shampooing. Elle ne coule pas, et agit en 20 minutes seulement. Des cheveux naturels au toucher. Sa formule enrichie en huile de jojoba et de germe de blé protège efficacement vos cheveux du dessèchement., LA COLORATION PEUT PROVOQUER UNE RÉACTION ALLERGIQUE QUI, DANS CERTAINS CAS RARES, PEUT ÊTRE GRAVE IL EST OBUGATOIRE, DANS TOUS LES CAS, DE FAIRE UN TEST D'ALLERGIE CUTANÉE IMPÉRATIVEMENT 48 HEURES AVANT CHAQUE UT1USAT10N DE CE PRODUIT (se conformerà la notice). NE PAS UT1USER SI :- vous avez déjà réagi à un produit de coloration.- vous avez le cuir chevelu irrité ou abîmé. TATOUAGE HENNE NOIR : si vous avez fait même une seule fois, un tatouage au henné noir, vous risquez d'être devenue allergique sans le savoir. Ne pas utiliser ce produit sans avoir effectué le test d'allergie cutanée, 48 heures avant l'utilisation du produit.PENSEZ À ACHETER VOTRE PRODgiT À L'AVANCE POUR FAIRE LE TEST D'ALLERGIE CUTANEE 48 HEURES AVANT.-Le révélateurcontient de l'eau oxygénée.-Le produit colorant contient : des diaminobenzènes, de larésorcine, de l'ammoniaque. -Éviter le contact du produit avec la peau et les yeux, ne pasemployer pour la coloration des cils et des sourcils. Ne passuivre cette consigne peut entraîner la cécité. -Rincer immédiatement les yeux si le produit entre encontact avec ceux-ci, -Porter les gants appropriés fournis dans l'étui. -Bien rincer les cheveux après application. -Ne pas utiliser si vos cheveux ont été coloréspar du henné ou une coloration progressive. -Tenir hors de la portée des enfants. Ne pas utiliser chez l'enfant., CRÈME COLORANTE : AQUA/WATER, DECETH-3, LAURETH-12, OLETH-30, DECETH-5, TRIDECETH-2 CARBOXAMIDE MEA, AMMONIUM HYDROXIDE, GLYCERIN, OLEIC ACID, HEXADIMETHRINE CHLORIDE, OLEYL ALCOHOL, POLYQUATERNIUM-22, m-AMINOPHENOL, ASCORBIC ACID, SODIUM METABISULFITE, ETHANOLAMINE, TRITICUM VULGARE / WHEAT GERM OIL, POLYQUATERNIUM-24, CAMELLIA KISSI / CAMELLIA KISSI SEED OIL, SIMMONDSIA CHINENSIS / JOJOBA SEED OIL, ALPHA-ISOMETHYL IONONE, p-PHENYLENEDIAMINE, RESORCINOL, EDTA, CITRONELLOL, PARFUM / FRAGRANCE. (F.I.L. C20092/2) 437047 - LAIT RÉVÉLATEUR : AQUA / WATER, HYDROGEN PEROXIDE, CETEARYL ALCOHOL, SODIUM STANNATE, TRIDECETH-2 CARBOXAMIDE MEA, PENTASODIUM PENTETATE, CETEARETH-30, TETRASODIUM PYROPHOSPHATE, GLYCERIN. (F.I.L. C10550/10) 487043 - CRÈME DE SOIN NUTRITIVE : AQUA / WATER, CETEARYL ALCOHOL, DIMETHICONE, Cl 77891 / TITANIUM DIOXIDE, NIACINAMIDE, MICA, PEG-150/STEARYL ALCOHOL/SMDI COPOLYMER, PPG-1 TRIDECETH-6, POLYQUATERNIUM-37, CHLORHEXIDINE DIHYDROCHLORIDE, LIMONENE, LINALOOL, BENZYL SALICYLATE, PARAFFINUM LIQUIDUM / MINERAL OIL, METHYLPARABEN, CITRONELLOL, BUTYLPHENYL METHYLPROPIONAL, HEXYL CINNAMAL, PARFUM / FRAGRANCE. (F.I.L. C20924/1)]|"
8,91€ / Pce"|"
8,91 €"
3125|Crème facil-color, résultat naturel garanti, coloration permanente, 21 châtain clair doré,|La boîte de 115ml|[Origine : FRANCE, Résultat naturel garanti. Grâce à sa formule unique aux colorants nuanceurs Garnier Belle Color recréé toutes les nuances d'une couleur naturelle et couvre 100% des cheveux blancs.Enrichie en huile de jojoba et de germe de blé, Garnier Belle Color laisse les cheveux doux et naturels au toucher. Une coloration facile et rapide., Sa texture unique Crème Facil-Color, qui ne coule pas, s'applique comme un shampooing et agit en 20 minutes seulement. Important : la coloration peut provoquer une réaction allergique qui, dans certains cas rares, peut être grave. Il est obligatoire,dans tous les cas, de faire un test d'allergie cutanée impérativement 48 heures avant chaque utilisation de ce produit (se conformer à la notice). Ne pas utiliser si : vous avez déjà réagi à un produit de coloration, vous avez le cuir chevelu irritéou abîmé. Tatouage henné noir : si vous avez fait, même une seule fois, un tatouage au henné noir, vous risquez d'être devenue allergique sans le savoir. Ne pas utiliser ce produit sans avoir effectué le test d'allergie cutanée, 48 heures avant l'utilisation du produit. Pensez à acheter votre produit à l'avance pour faire le test d'allergie cutanée 48 heures avant. Le révélateur contient de l'eau oxygénée. Le produit colorant contient : des diaminobenzènes, de la résorcine, de l'ammoniaque. Eviter le contact du produit avec la peau et les yeux, ne pas employer pour la coloration des cils et des sourcils. Ne pas suivre cette consigne peut entraîner la cécité. Rincer immédiatement et abondamment les yeux si le produit entre en contact avec ceux-ci. Porter les gants appropriés fournis dans l'étui. Bien rincer les cheveux après application. Ne pas utiliser si vos cheveux ont été colorés par du henné ou une coloration progressive. Tenir hors de la portée des enfants. Ne pas utiliser chez l, Crème colorante : aqua/water, deceth-3, laureth-12, cocamide mipa, ammonium hydroxide, oleth-30, glycerin, deceth-5, oleic acid, oleyl alcohol, hexadimethrine chloride, 2.4-diaminophenoxyethanol HCl, p-aminophenol, m-aminophenol, ascorbic acid, hydroxyethylcellulose, ethanolamine, triticum vulgare germ oil/wheat germ oil, polyquaternium-6, polyquaternium-24, ammonium thiolactate, simmondsia chinensis oil/jojoba seed oil, 2-methyl-5-hydroxyethylaminophenol, isopropanolamine, p-phenylenediamine, resorcinol, edta, parfum/fragrance. (F.I.L. C30037/1). Lait révélateur : aqua/water, hydrogen peroxide, cetearyl alcohol, sodium stannate, trideceth-2 carboxamide mea, pentasodium pentetate, phosphoric acid, ceteareth-25, tetrasodium pyrophosphate, glycerin. (F.I.L. C10550/12). Crème de soin nutritive : aqua/water, cetearyl alcohol, dimethicone, niacinamide, peg-150/stearyl alcohol/smdi copolymer, ppg-1 trideceth-6, polyquaternium-37, chlorhexidine dihydrochloride, limonene, linalool, benzyl salicylate, paraffinum liquidum/mineral oil, methylparaben, citronellol, butylphenyl methylpropional, hexyl cinnamal, parfum/fragrance. (F.I.L. C30561/1).]|"
8,64€ / Pce"|"
8,64 €"
3128|Crème facil-color, résultat naturel garanti, coloration permanente, 3 blond doré|La boîte de 115ml|[Origine : FRANCE, Résultat naturel garanti. Grâce à sa formule unique aux colorants nuanceurs Garnier Belle Color recréé toutes les nuances d'une couleur naturelle et couvre 100% des cheveux blancs.Enrichie en huile de jojoba et de germe de blé, Garnier Belle Color laisse les cheveux doux et naturels au toucher. Une coloration facile et rapide., Sa texture unique Crème Facil-Color, qui ne coule pas, s'applique comme un shampooing et agit en 20 minutes seulement. Important : la coloration peut provoquer une réaction allergique qui, dans certains cas rares, peut être grave. Il est obligatoire,dans tous les cas, de faire un test d'allergie cutanée impérativement 48 heures avant chaque utilisation de ce produit (se conformer à la notice). Ne pas utiliser si : vous avez déjà réagi à un produit de coloration, vous avez le cuir chevelu irritéou abîmé. Tatouage henné noir : si vous avez fait, même une seule fois, un tatouage au henné noir, vous risquez d'être devenue allergique sans le savoir. Ne pas utiliser ce produit sans avoir effectué le test d'allergie cutanée, 48 heures avant l'utilisation du produit. Pensez à acheter votre produit à l'avance pour faire le test d'allergie cutanée 48 heures avant. Le révélateur contient de l'eau oxygénée. Le produit colorant contient : des diaminobenzènes, de la résorcine, de l'ammoniaque. Eviter le contact du produit avec la peau et les yeux, ne pas employer pour la coloration des cils et des sourcils. Ne pas suivre cette consigne peut entraîner la cécité. Rincer immédiatement et abondamment les yeux si le produit entre en contact avec ceux-ci. Porter les gants appropriés fournis dans l'étui. Bien rincer les cheveux après application. Ne pas utiliser si vos cheveux ont été colorés par du henné ou une coloration progressive. Tenir hors de la portée des enfants. Ne pas utiliser chez l, Aqua/water, deceth-3, laureth-12, cocamide mipa, ammonium hydroxide, oleth-30, glycerin, deceth-5, oleic acid, oleyl alcohol, hexadimethrine chloride, p-aminophenol, m-aminophenol, ascorbic acid, sodium metabisulfite, hydroxyethylcellulose, hydroxybenzomorpholine, ethanolamine, triticum vulgare/wheat germ oil, polyquaternium-6, polyquaternium-24, simmondsia chinensis oil/jojoba seed oil, 2-methylresorcinol, isopropanolamine, p-phenylenediamine, resorcinol, edta, parfum/fragrance. (F.I.L. C27043/1). Lait révélateur : aqua/water, hydrogen peroxide, cetearyl alcohol, sodium stannate, trideceth-2 carboxamide mea, pentasodium pentetate, phosphoric acid, ceteareth-25, tetrasodium pyrophosphate, glycerin. (F.I.L. C10550/12). Crème de soin nutritive : aqua/water, cetearyl alcohol, dimethicone, niacinamide, peg-150/stearyl alcohol/smdi copolymer, ppg-1 trideceth-6, polyquaternium-37, chlorhexidine dihydrochloride, limonene, linalool, benzyl salicylate, paraffinum liquidum/mineral oil, methylparaben, citronellol, butylphenyl methylpropional, hexyl cinnamal, parfum/fragrance. (F.I.L. C30561/1).]|"
8,64€ / Pce"|"
8,64 €"
3131|Lotion de mise en plis, blond doré|Le flacon de 13,5ml|[Origine : FRANCE, Keraplis prolonge la tenue de la mise en plis et maintient les cheveux parfaitement coiffés tout en les préservant de l'humidité. Les nuances à reflet Keraplis rendent leur éclat aux cheveux éclaircis, colorés ou permanentés., Keraplis s'applique après le shampooing sur cheveux essorés. 1 - Répartissez la dose de produit sur l'ensemble de la chevelure et peignez. 2 - Procédez à la mise en plis et séchez selon votre habitude. 3 - Après avoir retiré les rouleaux, brossez voscheveux pour leur rendre tout leur volume., AQUA/WATER/EAU, ALCOHOL DENAT, VA/CROTONATES COPOLYMER, VP/VA COPOLYMER, PARFUM (FRAGRANCE), AMINOMETHYL PROPANOL, HEXYL CINNAMAL, YELLOW 5 (Cl 19140), YELLOW 6 (Cl 15985), BUTYLPHENYL METHYLPROPIONAL, Cl 28440, LINALOOL, LIMONENE, (F05). 00208518]|"
271,11€ / L"|"
3,66 €"
3132|Lotion de mise en plis, Eclaircissant|Le flacon de 13,5ml|[Origine : FRANCE, Keraplis prolonge la tenue de la mise en plis et maintient les cheveux parfaitement coiffés tout en les préservant de l'humidité. Les nuances à reflet rendent leur éclat aux cheveux éclaircis., Keraplis s'applique après le shampooing sur cheveux essorés. Répartissez la dose du produit sur l'ensemble de la chevelure et peignez. Procédez à la mise en plis et séchez selon votre habitude. Contient de l'eau oxygénée. Eviter le contact avec les yeux. Rincer immédiatement les yeux si le produit entre en contact avec ceux-ci. Consulter un spécialiste. Porter des gants appropriés., Aqua, alcohol denat, hydrogen peroxide, va/crotonates copolymer, vp/va copolymer, parfum, aminomethyl propanol, hexyl cinnamal, butylphenyl methylpropional, tetrasodium pyrophosphate, linalool, limonene, sodium stannate, phosphoric acid (F15).]|"
271,11€ / L"|"
3,66 €"
3133|Lotion de mise en plis, tabac, tenue durable, éclat de la couleur|Le blister de 13,5ml|[Origine : FRANCE, Keraplis prolonge la tenue de la mise en plis et maintient les cheveux parfaitement coiffés tout en les préservant de l'humidité. Les nuances à reflet Keraplis rendent leur éclat aux cheveux éclaircis, colorés ou permanentes., Keraplis s'applique après le shampooing sur cheveux essorés. Répartissez la dose de produit sur l'ensemble de la chevelure et peignez. Procédez à la mise en plis et séchez selon votre habitude. Après avoir retiré les rouleaux, brossez vos cheveux pour leur rendre tout leur volume., Aqua (water), alcohol denat, va/crotonates copolymer, vp/va copolymer, parfum (fragrance), aminomethyl propanol, orange 4 (Cl15510), ext. violet 2 (Cl60730), hexyl cinnamal, butylphenyl methylpropional, basic red 76 (Cl12245), blue1 (Cl42090), linalool, limonene, (F04).]|"
261,43€ / L"|"
3,66 €"
3134|Mise en plis naturel, lotion tenue durable, volume et brillance|Les 6 doses, 100ml|[Origine : FRANCE, Kéraplis prolonge la tenue de la mise en plis et maintient les cheveux parfaitement coiffés tout en les préservant de l'humidité. Brillants et pleins de volume, ils restent parfaitement coiffés jusqu'au prochain shampooing., Kéraplis s'applique après le shampooing sur cheveux essorés. 1 - Répartissez la dose de produit sur l'ensemble de la chevelure et peignez. 2 - Procédez à la mise en plis et séchez selon votre habitude. 3 - Après avoir retiré les rouleaux, brossez voscheveux pour leur rendre tout leur volume., AQUA (WATER), ALCOHOL DENAT., VA/CROTONATES COPOLYMER, VP / VA COPOLYMER, PARFUM (FRAGRANCE), AMINOMETHYL PROPANOL, HEXYL CINNAMAL, BUTYLPHENYL METHYLPROPIONAL, PEG/PPG-18/18 DIMETHICONE, LINALOOL, LIMONENE, BLUE 1(CI 42090), Cl 14720, (F17)., 12 mois après ouverture.]|"
87,90€ / L"|"
8,79 €"
3135|Shampooing fréquence, action déjaunissante, cheveux gris ou blancs|Le flacon de 200ml|[Origine : FRANCE, Le Shampooing Fréquence contient une base lavante très douce et des colorants qui neutralisent les reflets jaunes. Sa formule renferme des actifs fortifiants qui densifient le cheveu et le rendent plus résistant. Faciles à démêler, doux et brillants,les cheveux gris ou blancs retrouvent volume et éclat., En cas de contact avec les yeux, rincer immédiatement et abondamment à l'eau claire., AQUA (WATER), SODIUM LAURETH SULFATE, PEG-4 RAPESEEDAMIDE, GLYCERIN, SODIUM CHLORIDE, COCAMIDOPROPYL BETAINE, ACID VIOLET 43 (CI 607301), GLYCOL DISTEARATE, COCAMIDE MEA, PARFUM (FRAGRANCE), POLYQUATERNIUM-7, DMDM HYDANTOIN, LAURETH-10, CITRIC ACID,BENZOIC ACID, HC BLUE 2, GERANIOL, BUTYLPHENYL METHYLPROPIONAL, LINALOOL, CITRONELLOL HEXYL CINNAMAL LIMONENE, ALPHA-ISOMETHYL IONONE, (F02)., 12 mois après ouverture.]|"
36,30€ / L"|"
7,26 €"
3136|35 Châtain expresso, Crème colorante permanente|La boite de 115ml|[Origine : FRANCE, La garantie d'une couleur lumineuse sans aucun cheveu blanc. Une couleur étincelante. Une formule couvrante haute performance. Un soin nutritif riche et profond., Application ultra facile et rapide sur cheveux secs. Cet étui contient : 1 tube crème colorante de 33 ml + 1 flacon applicateur de révélateur de 67 ml + 1 sachet de soin crème après coloration de 15 ml + 1 notice + 1 paire de gants + des protège-branches de lunettes. Si vous avez les cheveux longs ou épais, utilisez deux boîtes d'Eugène Color Les Raffinées. Le résultat dépend de la couleur actuelle de vos cheveux, qu'ils soient de couleur naturelle ou colorés. Les colorants capillaires peuvent provoquer des réactions allergiques sévères. Lire et suivre les instructions suivantes. Ce produit n'est pas destiné à être utilisé sur les personnes de moins de seize ans. Les tatouages temporaires noirs à base de henné peuvent augmenter le risque d'allergie. Ne vous colorez pas les cheveux si : vous présentez une éruption cutanée sur le visage ou si votre cuir chevelu est sensible, irrité ou abîmé, vous avez déjà fait une réaction après avoir coloré vos cheveux, vous avez fait par le passé uneréaction à un tatouage temporaire noir à base de henné. Pour réduire les risques, faire un test d'alerte allergie 48H avant chaque application. En cas de réaction ou si vous avez un doute, consultez un médecin avant toute coloration. La coloration contient de l'ammoniaque et suivant les nuances de la résorcine, des diaminobenzènes, des phénylènediamines (toluènediamines. Le révélateur contient du peroxyde d'hydrogène. Porter des gants appropriés mono usage. Eviter le contact avec les yeux. En ca, Aqua/water/eau, cetearyl alcohol, propylene glycol, ammonium hydroxide, cocamidopropyl betaine, p-phenylenediamine, ceteareth-33, hydroxyethylcellulose, resorcinol, sodium metabisulfite, 4-amino-m-cresol, parfum (fragrance), polyquaternium-6, ascorbic acid, pentasodium pentetate, m-aminophenol, p-methylaminophenol sulfate, 4-amino-2-hydroxytoluene, 2,4-diaminophenoxyethanol hcl, (f01). Révélateur : aqua/water/eau, hydrogen peroxide, cetearyl alcohol, trideceth-2 carboxamide mea, ceteareth-33, glycerin, phosphoric acid, pentasodium pentetate, sodium stannate, tetrasodium pyrophosphate (F12). Soin crème : aqua/water/eau, cetearyl alcohol, distearoylethyl hydroxyethylmonium methosulfate, stearyl alcohol, ethylhexyl methoxycinnamate, ceteareth-33, argania spinosa (argan) kernel oil, amodimethicone, citric acid, parfum (fragrance), cetrimonium chloride, trideceth-12, methylchloroisothiazolinone, methylisothiazolinone, sodium hydroxide, (F01).]|"
6,13€ / Pce"|"
6,13 €"
3137|74 marron Moka, Crème colorante permanente|L'étui de 115 ml|[Origine : FRANCE, Porter des gants appropriés mono usage, Eviter le contact avec les yeux. En cas de contact, les rincer immédiatement et abondamment à l'eau claire. Si vous portez des lentilles, retirez-les avant de rincer vos yeux abondamment à l'eau. Consulter un spécialiste. Ne pas employer pour la coloration des cils et des sourcils, ou pour un autre usage que la coloration des cheveux. Ne pas utiliser chez les enfants. Ne pas laisser à la portée des enfants. Ne pas utiliser si les cheveux ont été colorés avec du henné, des sels métalliques, une coloration progressive ou un produit de repigmentation. Bien rincer après l'application du mélange. Ne pas conserver le mélange pour une application ultérieure.  IMPORTANT: CE PRODUIT PEUT GENERER UNE REACTION D'ALLERGIE, QUI DANS CERTAINS CAS PEUT ETRE GRAVE. UN TATOUAGE PEUT AUGMENTER LES RISQUES D'ALLERGIE. POUR REDUIRE CES RISQUES RESPECTER IMPERATIVEMENT LES PRECAUTIONS D'UTILISATION SUIVANTES: FAIRE UNE TOUCHE D'ESSAI 48 HEURES AVANT CHAQUE APPLICATION DU PRODUIT. SE CONFORMER A LA NOTICE. NE JAMAIS UTILISER SI vous avez déjà réagi à un produit de coloration, si vous avez le cuir chevelu sensible, abîmé ou irrité. Le révélateur contient de l'eau oxygénée.]|"
6,07€ / Pce"|"
6,07 €"
3138|83 blond clair doré, crème colorante permanente aux extraits d'olive, soin nutri-protect|La boîte de 115ml|[Origine : FRANCE, Les Naturelles, la garantie d'une couleur éclatante, sans aucun cheveu blanc. Eugène Color a créé, pour vous, une nouvelle génération de crème colorante permanente qui couvre 100% de vos cheveux blancs, même les plus difficiles. Sa texture crémeuse enrobe chaque cheveu de la racine à la pointe. Vos cheveux sont sublimés par une couleur profonde et longue durée. une couleur étincelante. Un soin riche et profond. Une marque de confiance., Crème onctueuse, ne coule pas. Si vous avez les cheveux longs ou épais, nous vous recommandons d'utiliser deux boîtes d'Eugène Color 'Les Naturelles'. Important : ce produit peut générer une réaction d'allergie, qui dans certains cas peut être grave.Un tatouage peut augmenter les risques d'allergie. Pour réduire ces risques, respecter impérativement les précautions d'utilisation suivantes : faire une touche d'essai 48 heures avant chaque application du produit (voir notice). Ne jamais utiliseravant d'avoir consulté un médecin si vous avez déjà réagi à un produit de coloration ou à un tatouage, vous avez le cuir chevelu sensible, abîmé ou irrité. La crème colorante contient de l'ammoniaque et peut contenir : résorcine, diaminotoluène, diaminobenzène. Le révélateur contient de l'eau oxygénée. Porter des gants appropriés mono usage. Eviter le contact avec les yeux. En cas de contact, les rincer immédiatement et abondamment à l'eau claire. Si vous portez des lentilles, retirez-les avantde rincer vos yeux abondamment à l'eau. Consulter un spécialiste. Ne pas employer pour la coloration des cils et des sourcils, ou pour un autre usage que la coloration des cheveux. Ne pas utiliser chez les enfants. Ne pas laisser à la portée des enfants. Ne pas utiliser si les cheveux ont été colorés avec du henné, des sels métalliques, une coloration progressive ou un produit de repigmentation. Bien rincer après l'application du mélange. Ne pas conserver le mélange pour une application ultérieu, Crème colorante : aqua/water/eau, cetearyl alcohol, propylene glycol, ammonium hydroxide, cocamidopropyl betaine, ceteareth-33, carbomer, sodium metabisulfite, parfum (fragrance), triethanolamine, p-aminophenol, resorcinol, ascorbic acid, pentasodiumpentetate, polyquaternium-22, quaternium-80, toluene-2.5-diamine sulfate, 2-methylresorcinol, 4-amino-2-hydroxytoluene, 2-methyl-5-hydroxyethylaminophenol,(F01). Contient de la résorcine, un diaminotoluene, de l'ammoniaque. Révélateur : aqua/water/eau, hydrogen peroxide, cetearyl alcohol, trideceth-2 carboxamide mea, ceteareth-33, glycerin, phosphoric acid, pentasodium pentetate, sodium stannate, tetrasodium pyrophosphate, (F12). soin crème : aqua/water/eau, cetearyl alcohol, distearoylethyl hydroxyethylmonium methosulfate, stearyl alcohol, ethylhexyl methoxycinnamate, ceteareth-33, parfum (fragrance), olive oil peg-8 esters, amodimethicone, cetrimonium chloride, trideceth-12, methylchloroisothiazolinone, methylisothiazolinone, citric acid, (F01).]|"
5,86€ / Pce"|"
5,86 €"
3139|Blond clair cuivré 21, Crème colorante permanente|La boîte de 115ml|[Origine : FRANCE, Eugène Color a créé, pour vous, une nouvelle génération de crème colorante permanente qui couvre 100% de vous cheveux blancs, même les plus difficiles.Sa texture crémeuse enrobe chaque cheveu de la racine aux pointes. Vos cheveux sont sublimés par une couleur profonde et longue durée. Une couleur étincelante. Un soin riche et profond. Une marque de confiance., Application facile et rapide sur cheveux secs. Important : ce produit peut générer une réaction d'allergie, qui dans certains cas peut être grave. Un tatouage peut augmenter les risques d'allergie. Pour réduire ces risques, respecter impérativement les précautions d'utilisation suivantes : faire une touche d'essai 48 heures avant chaque application du produit (voir notice). Ne jamais utiliser avant d'avoir consulté un médecin si : vous avez déjà réagi à un produit de coloration ou à un tatouage,vous avez le cuir chevelu sensible, abîmé ou irrité. La crème colorante contient de l'ammoniaque et peut contenir : résorcine, diaminotoluène, diaminobenzène. Le révélateur contient de l'eau oxygénée. Porter des gants appropriés mono usage. Eviter le contact avec les yeux. En cas de contact, les rincer immédiatement et abondamment à l'eau claire. Si vous portez des lentilles, retirez-les avant de rincer vos yeux abondamment à l'eau. Consulter un spécialiste. Ne pas employer pour la coloration des cils et des sourcils, ou pour un autre usage que la coloration des cheveux. Ne pas utiliser chez les enfants. Ne pas laisser à la portée des enfants. Ne pas utiliser si les cheveux ont été colorés avec du henné, des sels métalliques, une coloration progressive ou un produit de repigmentation. Bien rincer après l'application du mélange. Ne pas conserver le mélange pour une application ultérieure. Se conformer à la notice., Crème colorante : aqua/water/eau, cetearyl alcohol, propylene glycol, ammonium hydroxide, cocamidopropyl betaine, ceteareth-33, carbomer, sodium metabisulfite, p-aminophenol, parfum (fragrance), triethanolamine, toluene-2.5-diamine sulfate, ascorbicacid, pentasodium pentetate, polyquaternium-22, quaternium-80.4-amino-2-hydroxytoluene, 2-methyl-5-hydroxyethylaminophenol, resorcinol, (F01). Contient de la résorcine, un diaminotoluène, de l'ammoniaque. Révélateur : aqua/water/eau, hydrogen peroxide, cetearyl alcohol, trideceth-2 carboxamide mea, ceteareth-33, glycerin, phosphoric acid, pentasodium pentetate, sodium stannate, tetrasodium pyrophosphate, (F12). Soin crème : aqua/water/eau, cetearyl alcohol, distearoylethyl hydroxyethylmonium methosulfate, stearyl alcohol, ethylhexyl methoxycinnamate, ceteareth-33, parfum (fragrance), olive oil peg-8 esters, amodimethicone, cetrimonium chloride, trideceth-12, methylchloroisothiazolinone, methylisothiazolinone, citric acid, (F01).]|"
5,76€ / Pce"|"
5,76 €"
3140|Blond doré 24, Crème colorante permanente|La boîte de 115ml|[Origine : FRANCE, Eugène Color a créé, pour vous, une nouvelle génération de crème colorante permanente qui couvre 100% de vous cheveux blancs, même les plus difficiles.Sa texture crémeuse enrobe chaque cheveu de la racine à la pointe. Vos cheveux sont sublimés par une couleur profonde et longue durée. Une couleur étincelante. Un soin riche et profond. Une marque de confiance., Application facile et rapide sur cheveux secs. Important : ce produit peut générer une réaction d'allergie, qui dans certains cas peut être grave. Un tatouage peut augmenter les risques d'allergie. Pour réduire ces risques, respecter impérativement les précautions d'utilisation suivantes : faire une touche d'essai 48 heures avant chaque application du produit (voir notice). Ne jamais utiliser avant d'avoir consulté un médecin si : vous avez déjà réagi à un produit de coloration ou à un tatouage,vous avez le cuir chevelu sensible, abîmé ou irrité. La crème colorante contient de l'ammoniaque et peut contenir : résorcine, diaminotoluène, diaminobenzène. Le révélateur contient de l'eau oxygénée. Porter des gants appropriés mono usage. Eviter le contact avec les yeux. En cas de contact, les rincer immédiatement et abondamment à l'eau claire. Si vous portez des lentilles, retirez-les avant de rincer vos yeux abondamment à l'eau. Consulter un spécialiste. Ne pas employer pour la coloration des cils et des sourcils, ou pour un autre usage que la coloration des cheveux. Ne pas utiliser chez les enfants. Ne pas laisser à la portée des enfants. Ne pas utiliser si les cheveux ont été colorés avec du henné, des sels métalliques, une coloration progressive ou un produit de repigmentation. Bien rincer après l'application du mélange. Ne pas conserver le mélange pour une application ultérieure. Se conformer à la notice., Crème colorante : aqua/water/eau, cetearyl alcohol, propylene glycol, ammonium hydroxide, cocamidopropyl betaine, ceteareth-33, toluène-2.5-diamine sulfate, p-aminophenol, carbomer, sodium metabisulfite, parfum (fragrance), triethanolamine, resorcinol, ascorbic acid, pentasodium pentetate, polyquaternium-22, quaternium-80, m-aminophenol, 4-amino-2-hydroxytoluene, (F01). Contient de la résorcine, un diaminotoluène, de l'ammoniaque. Révélateur : aqua/water/eau, hydrogen peroxide, cetearyl alcohol,trideceth-2 carboxamide mea, ceteareth-33, glycerin, phosphoric acid, pentasodium pentetate, sodium stannate, tetrasodium pyrophosphate, (F12). Soin crème : aqua/water/eau, cetearyl alcohol, distearoylethyl hydroxyethylmonium methosulfate, stearyl alcohol, ethylhexyl methoxycinnamate, ceteareth-33, parfum (fragrance), olive oil peg-8 esters, amodimethicone, cetrimonium chloride, trideceth-12, methylchloroisothiazolinone, methylisothiazolinone, citric acid, (F01).]|"
5,55€ / Pce"|"
5,55 €"
3141|Blond foncé 9, crème colorante permanente nutri protectrice aux extraits d'olive|La boîte de 135ml|[Origine : FRANCE, Une couverture parfaite des cheveux blancs. La nouvelle génération des colorations Eugène Color a été spécialement conçue pour garantir une couleur profonde et très longue durée, grâce à sa texture crémeuse qui enrobe chaque cheveu de la racine à lapointe. Tous les cheveux blancs sont couverts à 100%, même les plus difficiles ! Une action nutri-protectrice en profondeur. Le shampooing-crème Eugène Color est enrichi en  extraits d'olive, connus et utilisés depuis des millénaires pour leurs propriétés nutritives et protectrices. Fortifiés et nourris en profondeur, vos cheveux sont plus doux et plus brillants., Temps de pause : 30 minutes. Si vous avez les cheveux longs ou épais, nous vous recommandons d'utiliser 2 étuis d'Eugène Color. Application sur cheveux déjà colorés ou application sur cheveux naturels.  Ce produit peut générer une réaction d'allergie, qui dans certains cas peut être grave Un tatouage peut augmenter les risques d'allergie. Pour reduire ces risques respecter imperativement les precautions d'utilisation suivantes : faire un test de sensibilité 48 heures avant chaque application duproduit. Se conformer à la notice. Ne jamais utiliser si vous avez déjà réagi à un produit de coloration, vous avez le cuir chevelu sensible, abîmé ou irrité Dans ce cas consulter un médecin avant toute utilisation Porter des gants appropriés mono usage. Eviter le contact avec les yeux. En cas de contact, les rincer immédiatement et abondamment à l'eau claire. Si vous portez des lentilles, retirez-les avant de rincer vos yeux abondamment à l'eau Consulter un spécialiste Ne pas employer pour la coloration des cils et des sourcils, ou pour un autre usage que la coloration des cheveux Ne pas utiliser chez les enfants Ne pas laisser à la portée des enfants Ne pas utiliser si les cheveux ont été colorés avec du henné, des sels métalliques, une coloration progressive ou un produit de repigmentation. Bien rincer après l'application du mélange Ne pas conserver le mélange pour une application ultérieure, Crème colorante : aqua (water), cetearyl alcohol, glyceryl stearate, stearic acid, oleamide dea, cocos nucifera (coconut) oil, ammonium hydroxide, peg-29 castor oil, ceteareth-20, ceteareth-33, paraffinum liquidum (mineral oil), parfum (fragrance), sodium metabisulfite, resorcinol, p-phenylenediamine, quaternium-80, bht, ascorbic acid, polyquaternium-22, p-aminophenol, dicaprylyl carbonate, pentasodium pentetate, 2.4-diaminophenoxyethanol sulfate, m-aminophenol, p-methylaminophenol sulfate, (F01). Révélateur : aqua (water), hydrogen peroxide, cetearyl alcohol, trideceth-2 carboxamide mea, ceteareth-33, glycerin, phosphoric acid, pentasodium pentetate, sodium stannate, tetrasodium pyrophosphate, (F11). Shampooing : aqua (water), sodium laureth sulfate, coco-glucoside, cocamidopropyl betaine, glycol distearate, polyquaternium-10, acrylates copolymer, dimethiconol, laureth-4, sodium chloride, olive oil peg-8 esters, parfum (fragrance), citric acid, dodecylbenzene sulfonate, c11-15 pareth-12, dmdm hydantoin, sodium hydroxide. (F01)., Crème colorante : aqua (water), cetearyl alcohol, glyceryl stearate, stearic acid, oleamide dea, cocos nucifera (coconut) oil, ammonium hydroxide, peg-29 castor oil, ceteareth-20, ceteareth-33, paraffinum liquidum (mineral oil), parfum (fragrance), sodium metabisulfite, resorcinol, p-phenylenediamine, quaternium-80, bht, ascorbic acid, polyquaternium-22, p-aminophenol, dicaprylyl carbonate, pentasodium pentetate, 2.4-diaminophenoxyethanol sulfate, m-aminophenol, p-methylaminophenol sulfate, (F01). Révélateur : aqua (water), hydrogen peroxide, cetearyl alcohol, trideceth-2 carboxamide mea, ceteareth-33, glycerin, phosphoric acid, pentasodium pentetate, sodium stannate, tetrasodium pyrophosphate, (F11). Shampooing : aqua (water), sodium laureth sulfate, coco-glucoside, cocamidopropyl betaine, glycol distearate, polyquaternium-10, acrylates copolymer, dimethiconol, laureth-4, sodium chloride, olive oil peg-8 esters, parfum (fragrance), citric acid, dodecylbenzene sulfonate, c11-15 pareth-12, dmdm hydantoin, sodium hydroxide. (F01).]|"
5,86€ / Pce"|"
5,86 €"
3142|Blond très clair 29, Crème colorante permanente|La boîte de 115ml|[Origine : FRANCE, Eugène Color a créé, pour vous, une nouvelle génération de crème colorante permanente qui couvre 100% de vous cheveux blancs, même les plus difficiles.Sa texture crémeuse enrobe chaque cheveu de la racine à la pointe. Vos cheveux sont sublimés par une couleur profonde et longue durée. Une couleur étincelante. Un soin riche et profond. Une marque de confiance., Application facile et rapide sur cheveux secs. Les colorants capillaires peuvent provoquer des réactions allergiques sévères. Ce produit nest pas destiné à être utilisé sur les personnes de moins de seize ans. Les tatouages temporaires noirs à basede henné peuvent augmenter le risque dallergie. Ne vous colorez pas les cheveux si : vous présentez une éruption cutanée sur le visage ou si votre cuir chevelu est sensible, irrité ou abîmé. Vous avez déjà fait une réaction après avoir coloré vos cheveux. Vous avez fait par le passé une réaction à un tatouage temporaire noir à base de henné. Pour réduire les risques, faire une touche dessai 48h avant chaque application. Le mélange de ce kit correspond à un mélange 1+2 : une dose de crème colorante pour deux doses de révélateur. La coloration contient de lammoniaque et suivant les nuances de la résorcine, des diaminobenzènes, des phénylènediamines (totuènediamines) : voir sous létui. Le révélateur contient de leau oxygénée. Porter des gants appropriés mono usage. Eviter le contact avec les yeux. En cas de contact, rincer les yeux immédiatement et abondamment à leau claire. Si vous portez des lentilles, retirez-les avant de rincer vos yeux abondamment à leau. Consulter un spécialiste. Ne pas utiliser si vos cheveux ont été colorés avec du henné, des sels métalliques, une coloration progressive ou un produit de repigmentation. Bien rincer les cheveux après application du mélange. Ne pas conserver le mélange pour une applicatio, Crème colorante : aqua (water), cetearyl alcohol, glyceryl stearate, stearic acid, oleamide DEA, cocos nucifera (coconut) oil, ammonium hydroxide, peg-29 castor oil, ceteareth-20, ceteareth-33, paraffinum liquidum (mineral oil), parfum (fragrance), sodium metabisulfite, quaternium-80, bht, ascorbic acid, polyquaternium-22, p-aminophenol, resorcinol, dicaprylyl carbonate, pentasodium pentetate, p-phenylenediamine, m-aminophenol, toluène-2.5-diamine sulfate, 2.4-diaminophenoxyethanol sulfate, (F01). Révélateur : aqua (water), hydrogen peroxide, cetearyl alcohol, trideceth-2 carboxamide mea, ceteareth-33, glycerin, phosphoric acid, pentasodium pentetate, sodium stannate, tetrasodium pyrophosphate, (F11). Shampooing : aqua (water), sodium laureth sulfate, coco-glucoside, cocamidopropyl betaine, glycol distearate, polyquaternium-10, acrylates copolymer, dimethiconol, laureth-4, sodium chloride, olive oil, peg-8 esters, parfum (fragrance), citric acid, dodecylbenzene sulfonate, C11-15 pareth-12, dmdm hydantoin, sodium hydroxide, (F01).  La crème colorante contient de la résorcine, un diaminobenzene, un diaminotoluène, de l'ammoniaque. Le révélateur contient de l'eau oxygénée.]|"
5,86€ / Pce"|"
5,86 €"
3143|Blond très très clair naturel 100, Crème colorante super éclaircissant|La boîte de 115ml|[Origine : FRANCE, Eugène Color a créé, pour vous, une nouvelle génération de crème colorante super-éclaircissante qui éclaircit intensément et durablement vos cheveux, sans décoloration préalable.Sa texture crémeuse enrobe chaque cheveu de la racine à la pointe. Vos cheveux sont d'un blond intense, naturel et lumineux. Une couleur étincelante. Un soin riche et profond à l'extrait d'olive. Une marque de confiance., Application facile et rapide sur cheveux secs. Bien rincer les cheveux après l'application du mélange. Le résultat dépend de la couleur actuelle de vos cheveux, qu'ils soient de couleur naturelle ou colorés. Eclaircissement intense, jusqu'à 4 tons. Ne couvre pas les cheveux blancs. L'application de cette nuance est déconseillée si vous avez beaucoup de cheveux blancs. Crème onctueuse, ne coule pas. Ce produit peut générer une réaction d'allergie, qui dans certains cas peut être grave. Un tatouage peut augmenter les risques d'allergie. Pour réduire ces risques, respecter impérativement les précautions d'utilisation suivantes : faire une touche d'essai 48 heures avant chaque application du produit (voir notice). Ne jamais utiliser avant d'avoir consulté un médecin si : vous avez déjà réagi à un produit de coloration ou à un tatouage , vous avez le cuir chevelu sensible, abîmé ou irrité. La crème colorante contient de l'ammoniaque et peut contenir : résorcine, diaminotoluène, diaminobenzènes : voir sous l'étui. Le révélateur contient de l'eau oxygénée. Porter des gants appropriés mono usage. Eviter le contact avec les yeux. En cas de contact, les rincer immédiatement et abondamment à l'eau claire. Si vous portez des lentilles, retirez-les avant de rincer vos yeux abondamment à l'eau. Consulter un spécialiste. Ne pas employer pour la coloration des cils et des sourcils ou pour un autre usage que la coloration des cheveux. Ne pas utiliser chez les enfants. Ne pas laisser à la port, Crème colorante : aqua/water/eau, cetearyl alcohol, propylene glycol, ammonium hydroxide, cocamidopropyl betaine, ceteareth-33, carbomer, sodium metabisulfite, parfum (fragrance), triethanolamine, ascorbic acid, 4-amino-m-cresol, pentasodium pentetate, polyquaternium-22, quaternium-80, resorcinol (F01). Contient de la résorcine, de l'ammoniaque. Révélateur : aqua/water/eau, hydrogen peroxide, cetearyl alcohol, trideceth-2 carboxamide mea, ceteareth-33, glycerin, phosphoric acid, pentasodium pentetate, sodium stannate, tetrasodium pyrophosphate, (F12). Soin crème : aqua/water/eau, cetearyl alcohol, distearoylethyl hydroxyethylmonium methosulfate, stearyl alcohol, ethylhexyl methoxycinnamate, ceteareth-33, parfum (fragrance), olive oil peg-8esters, amodimethicone, citric acid,  cetrimonium chloride, trideceth-12, methylchloroisothiazolinone, methylisothiazolinone, sodium hydroxide. (F01).]|"
5,76€ / Pce"|"
5,76 €"
3144|Châtain 2, Crème colorante permanente|La boîte de 115ml|[Origine : FRANCE, Eugène Color a créé, pour vous, une nouvelle génération de crème colorante permanente qui couvre 100% de vous cheveux blancs, même les plus difficiles.Sa texture crémeuse enrobe chaque cheveu de la racine aux pointes. Vos cheveux sont sublimés par une couleur profonde et longue durée. Une couleur étincelante. Un soin riche et profond. Une marque de confiance., Application facile et rapide sur cheveux secs. Important : ce produit peut générer une réaction d'allergie, qui dans certains cas peut être grave. Un tatouage peut augmenter les risques d'allergie. Pour réduire ces risques, respecter impérativement les précautions d'utilisation suivantes : faire une touche d'essai 48 heures avant chaque application du produit (voir notice). Ne jamais utiliser avant d'avoir consulté un médecin si : vous avez déjà réagi à un produit de coloration ou à un tatouage,vous avez le cuir chevelu sensible, abîmé ou irrité. La crème colorante contient de l'ammoniaque et peut contenir : résorcine, diaminotoluène, diaminobenzène. Le révélateur contient de l'eau oxygénée. Porter des gants appropriés mono usage. Eviter le contact avec les yeux. En cas de contact, les rincer immédiatement et abondamment à l'eau claire. Si vous portez des lentilles, retirez-les avant de rincer vos yeux abondamment à l'eau. Consulter un spécialiste. Ne pas employer pour la coloration des cils et des sourcils, ou pour un autre usage que la coloration des cheveux. Ne pas utiliser chez les enfants. Ne pas laisser à la portée des enfants. Ne pas utiliser si les cheveux ont été colorés avec du henné, des sels métalliques, une coloration progressive ou un produit de repigmentation. Bien rincer après l'application du mélange. Ne pas conserver le mélange pour une application ultérieure. Se conformer à la notice., Crème colorante : aqua/water/eau, cetearyl alcohol, propylene glycol, ammonium hydroxide, toluène-2.5-diamine sulfate, cocamidopropyl betaine, resorcinol, ceteareth-33, carbomer, sodium metabisulfite, parfum (fragrance), triethanolamine, ascorbic acid, pentasodium pentetate, polyquaternium-22, quaternium-80, m-aminophenol, p-methylaminophenol sulfate, 4-amino-2-hydroxytoluene, (F01). Contient de la résorcine, un diaminotoluène, de l'ammoniaque. Révélateur : aqua/water/eau, hydrogen peroxide, cetearyl alcohol, trideceth-2 carboxamide mea, ceteareth-33, glycerin, phosphoric acid, pentasodium pentetate, sodium stannate, tetrasodium pyrophosphate, (F12). Soin crème : aqua/water/eau, cetearyl alcohol, distearoylethyl hydroxyethylmonium methosulfate, stearyl alcohol, ethylhexyl methoxycinnamate, ceteareth-33, parfum (fragrance), olive oil peg-8 esters, amodimethicone, cetrimonium chloride, trideceth-12, methylchloroisothiazolinone, methylisothiazolinone, citric acid, (F01).]|"
5,76€ / Pce"|"
5,76 €"
3145|Châtain foncé 30, Crème colorante permanente|La boîte de 115ml|[Origine : FRANCE, Eugène Color a créé, pour vous, une nouvelle génération de crème colorante permanente qui couvre 100% de vous cheveux blancs, même les plus difficiles.Sa texture crémeuse enrobe chaque cheveu de la racine à la pointe. Vos cheveux sont sublimés par une couleur profonde et longue durée. Une couleur étincelante. Un soin riche et profond. Une marque de confiance., Application facile et rapide sur cheveux secs. Bien rincer les cheveux après l'application du mélange.  Le résultat dépend de la couleur actuelle de vos cheveux, qu'ils soient de couleur naturelle ou colorés. Crème onctueuse, ne coule pas. Les colorants peuvent provoquer des réactions allergiques sévères. Lire et suivre les instructions suivantes. Ce produit n'est pas destiné à être utilisé sur les personnes de moins de seize ans. Les tatouages temporaires noirs à base de henné peuvent augmenterle risque d'allergie. Ne vous colorez pas les cheveux si : vous présentez une éruption cutanée sur le visage ou si votre cuir chevelu est sensible, irrité ou abîmé , vous avez déjà fait une réaction après avoir coloré vos cheveux , vous avez fait par le passé une réaction à un tatouage temporaire noir à base de henné. Pour réduire les risques, faire une touche d'essai 48h avant chaque application. Le mélange de ce kit correspond à un mélange 1+2 : une dose de crème colorante pour deux doses derévélateur. La coloration contient de l'ammoniaque et suivant les nuances de la résorcine, des diaminobenzènes, des phénylènediamines (toluènediamines). Le révélateur contient de l'eau oxygénée. Porter des gants appropriés mono usage. Eviter le contact avec les yeux. En cas de contact, rincer les yeux immédiatement et abondamment à l'eau. Consulter un spécialiste. Ne pas utiliser pour teindre les cils et les sourcils ou pour un autre usage que la coloration des cheveux. Ne pas utiliser si vos ch, Crème colorante : aqua/water/eau, cetearyl alcohol, propylene glycol, toluène-2.5-diamine sulfate, ammonium hydroxide, cocamidopropyl betaine, resorcinol, ceteareth-33, carbomer, parfum (fragrance), sodium metabisulfite, triethanolamine, 4-amino-m-cresol, ascorbic acid, polyquaternium-22, pentasodium pentetate, quaternium-80, m-aminophenol, 2.4-diaminophenoxyethanol hcl, 4-amino-2-hydroxytoluene, p-methylaminophenol sulfate, (F01). Contient de l'ammoniaque, de la résorcine, des phénylènediamines(toduènediamines). Révélateur : aqua/water/eau, hydrogen peroxide, cetearyl alcohol, trideceth-2 carboxamide mea, ceteareth-33, glycerin, phosphoric acid, pentasodium pentetate, sodium stannate, tetrasodium pyrophosphate, (F12). Soin crème : aqua/water/eau, cetearyl alcohol, distearoylethyl hydroxyethylmonium methosulfate, stearyl alcohol, ethylhexyl methoxycinnamate, ceteareth-33, parfum (fragrance), olive oil peg-8 esters, amodimethicone, cetrimonium chloride, trideceth-12, methylchloroisothiazolinone, methylisothiazolinone, sodium hydroxide, (F01).]|"
5,86€ / Pce"|"
5,86 €"
3146|crême colorante permanente, 22 chocolat noir,à l'huile d'argan|la boîte de 115 ml|[Origine : FRANCE]|"
6,07€ / Pce"|"
6,07 €"
3147|Crème colorante permanente, nutriprotectrice, 3 châtain clair|La boîte de 115ml|[Origine : FRANCE, UNE COUVERTURE PARFAITE DES CHEVEUX BLANCS La nouvelle génération des colorations EUGENE COLOR a été spécialement conçue pour garantir une couleur profonde et très longue durée, grâce à sa texture crémeuse qui enrobe chaque cheveu de la racine à la pointe. Tous les cheveux blancs sont couverts à 100%, même les plus difficiles ! UNE ACTION NUTRI-PROTECTRICE EN PROFONDEUR Le shampooing-crème EUGENE COLOR est enrichi en extraits d'olive, connus et utilisés depuis des millénaires pour leurs propriétés nutritives et protectrices. Fortifiés et nourris en profondeur, vos cheveux sont plus doux et plus brillants., IMPORTANT: CE PRODUIT PEUT GENERER UNE REACTION D'ALLERGIE, QUI DANS CERTAINS CAS PEUT ETRE GRAVE. UN TATOUAGE PEUT AUGMENTER LES RISQUES D'ALLERGIE. POUR REDUIRE CES RISQUES RESPECTER IMPERATIVEMENT LES PRECAUTIONS D'UTILISATION SUIVANTES : FAIRE UNTEST DE SENSIBILITE 48 HEURES AVANT CHAQUE APPLICATION DU PRODUIT. SE CONFORMER A LA NOTICE. NE JAMAIS UTILISER SI : Vous avez déjà réagi à un produit de coloration, vous avez le cuir chevelu sensible, abîmé ou irrité. Dans ce cas consulter un médecin avant toute utilisation. Le révélateur contient de l'eau oxygénée. Porter des gants appropriés mono usage. Eviter le contact avec les yeux. En cas de contact, les rincer immédiatement et abondamment à l'eau claire. Si vous portez des lentilles, retirez-les avant de rincer vos yeux abondamment à l'eau. Consulter un spécialiste. Ne pas employer pour la coloration des cils et des sourcils, ou pour un autre usage que la coloration des cheveux. Ne pas utiliser chez les enfants. Ne pas laisser à laportée des enfants. Ne pas utiliser si les cheveux ont été colorés avec du henné, des sels métalliques, une coloration progressive ou un produit de repigmentation. Bien rincer après l'application du mélange. Ne pas conserver le mélange pour une application ultérieure., CREME COLORANTE: AQUA (WATER), CETEARYL ALCOHOL, GLYCERYL STEARATE, STEARIC ACID, OLEAMIDE DEA, COCOS NUCIFERA (COCONUT) OIL, AMMONIUM HYDROXIDE, PEG-29 CASTOR OIL, CETEARETH-20, CETEARETH-33, PARAFFINUM LIQUIDUM (MINERAL OIL), RESORCINOL, PARFUM (FRAGRANCE), SODIUM METABISULFITE, p-PHENYLENEDIAMINE, QUATERNIUM-80, p-AMINOPHENOL ASCORBIC ACID, BHT, POLYQUATERNIUM-22, DICAPRYLYL CARBONATE, PENTASODIUM PENTETATE, 2,4-DIAMINOPHENOXYETHANOL SULFATE, m-AMINOPHENOL, p-METHYLAMINOPHENOL SULFATE, (FOI).REVELATEUR / REVELADOR / KLEURACTIVATOR : AQUA (WATER), HYDROGEN PEROXIDE, CETEARYL ALCOHOL, TRIDECETH-2 CARBOXAMIDE MEA, CETEARETH-33, GLYCERIN, PHOSPHORIC ACID, PENTASODIUM PENTETATE, SODIUM STANNATE,TETRASODIUM PYROPHOSPHATE, (F11). SHAMPOOING /CHAMPU / SHAMPOO : AQUA (WATER), SODIUM LAURETH SULFATE, COCO-GLUCOSIDE, COCAMIDOPROPYL BETAINE, GLYCOL DISTEARATE, POLYQUATERNIUM-10, ACRYLATES COPOLYMER, DIMETHICONOL, LAURETH-4. SODIUM CHLORIDE, OLIVE OIL PEG-8 ESTERS, PARFUM (FRAGRANCE), CITRIC ACID, DODECYLBENZENE SULFONATE, C11-15 PARETH-12, DMDM HYDANTOIN, SODIUM HYDROXIDE, (F01). La crème colorante contient de la resorcine, un diaminobenzène, de l'ammoniaque.]|"
5,86€ / Pce"|"
5,86 €"
3148|Crème colorante permanente 4 châtain acajou, nutri protectrice aux extraits d'olive|La boîte de 115ml|[Origine : FRANCE, La nouvelle génération des colorations Eugène Color a été spécialement conçue pour garantir une couleur profonde et très longue durée, grâce à sa texture crémeuse qui enrobe chaque cheveu de la racine à la pointe. Tous les cheveux blancs sont couverts à 100%, même les plus difficiles !, Crème colorante : aqua, cetearyl alcohol, glyceryl stearate, stearic acid, oleamide DEA, cocos nucifera oil, ammonium hydroxide, PEG-29 castor oil, ceteareth-20, ceteareth-33, paraffinum liquidum, 4-amino-2-hydroxytoluene, parfum, sodium metabisulfite, p-aminophenol, p-phenylenediamine, quaternium-80, BHT, ascorbic acid, polyquaternium-22, resorcinol, 2.4-diaminophenoxyethanol sulfate, m-aminophenol, dicaprylyl carbonate, pentasodium pentetate, (F01). Révélateur : aqua, hydrogen peroxide, cetearyl alcohol, trideceth-2 carboxamide MEA, ceteareth-33, glycerin, phosphoric acid, pentasodium pentetate, sodium stannate, tetrasodium pyrophosphate, (F11). Shampooing : aqua, sodium laureth sulfate, coco-glucoside, cocamidopropyl betaine, glycol distearate, polyquaternium-10, acrylates copolymer, dimethiconol, laureth-4, sodium chloride, olive oil PEG-8 esters, parfum, citric acid, dodecylbenzene sulfonate, C11-15  pareth-12, dmdm hydantoin, sodium hydroxide, (F01). La crème colorante contient de la résorcine, un diaminobenzene, de l'ammoniaque. Le révélateur contient de l'eau oxygénée., à protéger de la chaleur]|"
5,76€ / Pce"|"
5,76 €"
3149|Crème colorante permanente nutri protectrice, 34 châtain noisette|La boîte de 115ml|[Origine : FRANCE, Les Raffinées. Pour donner à vos cheveux un nouvel éclat, EUGENE COLOR a créé'Les Raffinées', des nuances élégantes et sophistiquées. Offrez à vos cheveux de nouveaux reflets subtils nés d'une association unique de colorants, pour une couleur nuancéeencore plus lumineuse et chatoyante. UNE COUVERTURE PARFAITE DES CHEVEUX BLANCS. EUGENE COLOR a été spécialement conçu pour garantir une couleur profonde et très longue durée. Sa texture crémeuse enrobe parfaitement chaque cheveu. Tous les cheveux blancs sont couverts à 100%, même les plus difficiles ! UNE ACTION NUTRI-PROTECTRICE EN PROFONDEUR. Grâce à son nouveau soin crème, enrichi en extraits d'olive nourrissants et protecteurs, EUGENE COLOR offre à vos cheveux et brillance., PRÉCAUTIONS D'EMPLOI : IMPORTANT: CE PRODUIT PEUT GENERER UNE REACTION D'ALLERGIE, QUI DANS CERTAINS CAS PEUT ETRE GRAVE. UN TATOUAGE PEUT AUGMENTER LES RISQUES D'ALLERGIE. POUR REDUIRE CES RISQUES RESPECTER IMPERATIVEMENT LES PRECAUTIONS D'UTILISATION SUIVANTES: FAIRE UNE TOUCHE D'ESSAI 48 HEURES AVANT CHAQUE APPLICATION DU PRODUIT. SE CONFORMER A LA NOTICE. NE JAMAIS UTILISER SI : vous avez déjà réagi à un produit de coloration, vous avez le cuir chevelu sensible, abîmé ou irrité, Dans ce casconsulter un médecin avant toute utilisation. Le colorant contient selon les nuances de la résorcine, des diaminobenzènes, de l'ammoniaque (voir sous l'étui). Le révélateur contient de l'eau oxygénée. Porter des gants appropriés mono usage. Eviter lecontact avec les yeux. En cas de contact, les rincer immédiatement et abondamment à l'eau claire. Si vous portez des lentilles, retirez-les avant de rincer vos yeux abondamment à l'eau. Consulter un spécialiste. Ne pas employer pour la coloration des cils et des sourcils, ou pour un autre usage que la coloration des cheveux. Ne pas utiliser chez les enfants. Ne pas laisser à la portée des enfants. Ne pas utiliser si les cheveux ont été colorés avec du henné, des sels métalliques, une colorationprogressive ou un produit de repigmentation. Bien rincer après l'application du mélange. Ne pas conserver le mélange pour une application ultérieure.]|"
6,03€ / Pce"|"
6,03 €"
3150|Crème colorante super éclaircissante, nutri protectrice, 103 blond très très clair doré|La boîte de 115ml|[Origine : FRANCE, UNE BLONDEUR INTENSE ET LUMINEUSE La nouvelle génération de crèmes super-éclaircissantes EUGENE COLOR a été spécialement conçue pour garantir, sans décoloration préalable, un éclaircissement intense grâce à sa texture crèmeuse qui enrobe chaque cheveu de la racine à la pointe. Elle permet d'obtenir des blonds très clairs lumineux et longue durée en une seule étape. UNE ACTION NUTRI-PROTECTRICE EN PROFONDEUR Le shampooing-crème EUGENE COLOR est enrichi en extraits d'olive, connus et utilisés depuis des millénaires pour leurs propriétés nutritives et protectrices. Fortifiés et nourris en profondeur, vos cheveux sont plus doux et plus brillants., IMPORTANT: CE PRODUIT PEUT GENERER UNE REACTION D'ALLERGIE, QUI DANS CERTAINS CAS PEUT ETRE GRAVE. UN TATOUAGE PEUT AUGMENTER LES RISQUES D'ALLERGIE. POUR REDUIRE CES RISQUES RESPECTER IMPERATIVEMENT LES PRECAUTIONS D'UTILISATION SUIVANTES : FAIRE UNTEST DE SENSIBILITE 48 HEURES AVANT CHAQUE APPLICATION DU PRODUIT. SE CONFORMER A LA NOTICE. NE JAMAIS UTILISER SI : Vous avez déjà réagi à un produit de coloration, vous avez le cuir chevelu sensible, abîmé ou irrité. Dans ce cas consulter un médecin avant toute utilisation. Le révélateur contient de l'eau oxygénée. Porter des gants appropriés mono usage. Eviter le contact avec les yeux. En cas de contact, les rincer immédiatement et abondamment à l'eau claire. Si vous portez des lentilles, retirez-les avant de rincer vos yeux abondamment à l'eau. Consulter un spécialiste. Ne pas employer pour la coloration des cils et des sourcils, ou pour un autre usage que la coloration des cheveux. Ne pas utiliser chez les enfants. Ne pas laisser à laportée des enfants. Ne pas utiliser si les cheveux ont été colorés avec du henné, des sels métalliques, une coloration progressive ou un produit de repigmentation. Bien rincer après l'application du mélange. Ne pas conserver le mélange pour une application ultérieure.]|"
5,86€ / Pce"|"
5,86 €"
3151|Décoloration intense, cheveux naturels ou colorés, extraits d'olive, nutri-protectrice|La boîte|[Origine : FRANCE, Une décoloration intense en toute confiance. La nouvelle génération de décolorants Eugene Color a été spécialement conçue pour vous garantir un éclaircissement puissant et vous faciliter l'application. Elle permet d'éclaircir intensément vos cheveuxnaturellement foncés, d'éliminer une précédente coloration, avant de recolorer vos cheveux dans la nuance Eugene Color de votre choix. Une action nutri protectrice en profondeur. Le shampooing-crème Eugène Color est enrichi en extraits d'olive. Connuet utilisé depuiss des millénaires pour ses propriétés nutritives et protectrices. Fortifiés et nourris en profondeur, vos cheveux sont plus doux et plus brillants., Ce produit peut générer une reaction d'allergie, qui dans certains cas peut être grave. Un tatouage peut augmenter les risques d'allergie. Pour réduire ces risques, respectez impérativement les précautions d'utilisation suivantes: faire 1 test de sensibilité 48 heures avant chaque application du produit. Se conformer à la notice. Ne jamais utiliser si vous avez déjà réagi à un produit de coloration, vous avez le cuir chevelu sensible, abîmé ou irrité. Dans ce cas consulter un médecin avant touteutilisation. Portez des gants appropriés mono usage. Evitez le contact avec les yeux ou sinon rincez immédiatement et abondamment à l'eau claire. Si vous portez des lentilles, retirez-les avant de rincer vos yeux abondamment à l'eau. Si vous portezdes lentilles, retirez-les avant de rinration des cils et des sourcils, ou pour un autre usage que la coloration des cheveux. Ne pas utiliser chez les enfants. Ne pas laisser à la portée des enfants. Ne pas utiliser si les cheveux ont été colorés avec du henné, des sels métalliques, une coloration progressive ou un produit de repigmentation. Bien rincer après l'application du mélange. Ne pas conserver le mélange pour une application ultérieure., Poudre décolorante : potassium persulfate, ammonium persulfate, sodium metasilicate, sodium stearate, magnesium carbonate, sodium persulfate, silica, cyclodextrin, cyamopsis tetragonolobus (guar) gum, sodium lauryl sulfate, cellulose gum, tetrasodiumedta, paraffinum liquidum (mineral oil), ultramarines (Cl 77007), parfum (fragrance), hexyl cinnamal, butylphenyl methylpropional, alpha-isomethyl ionone, eugenol, hydroxyisohexyl 3-cyclohexene carboxaldehyde, (F02). Révélateur : aqua (water), hydrogen peroxide, cetearyl alcohol, trideceth-2 carboxamide mea, ceteareth-33, glycerin, phosphoric acid. pentasodium pentetate, sodium stannate, tetrasodium pyrophosphate, (F11). Shampooing : aqua (water), sodium laureth sulfate, coco-glucoside, cocamidopropyl betaine, glycol distearate, polyquaternium-10, acrylates copolymer, dimethiconol, laureth-4, sodium chloride, olive oil peg-8 esters, parfum (fragrance), citric acid, dodecylbenzene sulfonate, C11-15 pareth-12, dmdm hydantoin, sodium hydroxide, (F01).]|"
8,33€ / Pce"|"
8,33 €"
3152|Marron cacao 17, Crème colorante permanente|La boîte de 115ml|[Origine : FRANCE, Eugène Color a créé, pour vous, Les Raffinées, des nuances intenses et élégantes, pour sublimer durablement vos cheveux de reflets brillants.Leur texture crémeuse enrobe parfaitement chaque cheveu et vous garantit un résultat uniforme et une couverture à 100% de vos cheveux blancs. Une couleur étincelante. Un soin riche et profond. Une marque de confiance., Application facile et rapide sur cheveux secs. Important : ce produit peut générer une réaction d'allergie, qui dans certains cas peut être grave. Un tatouage peut augmenter les risques d'allergie. Pour réduire ces risques, respecter impérativement les précautions d'utilisation suivantes : faire une touche d'essai 48 heures avant chaque application du produit (voir notice). Ne jamais utiliser avant d'avoir consulté un médecin si : vous avez déjà réagi à un produit de coloration ou à un tatouage,vous avez le cuir chevelu sensible, abîmé ou irrité. La crème colorante contient de l'ammoniaque et peut contenir : résorcine, diaminotoluène, diaminobenzène. Le révélateur contient de l'eau oxygénée. Porter des gants appropriés mono usage. Eviter le contact avec les yeux. En cas de contact, les rincer immédiatement et abondamment à l'eau claire. Si vous portez des lentilles, retirez-les avant de rincer vos yeux abondamment à l'eau. Consulter un spécialiste. Ne pas employer pour la coloration des cils et des sourcils, ou pour un autre usage que la coloration des cheveux. Ne pas utiliser chez les enfants. Ne pas laisser à la portée des enfants. Ne pas utiliser si les cheveux ont été colorés avec du henné, des sels métalliques, une coloration progressive ou un produit de repigmentation. Bien rincer après l'application du mélange. Ne pas conserver le mélange pour une application ultérieure. Se conformer à la notice., Valeur énergétique en Joules :  0, Valeur énergétique en Kcal : 0, Glucides : 0, Lipides : 0, Protides :0, Crème colorante : aqua/water/eau, cetearyl alcohol, propylene glycol, ammonium hydroxide, cocamidopropyl betaine, p-phenylenediamine, ceteareth-33, carbomer, sodium metabisulfite, parfum (fragrance), triethanolamine, p-aminophenol, resorcinol, ascorbic acid, pentasodium pentetate, polyquaternium-22, quaternium-80, m-aminophenol, phenyl methyl pyrazolone, 4-amino-2-hydroxytoluene, (F01). Contient de la résorcine, un diaminobenzène, de l'ammoniaque. Révélateur : aqua/water/eau, hydrogen peroxide,cetearyl alcohol, trideceth-2 carboxamide mea, ceteareth-33, glycerin, phosphoric acid, pentasodium pentetate, sodium stannate, tetrasodium pyrophosphate, (F12). Soin crème : aqua/water/eau, cetearyl alcohol, distearoylethyl hydroxyethylmonium methosulfate, stearyl alcohol, ethylhexyl methoxycinnamate, ceteareth-33, parfum (fragrance), olive oil peg-8 esters, amodimethicone, cetrimonium chloride, trideceth-12, methylchloroisothiazolinone, methylisothiazolinone, citric acid, (F01).]|"
6,03€ / Pce"|"
6,03 €"
3153|Marron clair doré 76, crème colorante permanente nutri protectrice aux extraits d'olive|La boîte de 135ml|[Origine : FRANCE, Une couverture parfaite des cheveux blancs. La nouvelle génération des colorations Eugène Color a été spécialement conçue pour garantir une couleur profonde et très longue durée, grâce à sa texture crémeuse qui enrobe chaque cheveu de la racine à lapointe. Tous les cheveux blancs sont couverts à 100%, même les plus difficiles ! Une action nutri-protectrice en profondeur. Le shampooing-crème Eugène Color est enrichi en  extraits d'olive, connus et utilisés depuis des millénaires pour leurs propriétés nutritives et protectrices. Fortifiés et nourris en profondeur, vos cheveux sont plus doux et plus brillants., Temps de pause : 30 minutes. Si vous avez les cheveux longs ou épais, nous vous recommandons d'utiliser 2 étuis d'Eugène Color. Application sur cheveux déjà colorés ou application sur cheveux naturels.  Ce produit peut générer une réaction d'allergie, qui dans certains cas peut être grave Un tatouage peut augmenter les risques d'allergie. Pour reduire ces risques respecter imperativement les precautions d'utilisation suivantes : faire un test de sensibilité 48 heures avant chaque application duproduit. Se conformer à la notice. Ne jamais utiliser si vous avez déjà réagi à un produit de coloration, vous avez le cuir chevelu sensible, abîmé ou irrité Dans ce cas consulter un médecin avant toute utilisation Porter des gants appropriés mono usage. Eviter le contact avec les yeux. En cas de contact, les rincer immédiatement et abondamment à l'eau claire. Si vous portez des lentilles, retirez-les avant de rincer vos yeux abondamment à l'eau Consulter un spécialiste Ne pas employer pour la coloration des cils et des sourcils, ou pour un autre usage que la coloration des cheveux Ne pas utiliser chez les enfants Ne pas laisser à la portée des enfants Ne pas utiliser si les cheveux ont été colorés avec du henné, des sels métalliques, une coloration progressive ou un produit de repigmentation. Bien rincer après l'application du mélange Ne pas conserver le mélange pour une application ultérieure, Crème colorante : aqua (water), cetearyl alcohol, glyceryl stearate, stearic acid, oleamide dea, cocos nucifera (coconut) oil, ammonium hydroxide, peg-29 castor oil, ceteareth-20, ceteareth-33, paraffinum liquidum (mineral oil), parfum (fragrance), sodium metabisulfite, resorcinol, p-phenylenediamine, quaternium-80, bht, ascorbic acid, polyquaternium-22, p-aminophenol, dicaprylyl carbonate, pentasodium pentetate, 2.4-diaminophenoxyethanol sulfate, m-aminophenol, p-methylaminophenol sulfate, (F01). Révélateur : aqua (water), hydrogen peroxide, cetearyl alcohol, trideceth-2 carboxamide mea, ceteareth-33, glycerin, phosphoric acid, pentasodium pentetate, sodium stannate, tetrasodium pyrophosphate, (F11). Shampooing : aqua (water), sodium laureth sulfate, coco-glucoside, cocamidopropyl betaine, glycol distearate, polyquaternium-10, acrylates copolymer, dimethiconol, laureth-4, sodium chloride, olive oil peg-8 esters, parfum (fragrance), citric acid, dodecylbenzene sulfonate, c11-15 pareth-12, dmdm hydantoin, sodium hydroxide, (F01)., Crème colorante : aqua (water), cetearyl alcohol, glyceryl stearate, stearic acid, oleamide dea, cocos nucifera (coconut) oil, ammonium hydroxide, peg-29 castor oil, ceteareth-20, ceteareth-33, paraffinum liquidum (mineral oil), parfum (fragrance), sodium metabisulfite, resorcinol, p-phenylenediamine, quaternium-80, bht, ascorbic acid, polyquaternium-22, p-aminophenol, dicaprylyl carbonate, pentasodium pentetate, 2.4-diaminophenoxyethanol sulfate, m-aminophenol, p-methylaminophenol sulfate, (F01). Révélateur : aqua (water), hydrogen peroxide, cetearyl alcohol, trideceth-2 carboxamide mea, ceteareth-33, glycerin, phosphoric acid, pentasodium pentetate, sodium stannate, tetrasodium pyrophosphate, (F11). Shampooing : aqua (water), sodium laureth sulfate, coco-glucoside, cocamidopropyl betaine, glycol distearate, polyquaternium-10, acrylates copolymer, dimethiconol, laureth-4, sodium chloride, olive oil peg-8 esters, parfum (fragrance), citric acid, dodecylbenzene sulfonate, c11-15 pareth-12, dmdm hydantoin, sodium hydroxide, (F01).]|"
5,86€ / Pce"|"
5,86 €"
3154|Marron praline 78, crème colorante permanente nutri protectrice aux extraits d'olive|La boîte de 115ml|[Origine : FRANCE, Les raffinées : pour donner à vos cheveux un nouvel éclat, Eugène Color a créé 'Les Raffinées', des nuances élégantes et sophistiquées. Offrez à vos cheveux de nouveaux reflets subtils nés d'une association unique de colorants, pour une couleur nuancée encore plus lumineuse et chatoyante., Temps de pause : 30 minutes. Si vous avez les cheveux longs ou épais, nous vous recommandons d'utiliser 2 étuis d'Eugène Color. Application sur cheveux déjà colorés ou application sur cheveux naturels.  Ce produit peut générer une réaction d'allergie, qui dans certains cas peut être grave Un tatouage peut augmenter les risques d'allergie. Pour reduire ces risques respecter imperativement les précautions d'utilisation suivantes : faire un test de sensibilité 48 heures avant chaque application duproduit. Se conformer à la notice. Ne jamais utiliser si vous avez déjà réagi à un produit de coloration, vous avez le cuir chevelu sensible, abîmé ou irrité Dans ce cas consulter un médecin avant toute utilisation Porter des gants appropriés mono usage. Eviter le contact avec les yeux. En cas de contact, les rincer immédiatement et abondamment à l'eau claire. Si vous portez des lentilles, retirez-les avant de rincer vos yeux abondamment à l'eau Consulter un spécialiste Ne pas employer pour la coloration des cils et des sourcils, ou pour un autre usage que la coloration des cheveux Ne pas utiliser chez les enfants Ne pas laisser à la portée des enfants Ne pas utiliser si les cheveux ont été colorés avec du henné, des sels métalliques, une coloration progressive ou un produit de repigmentation. Bien rincer après l'application du mélange Ne pas conserver le mélange pour une application ultérieure, Crème colorante : aqua, cetearyl alcohol, propylene glycol, ammonium hydroxide, cocamidopropyl betaine, ceteareth-33, carbomer, sodium metabisulfite, parfum (fragrance), triethanolamine,p-aminophenol, p-phenylenediamine, m-aminophenol, ascorbic acid,resorcinol, pentasodium pentetate, polyquaternium-22, quaternium-80, phenyl methyl pyrazolone, 4-amino-2-hydroxytoluene, (F01). Révélateur : aqua, hydrogen peroxide, cetearyl alcohol, trideceth-2 carboxamide mea, ceteareth-33, glycerin, phosphoric acid, pentasodium pentetate, sodium stannate, tetrasodium pyrophosphate, (F12). Soin crème : aqua, cetearyl alcohol, dipalmoylethyl hydroxyethylmonium methosulfate,stearyl alcohol, ceteareth-33, ethylhexyl methoxycinnamate, parfum (fragrance), dipropylene glycol, olive oil peg-8 esters, amodimethicone, cetrimonium chloride, trideceth-12,methylchloroisothiazolinone, methylisothiazolinone, citric acid, (F01)., Crème colorante : aqua, cetearyl alcohol, propylene glycol, ammonium hydroxide, cocamidopropyl betaine, ceteareth-33, carbomer, sodium metabisulfite, parfum (fragrance), triethanolamine,p-aminophenol, p-phenylenediamine, m-aminophenol, ascorbic acid,resorcinol, pentasodium pentetate, polyquaternium-22, quaternium-80, phenyl methyl pyrazolone, 4-amino-2-hydroxytoluene, (F01). Révélateur : aqua, hydrogen peroxide, cetearyl alcohol, trideceth-2 carboxamide mea, ceteareth-33, glycerin, phosphoric acid, pentasodium pentetate, sodium stannate, tetrasodium pyrophosphate, (F12). Soin crème : aqua, cetearyl alcohol, dipalmoylethyl hydroxyethylmonium methosulfate,stearyl alcohol, ceteareth-33, ethylhexyl methoxycinnamate, parfum (fragrance), dipropylene glycol, olive oil peg-8 esters, amodimethicone, cetrimonium chloride, trideceth-12,methylchloroisothiazolinone, methylisothiazolinone, citric acid, (F01).]|"
5,65€ / Pce"|"
5,65 €"
3155|Noir 15, Crème colorante permanente|La boîte de 115ml|[Origine : FRANCE, Eugène Color a créé, pour vous, une nouvelle génération de crème colorante permanente qui couvre 100% de vous cheveux blancs, même les plus difficiles.Sa texture crémeuse enrobe chaque cheveu de la racine à la pointe. Vos cheveux sont sublimés par une couleur profonde et longue durée. Une couleur étincelante. Un soin riche et profond. Une marque de confiance., Application facile et rapide sur cheveux secs. Important : ce produit peut générer une réaction d'allergie, qui dans certains cas peut être grave. Un tatouage peut augmenter les risques d'allergie. Pour réduire ces risques, respecter impérativement les précautions d'utilisation suivantes : faire une touche d'essai 48 heures avant chaque application du produit (voir notice). Ne jamais utiliser avant d'avoir consulté un médecin si : vous avez déjà réagi à un produit de coloration ou à un tatouage,vous avez le cuir chevelu sensible, abîmé ou irrité. La crème colorante contient de l'ammoniaque et peut contenir : résorcine, diaminotoluène, diaminobenzène. Le révélateur contient de l'eau oxygénée. Porter des gants appropriés mono usage. Eviter le contact avec les yeux. En cas de contact, les rincer immédiatement et abondamment à l'eau claire. Si vous portez des lentilles, retirez-les avant de rincer vos yeux abondamment à l'eau. Consulter un spécialiste. Ne pas employer pour la coloration des cils et des sourcils, ou pour un autre usage que la coloration des cheveux. Ne pas utiliser chez les enfants. Ne pas laisser à la portée des enfants. Ne pas utiliser si les cheveux ont été colorés avec du henné, des sels métalliques, une coloration progressive ou un produit de repigmentation. Bien rincer après l'application du mélange. Ne pas conserver le mélange pour une application ultérieure. Se conformer à la notice., Crème colorante : aqua (water), cetearyl alcohol, propylène glycol, toluène-2,5-diamine sulfate, ammonium hydroxide, 2,4- diaminophenoxyethanol hci, m-aminophenol, cocamidopropyl betaine, ceteareth-33, carbomer, sodium metabisulfite, parfum (fragrance), triethanolamine, resorcinol, ascorbic acid, pentasodium pentetate, polyquaternium-22, quaternium-80, (F01). Contient de la résorcine, un diaminotoluène, de lammoniaque. Révélateur : aqua/water/eau, hydrogen peroxide, cetearyl alcohol, trideceth-2 carboxamide mea, ceteareth-33, glycerin, phosphoric acid, pentasodium pentetate, sodium stannate, tetrasodium pyrophosphate (F12).  Soin crème : aqua/water/eau, cetearyl alcohol, distearoylethyl hydroxyethylmonium methosulfate, stearyl alcohol, ethylhexyl methoxycinnamate, ceteareth-33, parfum (fragrance), olive oil peg-8esters, amodimethicone, cetrimonium chloride, trideceth-12, methylchloroisothiazolinone, methylisothiazolinone, citric acid, (F01).]|"
5,55€ / Pce"|"
5,55 €"
3156|Camomille et protéines de blé, shampooing éclaircissant|La boîte de 250ml|[Origine : FRANCE, Un effet blondeur progressif et durable : le shampooing éclaircissant Blond Vacances agit comme un éclaircissant léger, progressif et durable dont l'effet s'accentue au fur et à mesure des applications. Il donne à vos cheveux l'éclat naturel de l'ététout au long de l'année ou vous permet de retrouver la blondeur de votre enfance. Une formule nutri-protectrice exclusive : Le shampooing éclaircissant Blond Vacances vous garantit la pleine protection et le respect de vos cheveux. Sa formule uniqueassocie des extraits naturels de camomille aux propriétés éclaircissantes et adoucissantes à des protéines de blé. Leur action renforce vos cheveux tout en les revitalisant. Des cheveux pleins de vitalité : conçu pour laver vos cheveux en toute douceur, le shampooing éclaircissant Blond Vacances facilite aussi le démêlage. Vos cheveux sont lumineux et facile à coiffer., Convient aux cheveux châtain clair à blond clair. Le shampooing éclaircissant Blond Vacances s'utilise comme un shampooing ordinaire. Laissez agir de deux à cinq minutes selon l'éclaircissement souhaité. Eviter le contact avec les yeux. Rincer immédiatement les yeux si le produit entre en contact avec ceux-ci. Consulter un spécialiste. Ne pas laisser à la portée des enfants. portez des gants appropriés., Aqua, sodium laureth sulfate, cocamidopropyl betaine, hydrogen peroxide, ceteareth-60 myristyl glycol, hydrolyzed wheat protein, parfum (fragrance), peg-60 hydrogenated castor oil, cocamidopropyl pg-dimonium chloride, glycerin, chamomilla recutita (matricaria) extract, linoleamidopropyl PG-dimonium chloride phosphate, polyquaternium-10, pentasodium pentetate, propylene glycol, quaternium-22, hexyl cinnamal, linalool, butylphenyl methylpropional, alpha-isomethyl ionone, sodium stannate, coumarin,methylchloroisothiazolinone, methylisothiazolinone, sodium chloride, phosphoric acid, (F06)., Aqua, sodium laureth sulfate, cocamidopropyl betaine, hydrogen peroxide, ceteareth-60 myristyl glycol, hydrolyzed wheat protein, parfum (fragrance), peg-60 hydrogenated castor oil, cocamidopropyl pg-dimonium chloride, glycerin, chamomilla recutita (matricaria) extract, linoleamidopropyl PG-dimonium chloride phosphate, polyquaternium-10, pentasodium pentetate, propylene glycol, quaternium-22, hexyl cinnamal, linalool, butylphenyl methylpropional, alpha-isomethyl ionone, sodium stannate, coumarin,methylchloroisothiazolinone, methylisothiazolinone, sodium chloride, phosphoric acid, (F06).]|"
32,08€ / L"|"
8,02 €"
3157|10 blond platine précieux, Coloration permanente|La boite de 145ml|[Origine : FRANCE, Découvrez Oléo Color, la 1ère coloration permanente de Kéranove sans ammoniaque et à base d''Oléo-kératine', fusion inédite d'huile et de kératine pour un triple résultat prodigieux ! Brillance prodigieuse. Couverture prodigieuse. Douceur prodigieuse. Recommandée pour les cheveux secs ou sensibilisés., Application ultra facile et rapide ne coule pas. Groupe 3 : coloration permanente. Cet étui contient : 1 tube crème colorante de 60 ml + 1 flacon applicateur de révélateur de 60 ml + 1 sachet de soin nourrissant sublimateur post-coloration de 25 ml +1 notice + 1 paire de gants + des protège-branches de lunettes. Si vous avez les cheveux longs ou épais, utilisez deux boîtes de Kéranove Oléo Color. Le résultat dépend de la couleur actuelle de vos cheveux, qu'ils soient de couleur naturelle ou colorés. Si vous hésitez entre deux teintes, choisissez la plus claire. Les colorants capillaires peuvent provoquer des réactions allergiques sévères. Lire et suivre les instructions suivantes. Ce produit nest pas destiné à être utilisé sur les personnes de moins de seize ans. Les tatouages temporaires noirs à base de henné peuvent augmenter le risque dallergie. Ne vous colorez pas les cheveux : si vous présentez une éruption cutanée sur le visage ou si votre cuir chevelu est sensible, irrité ouabîmé. Si vous avez déjà fait une réaction après avoir coloré vos cheveux. Si vous avez fait par le passé une réaction à un tatouage temporaire noir à base de henné. Pour réduire les risques, faire un test dalerte-allergie 48 heures avant chaque application. La coloration contient suivant les nuances de la résorcine, des diaminobenzènes, des phénylènediamines (toluènediamines). Le révélateur contient du peroxyde dhydrogène. Porter des gants appropriés mono usage. Eviter le contact avec les yeu, Crème colorante : aqua/water/eau, octyldodecanol, C11-13 isoparaffin, propyleneglycol, ethanolamine, alcohol denat., dipropylene glycol, carbomer, sodium metabisulfite, ascorbic acid, pentasodium pentetate, hydrolyzed corn protein, hydrolyzed wheat protein, hydrolyzed soy protein, p-aminophenol, m-aminophenol, (FO1). Révélateur : aqua/water/eau, C11-13 isoparaffin, hydrogen peroxide, cetearyl alcohol, trideceth-2 carboxamide mea, ceteareth-33, glycerin, phosphoric acid, pentasodium pentetate, sodium stannate, tetrasodium pyrophosphate, (FO1). Soin nourrissant sublimateur post-coloration : aqua/water/eau, cetearyl alcohol, cocamidopropyl betaine, sodium laureth sulfate, ceteareth-33, hydroxypropyl guar, C11-15 pareth-5, argania spinosa (argan) kernel oil, trimethylsilylamodimethicone, C11-15 pareth-9, guar hydroxypropyltrimonium chloride, parfum (fragrance), hydrolyzed corn protein, hydrolyzed wheat protein, hydrolyzed soy protein, methylchloroisothiazolinone, methylisothiazolinone, sodium hydroxide, citric acid, (FO1).]|"
10,60€ / Pce"|"
10,60 €"
3158|1 Noir obscur, Coloration permanente|La boite de 125ml|[Origine : FRANCE, La technologie professionnelle 'Oléo-Kératine' vous garantit un résultat impeccable, comme en salon de coiffure. Tous vos cheveux blancs sont parfaitement couverts et pour longtemps. Découvrez Oléo Color, la 1ère coloration permanente de Kéranove sans ammoniaque et à base d'Oléo-Kératine, fusion inédite d'huile et de kératine pour un triple résultat prodigieux., Application ultra facile et rapide. Ne coule pas. Les colorants capillaires peuvent provoquer des réactions allergiques sévères. Lire et suivre les instructions. Ce produit nest pas destiné à être utilisé sur les personnes de moins de seize ans. Lestatouages temporaires noirs à base de henné peuvent augmenter le risque dallergie. Ne vous colorez pas les cheveux si : vous présentez une éruption cutanée sur le visage ou si votre cuir chevelu est sensible, irrité ou abîmé. Vous avez déjà fait une réaction après avoir coloré vos cheveux. Vous avez fait par le passé une réaction à un tatouage temporaire noir à base de henné. Il est obligatoire de faire un test dallergie cutanée impérativement 48 heures avant chaque utilisation de ce produit(se conformer à la notice). Penser à acheter votre produit à lavance pour faire le test dallergie cutanée 48 heures avant. Eviter le contact du produit avec les yeux. En cas de contact, rincer les yeux à leau claire 10 minutes. Si vous portez deslentilles, retirez-les avant de rincer vos yeux abondamment à leau. Consulter un spécialiste. Ne pas utiliser pour la coloration des cils et des sourcils. Ne pas utiliser si vos cheveux ont été colorés avec du henné, des sels métalliques, une coloration progressive ou un produit de repigmentation. Bien rincer les cheveux après lapplication du mélange. Ne pas conserver le mélange pour une application ultérieure. Tenir hors de la portée des enfants.]|"
10,87€ / Pce"|"
10,87 €"
3159|3 Châtain foncé secret, Coloration permanente|La boite de 125ml|[Origine : FRANCE, La technologie professionnelle 'Oléo-Kératine' vous garantit un résultat impeccable, comme en salon de coiffure. Tous vos cheveux blancs sont parfaitement couverts et pour longtemps. Découvrez Oléo Color, la 1ère coloration permanente de Kéranove sans ammoniaque et à base d'Oléo-Kératine, fusion inédite d'huile et de kératine pour un triple résultat prodigieux., Application ultra facile et rapide. Ne coule pas. Les colorants capillaires peuvent provoquer des réactions allergiques sévères. Lire et suivre les instructions. Ce produit nest pas destiné à être utilisé sur les personnes de moins de seize ans. Lestatouages temporaires noirs à base de henné peuvent augmenter le risque dallergie. Ne vous colorez pas les cheveux si : vous présentez une éruption cutanée sur le visage ou si votre cuir chevelu est sensible, irrité ou abîmé. Vous avez déjà fait une réaction après avoir coloré vos cheveux. Vous avez fait par le passé une réaction à un tatouage temporaire noir à base de henné. Il est obligatoire de faire un test dallergie cutanée impérativement 48 heures avant chaque utilisation de ce produit(se conformer à la notice). Penser à acheter votre produit à lavance pour faire le test dallergie cutanée 48 heures avant. Eviter le contact du produit avec les yeux. En cas de contact, rincer les yeux à leau claire 10 minutes. Si vous portez deslentilles, retirez-les avant de rincer vos yeux abondamment à leau. Consulter un spécialiste. Ne pas utiliser pour la coloration des cils et des sourcils. Ne pas utiliser si vos cheveux ont été colorés avec du henné, des sels métalliques, une coloration progressive ou un produit de repigmentation. Bien rincer les cheveux après lapplication du mélange. Ne pas conserver le mélange pour une application ultérieure. Tenir hors de la portée des enfants.]|"
10,60€ / Pce"|"
10,60 €"
3160|5*6 rouge cerise passion, Coloration permanente|La boite de 145ml|[Origine : FRANCE, Découvrez Oléo Color, la 1ère coloration permanente de Kéranove sans ammoniaque et à base d''Oléo-kératine', fusion inédite d'huile et de kératine pour un triple résultat prodigieux ! Brillance prodigieuse. Couverture prodigieuse. Douceur prodigieuse. Recommandée pour les cheveux secs ou sensibilisés., Application ultra facile et rapide ne coule pas. Groupe 3 : coloration permanente. Cet étui contient : 1 tube crème colorante de 60 ml + 1 flacon applicateur de révélateur de 60 ml + 1 sachet de soin nourrissant sublimateur post-coloration de 25 ml +1 notice + 1 paire de gants + des protège-branches de lunettes. Si vous avez les cheveux longs ou épais, utilisez deux boîtes de Kéranove Oléo Color. Le résultat dépend de la couleur actuelle de vos cheveux, qu'ils soient de couleur naturelle ou colorés. Si vous hésitez entre deux teintes, choisissez la plus claire. Les colorants capillaires peuvent provoquer des réactions allergiques sévères. Lire et suivre les instructions suivantes. Ce produit nest pas destiné à être utilisé sur les personnes de moins de seize ans. Les tatouages temporaires noirs à base de henné peuvent augmenter le risque dallergie. Ne vous colorez pas les cheveux : si vous présentez une éruption cutanée sur le visage ou si votre cuir chevelu est sensible, irrité ouabîmé. Si vous avez déjà fait une réaction après avoir coloré vos cheveux. Si vous avez fait par le passé une réaction à un tatouage temporaire noir à base de henné. Pour réduire les risques, faire un test dalerte-allergie 48 heures avant chaque application. La coloration contient suivant les nuances de la résorcine, des diaminobenzènes, des phénylènediamines (toluènediamines). Le révélateur contient du peroxyde dhydrogène. Porter des gants appropriés mono usage. Eviter le contact avec les yeu, Crème colorante : aqua/water/eau, octyldodecanol, C11-13 isoparaffin, propylene glycol, ethanolamine, alcohol denat., dipropylene glycol, carbomer, 1-hydroxyethyl 4,5-diamino pyrazole sulfate, sodium metabisulfite, 4-amino-2-hydroxytoluene, p-phenylenediamine, ascorbic acid, pentasodium pentetate, hydrolyzed corn protein, hydrolyzed wheat protein, hydrolyzed soy protein, p-aminophenol, (FO1). Révélateur : aqua/water/eau, C11-13 isoparaffin, hydrogen peroxide, cetearyl alcohol, trideceth-2 carboxamide mea, ceteareth-33, glycerin, phosphoric acid, pentasodium pentetate, sodium stannate, tetrasodium pyrophosphate, (FO1). Soin nourrissant sublimateur post-coloration : aqua/water/eau, cetearyl alcohol, cocamidopropyl betaine, sodium laureth sulfate, ceteareth-33, hydroxypropyl guar, C11-15 pareth-5, argania spinosa (argan) kernel oil, trimethylsilylamodimethicone, C11-15 pareth-9, guar hydroxypropyltrimonium chloride, parfum (fragrance), hydrolyzed corn protein, hydrolyzed wheat protein, hydrolyzed soy protein, methylchloroisothiazolinone, methylisothiazolinone, sodium hydroxide, citric acid, (FO1).]|"
10,87€ / Pce"|"
10,87 €"
3161|7*35 Marron noisette étincelant, Coloration permanente|La boite de 125ml|[Origine : FRANCE, Découvrez Oléo Color la 1ère coloration permanente de Kéranove sans ammoniaque et à base d'oléo kératine, fusion inédite d'huile et de kératine pour un triple résultat prodigieux ! Grâce à la texture crème onctueuse et ultra-fondante d'Oléo Color, lacoloration à domicile devient enfin un pur moment de plaisir ! 0% ammoniaque, 100% couverture, anti-dessèchement., Contient : 1 tube de crème colorante de 50 ml, 1 flacon applicateur de révélateur de 50 ml, 1 sachet de soin nourrissant sublimateur post-coloration de 25 ml, 1 notice, 1 paire de gants, des protège-branches de lunettes. Application facile et rapide,ne coule pas. Si vous avez les cheveux longs ou épais, utilisez deux boîtes d'oléo color. Le résultat dépend de la couleur actuelle de vos cheveux, qu'ils soient de couleur naturelle ou colorés. Si vous hésitez entre deux teintes, choisissez la plusclaire. Les colorants capillaires peuvent provoquer des réactions allergiques sévères. Ce produit n'est pas destiné à être utilisé sur les personnes de moins de seize ans. Les tatouages temporaires noirs à base de henné peuvent augmenter le risque d'allergie. Ne vous colorez pas les cheveux : si vous présentez une éruption cutanée sur le visage ou si votre cuir chevelu est sensible, irrité ou abîmé, si vous avez déjà fait une réaction après avoir coloré vos cheveux, si vous avez fait par le passé une réaction à un tatouage temporaire noir à base de henné. Pour réduire les risques, faire un test d'alerte-allergie 48 heures avant chaque application. La coloration contient suivant les nuances de la résorcine, des diaminobenzènes, des phénylènediamines (toluènediamines). Le révélateur contient du peroxyde d'hydrogène. Porter des gants appropriés mono usage. Eviter le contact avec les yeux. En cas de contact, rincer les yeux immédiatement et abondamment à l'eau claire 10 minutes. Si vous p, Crème colorante : Aqua/water/eau, octyldodecanol, c11-13 isoparaffin, propylene glycol, ethanolamine, alcohol denat, dipropylene glycol, carbomer, p-aminophenol, sodium metabisulfite, p-phenylenediamine, ascorbic acid, pentasodium pentetate, 4-amino-2-hydroxytoluene, hydrolyzed wheat protein, hydrolyzed soy protein, resorcinol, m-aminophenol, (f01). Contient de la résorcine, des diaminobenzènes. Révélateur : aqua/water/eau, c11-13 isoparaffin, hydrogen peroxide, cetearyl alcohol, trideceth-2 carboxamide mea, ceteareth-33, glycerin, phosphoric acid, pentasodium pentetate, sodium stannate, tetrasodium pyrophosphate, (f01). Soin nourrissant sublimateur post-coloration : aqua/water/eau, cetearyl alcohol, cocamidopropyl betaine, sodium laureth sulfate, ceteareth-33, hydroxypropyl guar, c11-15 pareth-5, argania spinosa (argan) kernel oil, trimethylsilylamodimethicone, c11-15 pareth-9, guar hydroxypropyltrimonium chloride, parfum (fragrance), hydrolyzed corn protein, hydrolyzed wheat protein,hydrolyzed soy protein, methylchloroisothiazolinone, methylisothiazolinone, sodium hydroxide, citric acide, (f01).]|"
10,60€ / Pce"|"
10,60 €"
3162|7*4 cuivré ardent, Coloration permanente|La boite de 145ml|[Origine : FRANCE, Découvrez Oléo Color, la 1ère coloration permanente de Kéranove sans ammoniaque et à base d''Oléo-kératine', fusion inédite d'huile et de kératine pour un triple résultat prodigieux ! Brillance prodigieuse. Couverture prodigieuse. Douceur prodigieuse. Recommandée pour les cheveux secs ou sensibilisés., Application ultra facile et rapide ne coule pas. Groupe 3 : coloration permanente. Cet étui contient : 1 tube crème colorante de 60 ml + 1 flacon applicateur de révélateur de 60 ml + 1 sachet de soin nourrissant sublimateur post-coloration de 25 ml +1 notice + 1 paire de gants + des protège-branches de lunettes. Si vous avez les cheveux longs ou épais, utilisez deux boîtes de Kéranove Oléo Color. Le résultat dépend de la couleur actuelle de vos cheveux, qu'ils soient de couleur naturelle ou colorés. Si vous hésitez entre deux teintes, choisissez la plus claire. Les colorants capillaires peuvent provoquer des réactions allergiques sévères. Lire et suivre les instructions suivantes. Ce produit nest pas destiné à être utilisé sur les personnes de moins de seize ans. Les tatouages temporaires noirs à base de henné peuvent augmenter le risque dallergie. Ne vous colorez pas les cheveux : si vous présentez une éruption cutanée sur le visage ou si votre cuir chevelu est sensible, irrité ouabîmé. Si vous avez déjà fait une réaction après avoir coloré vos cheveux. Si vous avez fait par le passé une réaction à un tatouage temporaire noir à base de henné. Pour réduire les risques, faire un test dalerte-allergie 48 heures avant chaque application. La coloration contient suivant les nuances de la résorcine, des diaminobenzènes, des phénylènediamines (toluènediamines). Le révélateur contient du peroxyde dhydrogène. Porter des gants appropriés mono usage. Eviter le contact avec les yeu, Crème colorante : aqua/water/eau, octyldodecanol, C11-13 isoparaffin, propylene glycol, ethanolamine, alcohol denat., dipropylene glycol, carbomer, p-aminophenol, sodium metabisulfite, 4-amino-2-hydroxytoluene, ascorbic acid, resorcinol, pentasodiumpentetate, p-phenylenediamine, 2-methylresorcinol, hydrolyzed corn protein, hydrolyzed wheat protein, hydrolyzed soy protein (FO1). Révélateur : aqua/water/eau, C11-13 isoparaffin, hydrogen peroxide, cetearyl alcohol, trideceth-2 carboxamide mea, ceteareth-33, glycerin, phosphoric acid, pentasodium pentetate, sodium stannate, tetrasodium pyrophosphate, (FO1). Soin nourrissant sublimateur post-coloration : aqua/water/eau, cetearyl alcohol, cocamidopropyl betaine, sodium laureth sulfate, ceteareth-33, hydroxypropyl guar, C11-15 pareth-5, argania spinosa (argan) kernel oil, trimethylsilylamodimethicone, C11-15 pareth-9, guar hydroxypropyltrimonium chloride, parfum (fragrance), hydrolyzed corn protein, hydrolyzed wheat protein, hydrolyzed soy protein, methylchloroisothiazolinone, methylisothiazolinone, sodium hydroxide, citric acid, (FO1).]|"
10,60€ / Pce"|"
10,60 €"
3163|Camomille, spray éclaircissant sans rinçage|Le spray de 125ml|[Origine : FRANCE, Un effet blondeur progressif et durable. Le spray éclaircissant BLOND VACANCES agit comme un éclaircissement léger, progressif, durable dont l'effets'accentue au fur et à mesure des applications. Il donne à vos cheveux l'éclat naturel de l'été tout au long de l'année. Une formule hydra-protectrice exclusive. Le spray éclaircissant BLOND VACANCES vous garantit la pleine protection et le respect de vos cheveux. Sa formule unique associe des extraits naturels de camomille aux propriétés éclaircissantes et adoucissantes, des protéines de blé riches en éléments nutritifs et protecteurs, et un complexe hydro-rétenteur. Grâce à ses actifs spécifiques, il protège vos cheveux dès l'éclaircissement et maintient leur hydratation., Appliquez le spray éclaircissant après votre shampooing sur cheveux humides. Vaporisez sur l'ensemble de votre chevelure pour un éclaircissement uniforme ou sur quelques mèches pour un effet soleil. Ne rincez pas et séchez vos cheveux comme vous en avez l'habitude. Pour créer de subtils effets méchés sur les cheveux chatains à blond clair. Pour 1 éclaircissement léger et progressif des cheveux. Pour un effet blondeur très naturel. Pour des cheveux doux et brillants.  Précautions d'emploi: attendre deux ou trois jours entre deux applications et une dizaine de jours après une permanente. Protégez les vêtements lors de l'utilisation. Contient de l'eau oxygénée. Eviter le contact avec les yeux. Rincez immédiatement les yeux si le produit entreen contact avec ceux-ci. Consultez un spécialiste. Ne pas laisser à la portée des enfants. Ne pas pulvériser vers le visage. Portez des gants appropriés. Découvrez la blondeur sur mesure avec les produits éclaircissants BLOND VACANCES enrichis à la camomille et aux protéines de blé. Envie de créer ou prolonger un effet soleil dans vos cheveux ? Pour chacun de vos besoins il existe un produit approprié : éclaircissement léger et progressif. Shampooing éclaircissant, après-shampooing éclaircissant, spray éclaircissant sans rinçage. Eclaircissement naturel et durable. Crème éclaircissante douce sans ammoniaque NATUREL. Crème éclaircissante douce sans ammoniaque DORE. Mèches. Kit pour mèches et balayages, AQUA (WATER), HYDROGEN PEROXIDE, PEG-60 HYDROGENATED CASTOR OIL, PEG/PPG-18/18 DIMETHICONE, POLYQUATERNIUM-11, CITRIC ACID, GLYCERIN, CHAMOMILLA RECUTITA (MATRICARIA) EXTRACT, PARFUM (FRAGRANCE), PPG-12-BUTETH-16, PENTASODIUM PENTETATE, HYDROLYZED WHEAT PROTEIN, CETEARYL ETHYLHEXANOATE, ISOPROPYL MYRISTATE, PROPYLENE GLYCOL, SODIUM LACTATE, TEA-LACTATE, SERINE, LACTIC ACID, UREA, SORBITOL, SODIUM CHLORIDE, ALLANTOIN, SODIUM BENZOATE, METHYLCHLOROISOTHIAZOLINONE, SODIUM STANNATE, BUTYLPHENYL METHYLPROPIONAL, LINALOOL, HEXYL CINNAMAL, ALPHA-ISOMETHYL IONONE, COUMARIN, METHYLISOTHIAZOLINONE, (F07). Actifs spécifiques. Extraits de Camomille : 1%. Protéines de blé : 0.1%. Complexe hydro-rétenteur : 1 %. Agents protecteurs : 0.9%, 12 mois après ouverture.]|"
88,08€ / L"|"
11,01 €"
3164|Camomille et protéines de blé, crème éclaircissante sans amoniaque|La boîte de 105ml|[Origine : FRANCE, Crème éclaircissante: pour un éclaircissement léger des cheveux châtain cllair à blond clair, pour une blondeur naturelle et très longue durée, pour le respect et la protection des cheveux, même les plus délicats, pour des cheveux doux et brillants., Ce produit peut générer une reaction d'allergie, qui dans certains cas peut être grave. Un tatouage peut augmenter les risques d'allergie. Pour réduire les risques, respecter impérativement les précautions d'utilisation suivantes: faire 1 test de sensibilité 48 heures avant chaque application du produit.Se confor mer à la notice.Ne jamais utiliser si vous avez déjà réagi à un produit de col oration, vous avez le cuir chevelu sensible, abîmé ou irrité. Dans ce cas, consulter 1 médecin avant touteutilisation. portez des gants appropriés mono usage. Eviter le contact avec les yeux. en cas de contact, les rincer immédiatement abondamment à l'eau claire.Si vous portez des lentilles, retirez-les avant de  rincer vos yeux abondamment à l'eau. Consultez 1 spécialiste. Ne pas employer pour la coloration des cils et des sourcils ou pour un autre usage que la coloration des cheveux.Ne pas utiliser chez les enfants. Ne le laisser à la portée d es enfants. Ne pas utiliser si les cheveux ont été colorés avec du henné, des sels métalliques, une coloration progressive ou un produit de repigmentation. Bien rincer après l'application du mélange. Ne pas conserver le mélange pour une application ultérieure., Crème éclaircissante : aqua (water), cetearyl alcohol, ethanolamine, sodium laureth sulfate, cocamide dea, sodium lauryl sulfate, sodium cetearyl sulfate, sodium bisulfite, parfum (fragrance), sodium diethylenetriamine pentamethylene phosphonate, toluene-2.5-diamine sulfate, hexyl cinnamal, linalool, butylphenyl methylpropional, p-aminophenol, m-aminophenol, alpha-isomethyl ionone, resorcinol, coumarin, basic red 76 (cl 12245), (f11). Révélateur crème : aqua (water), hydrogen peroxide, cetearylalcohol, trideceth-2 carboxamide mea, ceteareth-33, glycerin, phosphoric acid, pentasodium pentetate, sodium stannate, tetrasodium pyrophosphate, (f11). Soin vitaminé protecteur : aqua (water), cetearyl alcohol, dipalmoylethyl hydroxyethylmonium methosulfate, ceteareth-33, stearyl alcohol, dipropylene glycol, hydrolyzed wheat protein, imidazolidinyl urea, propylene glycol, parfum (fragrance), tocopherol, glycerin, ethyl oleate, ethyl linolenate, ethyl linoleate, chamomilla recutita (matricaria)extract, peg-32, sodium chloride, methylparaben, arctium majus (burddock) extract, juglans regia (walnut) leaf extract, arnica montana flower extract, bioflavonoids, cynara scolymus (artichoke) extract, butylparaben, ethylparaben, isobutylparaben, linalool, propylparaben, benzyl benzoate, geraniol, hexyl cinnamal, coumarin, citronellol, butylphenyl methylpropional, amyl cinnamal, alpha-isomethyl ionone, hydroxyisohexyl 3-cyclohexene carboxaldehyde, eugenol, (f04)., Conserver à l'abri de la chaleur]|"
11,63€ / Pce"|"
11,63 €"
3165|Mèches et balayages, camomille et aux protéines de blé|La boîte de 150ml|[Origine : FRANCE, Kit pour mèches et balayages: pour apporter une touche de lumière durable aux cheveux châtains à blond clair, pour un balayage parfait grâce à des mèches fines et naturelles, pour des effets méchés des plus subtils aux plus contrastés, pour des cheveux doux et brillants., Lire attentivement les précautions d'emploi avant l'utilisation.Ce produit pe ut générer une réaction allergique, qui dans certains cas rares, peut avoir des conséquences graves.Respecter les précautions d'emploi.Eviter le contact ave  c les yeux.Rincer immédiatement les yeux si le produit entre en contact avec c eux-ci.Consulter un spécialiste. Porter des gants appropriés. Le shampooing: e n cas de contact avec les yeux, rincer immédiatement, abondamment à l'eau claire.Ne pas employer pour la décoloration des cils et des sourcils. Bien rincer a près l'application du mélange;Ne pas utiliser le produit si les cheveux ont été colorés avec du henné, des sels métalliques ou une coloration progressive. Ne pas laisser à la portée des enfants, Poudre : potassium persulfate, ammonium persulfate, sodium metasilicate, sodium stearate, magnesium carbonate, sodium persulfate, silica, cyclodextrin, cyamopsis tetragonolobus gum, sodium lauryl sulfate, cellulose gum, tetrasodium edta, paraffinum liquidum, cl 77007, parfum (fragrance), alpha-isomethyl ionone, butylphenyl methylpropional, eugenol, hexyl cinnamal, hydroxyisohexyl 3-cyclohexene carboxaldehyde,(f02). Révélateur crème : aqua (water), hydrogen peroxide, cetearyl alcohol, trideceth-2carboxamide mea, ceteareth-33, glycerin, pentetic acid, sodium stannate, tetrasodium pyrophosphate, phosphoric acid, (f02). Shampooing nutri-intense : aqua (water), lauryl betaine, sodium lauryl sulfate, sodium myristyl sulfate, cocamidopropyl betaine, sodium cetyl sulfate, glycol stearate, sodium stearyl sulfate, laureth-10, polyquaternium- 10, hydrolyzed wheat protein, parfum (fragrance), glycerin, chamomilla recutita (matricaria) extract, imidazolidinyl urea, tetrasodium edta, propylene glycol, citric acid, methylchloroisothiazolinone, methylisothiazolinone, butylphenyl methylpropional, linalool, hexyl cinnamal, alpha-isomethyl ionone, coumarin, (f03)., Conserver à l'abri de la chaleur]|"
16,94€ / Pce"|"
16,94 €"
3166|645 Châtain miel, coloration soin aux 7 huiles naturelles|Le Kit|[Origine : ALLEMAGNE]|"
5,30€ / Pce"|"
5,30 €"
3167|760 Brun Cuivré, crème colorante durable|Le Kit|[Origine : ALLEMAGNE]|"
5,55€ / Pce"|"
5,55 €"
3168|840 Noir Expresso, coloration soin aux 7 huiles naturelles|Le kit|[Origine : ALLEMAGNE]|"
5,30€ / Pce"|"
5,30 €"
3169|850 Brun Cacao, crème colorante durable|Le kit|[Origine : ALLEMAGNE]|"
5,55€ / Pce"|"
5,55 €"
3170|Acajou subtil 3-82, coloration permanente oleo supreme|L'etui de 115ml|[Origine : ALLEMAGNE, 1ère coloration permanente sans ammoniaque aux huiles 100% pures. Pour une intensité couleur suprême, une tenue extra longue durée, une couverture des cheveux blancs et 90% d'éclat en plus. Intensité couleur suprême et tenue longue durée, confort optimisé du cuir chevelu, cheveux jusqu'à 40% plus doux. Jusqu'à 90% de brillance en plus. Cheveux forts et éclatants de beauté pendant 6 semaines. Couverture haute performance des cheveux blancs., Facile à mélanger, ne coule pas. Les colorants capillaires peuvent provoquer des réactions allergiques sévères. Lire et suivre les instructions. Ce produit nest pas destiné à être utilisé sur les personnes de moins de 16 ans. Les tatouages temporaires noirs à base de henné peuvent augmenter le risque dallergie. Ne vous colorez pas les cheveux si vous présentez une éruption cutanée sur le visage ou si votre cuir chevelu est sensible, irrité ou abîmé. Si vous avez déjà fait une réaction après avoir coloré vos cheveux. Si vous avez fait par le passé une réaction à un tatouage temporaire noir à base de henné. Contient du peroxyde dhydrogène, des phenylenediamine (toluènediamines) et de la résorcine. Eviter le contact du produit avec les yeux. Rincer immédiatement les yeux si le produit entre en contact avec ceux-ci. Ne pas utiliser pour teindre les cils ou les sourcils. Bien rincer les cheveux après application. Porter des gants appropriés. Effectuez un test dalerte allergie 48h avanttoute application dune coloration, même si vous avez déjà utilisé des produits de coloration auparavant. Pensez donc à acheter le produit 48h à lavance. En cas de précédente réaction à un produit de coloration ou en cas de doute, consultez un médecin avant dutiliser tout produit colorant. Garder hors de la portée des enfants.]|"
6,64€ / Pce"|"
6,64 €"
3171|Blond clair 8-6, Coloration permanente|La boîte de 115ml|[Origine : ALLEMAGNE, Sa formule haute performance fixe la sélection exclusive de pigments colorants en profondeur dans la fibre capillaire. La couleur est éclatante, tendance.Un résultat couleur haute définition avec une sélection exclusive de pigments. Intensité de la couleur et éclat incroyable. Résultat couleur haute définition. Couverture des cheveux blancs haute performance. Cheveux éclatants de beauté., Le résultat de la coloration dépend de votre couleur naturelle de cheveux. Attention : contient de l'eau oxygénée, des diaminotoluènes et de la résorcine. Peut provoquer une réaction allergique. Eviter le contact du produit avec les yeux. Rincer immédiatement les yeux si le produit entre en contact avec ceux-ci. Ne pas employer pour la coloration des cils ou et des sourcils. Bien rincer les cheveux après application. Porter des gants appropriés. Garder hors de la portée des enfants. Se conformerà la notice. Les colorants pour cheveux peuvent provoquer des réactions allergiques qui peuvent être graves dans de rares cas. Les tatouages peuvent accroître le risque d'allergie à ce produit. Effectuez un test de sensibilité de la peau 48 heures avant l'utilisation de cette coloration, même si vous avez déjà utilisé des produits de coloration avant. Ainsi il est préférable d'acheter le produit 48 heures à l'avance. A ne pas utiliser si : vous avez déjà eu une réaction à des produits de coloration, votre cuir chevelu est sensible, irrité ou s'il présente des lésions. Dans ces cas-là, consultez un médecin avant d'utiliser tout produit colorant. Lisez et suivez attentivement les instructions dans le mode d'emploi du produit. Ce produit n'est pas destiné à être utilisé sur des enfants., Crème colorante : aqua, cetearyl alcohol, ammonium hydroxide, ceteareth-20, glycol distearate, octyldodecanol, glyceryl stearate, sodium laureth sulfate, sodium cetearyl sulfate, serine, oleic acid, sodium sulfite, parfum, silica, limonene, tetrasodium edta, 4-amino-m-cresol, toluene-2.5-diamine sulfate, carbomer, resorcinol, potassium stearate, glycerin, potassium hydroxide, 2-methyl resorcinol, linalool, citronellol : ascorbic acid, butylphenyl methylpropional, linoleamidopropyl pg-dimonium chloride phosphate, propylene glycol, sodium sulfate, 2-amino-3-hydroxypyridine, citrus aurantium dulcis peel oil. Emulsion révélatrice : aqua, hydrogen peroxide, cetearyl alcohol, peg-40 castor oil, disodium pyrophosphate, sodium cetearyl sulfate, disodium edta, sodium benzoate, phosphoric acid. Baume soin : aqua, cetearyl alcohol, quaternium-87, propylene glycol, isopropyl myristate, distearoylethyl hydroxyethylmonium methosulfate, parfum, citric acid, phenoxyethanol, stearamidopropyl dimethylamine, ceteareth-20, sodium methylparaben, polyquaternium-37, glycine, propylene glycol dicaprylate/dicap rate, panthenol, hydroxypropyltrimonium hydrolyzed wheat protein, limonene, ppg-1 trideceth-6, hydrolyzed vegetable protein pg-propyl silanetriol.]|"
61,39€ / Kg"|"
7,06 €"
3172|Blond naturel 7-10, coloration permanente oleo supreme|L'etui de 115ml|[Origine : ALLEMAGNE, 1ère coloration permanente sans ammoniaque aux huiles 100% pures. Pour une intensité couleur suprême, une tenue extra longue durée, une couverture des cheveux blancs et 90% d'éclat en plus. Intensité couleur suprême et tenue longue durée, confort optimisé du cuir chevelu, cheveux jusqu'à 40% plus doux. Jusqu'à 90% de brillance en plus. Cheveux forts et éclatants de beauté pendant 6 semaines. Couverture haute performance des cheveux blancs., Facile à mélanger, ne coule pas. Les colorants capillaires peuvent provoquer des réactions allergiques sévères. Lire et suivre les instructions. Ce produit nest pas destiné à être utilisé sur les personnes de moins de 16 ans. Les tatouages temporaires noirs à base de henné peuvent augmenter le risque dallergie. Ne vous colorez pas les cheveux si vous présentez une éruption cutanée sur le visage ou si votre cuir chevelu est sensible, irrité ou abîmé. Si vous avez déjà fait une réaction après avoir coloré vos cheveux. Si vous avez fait par le passé une réaction à un tatouage temporaire noir à base de henné. Contient du peroxyde dhydrogène, des phenylenediamine (toluènediamines) et de la résorcine. Eviter le contact du produit avec les yeux. Rincer immédiatement les yeux si le produit entre en contact avec ceux-ci. Ne pas utiliser pour teindre les cils ou les sourcils. Bien rincer les cheveux après application. Porter des gants appropriés. Effectuez un test dalerte allergie 48h avanttoute application dune coloration, même si vous avez déjà utilisé des produits de coloration auparavant. Pensez donc à acheter le produit 48h à lavance. En cas de précédente réaction à un produit de coloration ou en cas de doute, consultez un médecin avant dutiliser tout produit colorant. Garder hors de la portée des enfants.]|"
6,64€ / Pce"|"
6,64 €"
3173|Brun noir 2-10, coloration permanente oleo supreme|L'etui de 115ml|[Origine : ALLEMAGNE, 1ère coloration permanente sans ammoniaque aux huiles 100% pures. Pour une intensité couleur suprême, une tenue extra longue durée, une couverture des cheveux blancs et 90% d'éclat en plus. Intensité couleur suprême et tenue longue durée, confort optimisé du cuir chevelu, cheveux jusqu'à 40% plus doux. Jusqu'à 90% de brillance en plus. Cheveux forts et éclatants de beauté pendant 6 semaines. Couverture haute performance des cheveux blancs., Facile à mélanger, ne coule pas. Les colorants capillaires peuvent provoquer des réactions allergiques sévères. Lire et suivre les instructions. Ce produit nest pas destiné à être utilisé sur les personnes de moins de 16 ans. Les tatouages temporaires noirs à base de henné peuvent augmenter le risque dallergie. Ne vous colorez pas les cheveux si vous présentez une éruption cutanée sur le visage ou si votre cuir chevelu est sensible, irrité ou abîmé. Si vous avez déjà fait une réaction après avoir coloré vos cheveux. Si vous avez fait par le passé une réaction à un tatouage temporaire noir à base de henné. Contient du peroxyde dhydrogène, des phenylenediamine (toluènediamines) et de la résorcine. Eviter le contact du produit avec les yeux. Rincer immédiatement les yeux si le produit entre en contact avec ceux-ci. Ne pas utiliser pour teindre les cils ou les sourcils. Bien rincer les cheveux après application. Porter des gants appropriés. Effectuez un test dalerte allergie 48h avanttoute application dune coloration, même si vous avez déjà utilisé des produits de coloration auparavant. Pensez donc à acheter le produit 48h à lavance. En cas de précédente réaction à un produit de coloration ou en cas de doute, consultez un médecin avant dutiliser tout produit colorant. Garder hors de la portée des enfants.]|"
6,64€ / Pce"|"
6,64 €"
3174|Châtain, crème colorante durable, masque soin à l'huile     d'abricot|La boîte de 115ml|[Origine : ALLEMAGNE, Saint Algue : nous mettons vos idées en beauté ! Depuis plus de 25 ans, les salons de coiffure Saint Algue mettent leurs compétences au service des femmes. Les salons Saint Algue proposent désormais leur propre gamme de coloration à domicile : SaintAlgue Palette crème colorante durable, une gamme complète de couleurs riches, naturelles et longue durée. Une couleur riche et longue durée la crème colorante Saint Algue Palette prend soin de vos cheveux pendant la coloration et vous offre une couleur riche, naturelle et longue durée avec 100 % de couverture des cheveux blancs. Un soin enrichi à l'huile d'abricot. Après la coloration, offrez à vos cheveux un soin haute qualité : le masque soin de saint Algue Palette enrichi à l'huile d'abricot.Il laissera vos cheveux incroyablement doux, souples et brillants. Résultat : une couleur riche, naturelle et longue durée., La couleur parfaite en 3 gestes simples: le flacon applicateur permet une application facile de Saint Algue Palette sur vos cheveux. Videz le tube de crème colorante dans le flacon applicateur, refermez-le et mélangez bien. Appliquez le mélange sur cheveux secs et laissez agir 30 minutes. Rincez soigneusement jusqu'à ce que l'eau soit claire. Utilisez le masque soin à l'huile d'abricot. Si vous avez des cheveux mi-longs (jusqu'au menton) ou longs, nous vous recommandons d'utiliser 2 boîtes de Saint Algue Palette pour la première application.  Peut provoquer une réaction allergique.Évitez le contact du produit avec les yeux Rincez immédiatement les yeux si le produit entre en contact avec ceux-ci. Ne pas employer pour la coloration des cilset des sourcils.Bien rincer les cheveux après application. Portez des gants appropriés.Gardez hors de la portée des enfants.Se conformer à la notice. Les colorants pour cheveux peuvent provoquer des réactions allergiques qui peuvent être graves dansde rares cas. Les tatouages peuvent accroître le risque d'allergie à ce produit. Effectuez un test de sensibilité de la peau 48 heures avant l'utilisation de cette coloration, même si vous avez déjà utilisé des produits de coloration avant. Ainsi ilest préférable d'acheter le produit 48 heures à l'avance.A ne pas utiliser si vous avez déjà eu une réaction à des produits de coloration, votre cuir chevelu est sensible, irrité ou s'il présente des lésions. Dans ces cas-là, consultez un médecin., ème colorante : aqua, cetearyl alcohol, ammonium hydroxide, sodium laureth-6-carboxylate, coconut alcohol, sodium myreth sulfate, lauryl glucoside, ammonium sulfate, potassium hydroxide, acrylamidopropyltrimonium chloride/acrylates copolymer, ceteareth-12, ceteareth-20, sodium sulfite, ascorbic acid, etidronic acid, sodium silicate, parfum (+/- toluene-2.5-diamine sulfate, tetraaminopyrimidine sulfate, 1-hydroxyethyl 4.5-diamino pyrazole sulfate, 4-amino-m-cresol, 2.2-methylenebis-4-aminophenolhcl, 1.3-bis-(2.4-diaminophenoxy) propane hcl, 2-amino-4-hydroxyethylaminoanisole sulfate, 2.4-diaminophenoxyethanol hcl, m-aminophenol, 4-amino-2-hydroxytoluene, 5-amino-6-chloro-o-cresol, 2-amino-3-hydroxypyridine, resorcinol, 2-methyl resorcinol,4-chlororesorcinol, 2.7-naphthalenediol, 6-methoxy-2-methylamino-3-aminopyridine hcl, phenyl methyl pyrazolone, hydroxyethyl-2-nitro-p-toluidine, 2-amino-6-chloro-4-nitrophenol, 4-amino-3-nitrophenol, 4-hydroxypropylamino-3-nitrophenol, 1.5-naphthalenediol, hydroxyethyl-p-phenylenediamine sulfate. Emulsion révélatrice : aqua, hydrogen peroxide, acrylates copolymer, etidronic acid, sodium laureth sulfate, 2.6-dicarboxypyridine, disodium pyrophosphate, dimethicone. Après-shampooing : aqua, cetearyl alcohol, isopropyl myristate,  dimethicone, cetrimonium chloride, quaternium-87, distearoylethyl hydroxyethylmonium methosulfate, paraffinum liquidum, stearamidopropyl dimethylamine, glyceryl stearate, sodium pca, propylene glycol, dimethiconol, panthenol, niacinamide, prunus armeniaca, polyquaternium-10, polyquaternium-37, ppg-1, trideceth-6, propylene glycol, dicaprylate/dicaprate, isopropyl myristate, citric acid, parfum, amyl cinnamal, limonene, linalool, hexyl cinnamal, methylparaben, propylparaben, phenoxyethanol, cl 15985, cl 47005, ème colorante : aqua, cetearyl alcohol, ammonium hydroxide, sodium laureth-6-carboxylate, coconut alcohol, sodium myreth sulfate, lauryl glucoside, ammonium sulfate, potassium hydroxide, acrylamidopropyltrimonium chloride/acrylates copolymer, ceteareth-12, ceteareth-20, sodium sulfite, ascorbic acid, etidronic acid, sodium silicate, parfum (+/- toluene-2.5-diamine sulfate, tetraaminopyrimidine sulfate, 1-hydroxyethyl 4.5-diamino pyrazole sulfate, 4-amino-m-cresol, 2.2-methylenebis-4-aminophenolhcl, 1.3-bis-(2.4-diaminophenoxy) propane hcl, 2-amino-4-hydroxyethylaminoanisole sulfate, 2.4-diaminophenoxyethanol hcl, m-aminophenol, 4-amino-2-hydroxytoluene, 5-amino-6-chloro-o-cresol, 2-amino-3-hydroxypyridine, resorcinol, 2-methyl resorcinol,4-chlororesorcinol, 2.7-naphthalenediol, 6-methoxy-2-methylamino-3-aminopyridine hcl, phenyl methyl pyrazolone, hydroxyethyl-2-nitro-p-toluidine, 2-amino-6-chloro-4-nitrophenol, 4-amino-3-nitrophenol, 4-hydroxypropylamino-3-nitrophenol, 1.5-naphthalenediol, hydroxyethyl-p-phenylenediamine sulfate. Emulsion révélatrice : aqua, hydrogen peroxide, acrylates copolymer, etidronic acid, sodium laureth sulfate, 2.6-dicarboxypyridine, disodium pyrophosphate, dimethicone. Après-shampooing : aqua, cetearyl alcohol, isopropyl myristate,  dimethicone, cetrimonium chloride, quaternium-87, distearoylethyl hydroxyethylmonium methosulfate, paraffinum liquidum, stearamidopropyl dimethylamine, glyceryl stearate, sodium pca, propylene glycol, dimethiconol, panthenol, niacinamide, prunus armeniaca, polyquaternium-10, polyquaternium-37, ppg-1, trideceth-6, propylene glycol, dicaprylate/dicaprate, isopropyl myristate, citric acid, parfum, amyl cinnamal, limonene, linalool, hexyl cinnamal, methylparaben, propylparaben, phenoxyethanol, cl 15985, cl 47005, Un]|"
5,24€ / Pce"|"
5,24 €"
3175|Chatain chocolat 700, coloration permanente|L'étui de 115ml|[Origine : ALLEMAGNE]|"
5,30€ / Pce"|"
5,30 €"
3176|Châtain clair, crème colorante durable, masque soin à l'huile d'abricot|La boîte de 115ml|[Origine : ALLEMAGNE, Saint Algue : nous mettons vos idées en beauté ! Depuis plus de 25 ans, les salons de coiffure Saint Algue mettent leurs compétences au service des femmes. Les salons Saint Algue proposent désormais leur propre gamme de coloration à domicile : SaintAlgue Palette crème colorante durable, une gamme complète de couleurs riches, naturelles et longue durée. Une couleur riche et longue durée la crème colorante Saint Algue Palette prend soin de vos cheveux pendant la coloration et vous offre une couleur riche, naturelle et longue durée avec 100 % de couverture des cheveux blancs. Un soin enrichi à l'huile d'abricot. Après la coloration, offrez à vos cheveux un soin haute qualité : le masque soin de saint Algue Palette enrichi à l'huile d'abricot.Il laissera vos cheveux incroyablement doux, souples et brillants. Résultat : une couleur riche, naturelle et longue durée., Une couleur parfaite en 3 gestes simples : le flacon applicateur permet une application facile de Saint Algue Palette sur vos cheveux. Videz le tube de crème colorante dans le flacon applicateur, refermez-le et mélangez bien. Appliquez le mélange surcheveux secs et laissez agir 30 minutes. Rincez soigneusement jusqu'à ce que l'eau soit claire. Utilisez le masque soin à l'huile d'abricot. Si vous avez des cheveux mi-longs (jusqu'au menton) ou longs, nous vous recommandons d'utiliser 2 boîtes deSaint Algue Palette pour la première application. Peut provoquer une réaction allergique.Évitez le contact du produit avec les yeu x.Rincer immédiatement les yeux si le produit entre en contact avec ceux-ci. Ne pas employer pour la coloration des cils et des sourcils Bien rincer les cheveux après application. Porter des gants appropriés Garder hors de la portée des enfants Se conformer à la notice. Les colorants pour cheveux peuvent provoquer des réactions allergiques qui peuvent être graves dans de rares cas. Les tatouages peuvent accroître le risque d'allergie à ce produit. Effectuez un test de sensibilité de la peau 48 heures avant l'utilisation de cette coloration, même si vous avez déjà utilisé des produits de coloration avant. Ainsi il est préférable d'acheter le produit 48 heures à l'avance.A ne pas utiliser si vous avez déjà eu une réaction à des produits de coloration, votre cuir chevelu est sensible, irrité ou s'il présente des lésions. Dans ces cas-là, consultez un médecin., Crème colorante : aqua, cetearyl alcohol, ammonium hydroxide, sodium laureth-6-carboxylate, coconut alcohol, sodium myreth sulfate, lauryl glucoside, ammonium sulfate, potassium hydroxide, acrylamidopropyltrimonium chloride/acrylates copolymer, ceteareth-12, ceteareth-20, sodium sulfite, ascorbic acid, etidronic acid, sodium silicate, parfum (+/- toluene-2.5-diamine sulfate, tetraaminopyrimidine sulfate, 1-hydroxyethyl 4.5-diamino pyrazole sulfate, 4-amino-m-cresol, 2.2'-methylenebis-4-aminophenol hcl, 1.3-bis-(2.4-diaminophenoxy) propane hcl, 2-amino-4-hydroxyethylaminoanisole sulfate, 2.4-diaminophenoxy, ethanol, hcl, m-aminophenol, 4-amino-2-hydroxytoluene, 5-amino-6-chloro-o-cresol, 2-amino-3-hydroxypyridine, resorcinol, 2-methyl resorcinol, 4-chlororesorcinol, 2.7-naphthalenediol, 6-methoxy-2-methylamino-3-aminopyridine hcl, phenyl methyl pyrazolone, hydroxyethyl-2-nitro-p-toluidine, 2-amino-6-chloro-4-nitrophenol, 4-amino-3-nitrophenol, 4-hydroxypropylamino-3-nitrophenol, 1.5-naphthalenediol, hydroxyethyl-p-phenylenediamine sulfate) émulsion révélatrice : aqua, hydrogen peroxide, acrylates copolymer, etidronic acid, sodium laureth sulfate, 2.6-dicarboxypyridine, disodium pyrophosphate, dimethicone. Apres-shampooing : aqua, cetearyl alcohol, isopropyl myristate, dimethicone, cetrimonium chloride, quaternium-87, distearoylethyl hydroxyethylmonium methosulfate, paraffinum liquidum, stearamidopropyl dimethylamine, glyceryl stearate, sodium pca, propylene glycol, dimethiconol, panthenol, niacinamide, prunus armeniaca, polyquaternium-10, polyquaternium-37, ppg-1 trideceth-6, propylene glycol dicaprylate/dicaprate, isopropyl myristate, citric acid, parfum, amyl cinnamal, limonene, linalool, hexyl cinnamal, methylparaben,propylparaben, phenoxyethanol, cl 15985, cl 47005, Crème colorante : aqua, cetearyl alcohol, ammonium hydroxide, sodium laureth-6-carboxylate, coconut alcohol, sodium myreth sulfate, lauryl glucoside, ammonium sulfate, potassium hydroxide, acrylamidopropyltrimonium chloride/acrylates copolymer, ceteareth-12, ceteareth-20, sodium sulfite, ascorbic acid, etidronic acid, sodium silicate, parfum (+/- toluene-2.5-diamine sulfate, tetraaminopyrimidine sulfate, 1-hydroxyethyl 4.5-diamino pyrazole sulfate, 4-amino-m-cresol, 2.2'-methylenebis-4-aminophenol hcl, 1.3-bis-(2.4-diaminophenoxy) propane hcl, 2-amino-4-hydroxyethylaminoanisole sulfate, 2.4-diaminophenoxy, ethanol, hcl, m-aminophenol, 4-amino-2-hydroxytoluene, 5-amino-6-chloro-o-cresol, 2-amino-3-hydroxypyridine, resorcinol, 2-methyl resorcinol, 4-chlororesorcinol, 2.7-naphthalenediol, 6-methoxy-2-methylamino-3-aminopyridine hcl, phenyl methyl pyrazolone, hydroxyethyl-2-nitro-p-toluidine, 2-amino-6-chloro-4-nitrophenol, 4-amino-3-nitrophenol, 4-hydroxypropylamino-3-nitrophenol, 1.5-naphthalenediol, hydroxyethyl-p-phenylenediamine sulfate) émulsion révélatrice : aqua, hydrogen peroxide, acrylates copolymer, etidronic acid, sodium laureth sulfate, 2.6-dicarboxypyridine, disodium pyrophosphate, dimethicone. Apres-shampooing : aqua, cetearyl alcohol, isopropyl myristate, dimethicone, cetrimonium chloride, quaternium-87, distearoylethyl hydroxyethylmonium methosulfate, paraffinum liquidum, stearamidopropyl dimethylamine, glyceryl stearate, sodium pca, propylene glycol, dimethiconol, panthenol, niacinamide, prunus armeniaca, polyquaternium-10, polyquaternium-37, ppg-1 trideceth-6, propylene glycol dicaprylate/dicaprate, isopropyl myristate, citric acid, parfum, amyl cinnamal, limonene, linalool, hexyl cinnamal, methylparaben,propylparaben, phenoxyethanol, cl 15985, cl 47005]|"
5,30€ / Pce"|"
5,30 €"
3177|Chatain dore 4-60, coloration permanente oleo supreme|L'etui de 115ml|[Origine : ALLEMAGNE, 1ère coloration permanente sans ammoniaque aux huiles 100% pures. Pour une intensité couleur suprême, une tenue extra longue durée, une couverture des cheveux blancs et 90% d'éclat en plus. Intensité couleur suprême et tenue longue durée, confort optimisé du cuir chevelu, cheveux jusqu'à 40% plus doux. Jusqu'à 90% de brillance en plus. Cheveux forts et éclatants de beauté pendant 6 semaines. Couverture haute performance des cheveux blancs., Facile à mélanger, ne coule pas. Les colorants capillaires peuvent provoquer des réactions allergiques sévères. Lire et suivre les instructions. Ce produit nest pas destiné à être utilisé sur les personnes de moins de 16 ans. Les tatouages temporaires noirs à base de henné peuvent augmenter le risque dallergie. Ne vous colorez pas les cheveux si vous présentez une éruption cutanée sur le visage ou si votre cuir chevelu est sensible, irrité ou abîmé. Si vous avez déjà fait une réaction après avoir coloré vos cheveux. Si vous avez fait par le passé une réaction à un tatouage temporaire noir à base de henné. Contient du peroxyde dhydrogène, des phenylenediamine (toluènediamines) et de la résorcine. Eviter le contact du produit avec les yeux. Rincer immédiatement les yeux si le produit entre en contact avec ceux-ci. Ne pas utiliser pour teindre les cils ou les sourcils. Bien rincer les cheveux après application. Porter des gants appropriés. Effectuez un test dalerte allergie 48h avanttoute application dune coloration, même si vous avez déjà utilisé des produits de coloration auparavant. Pensez donc à acheter le produit 48h à lavance. En cas de précédente réaction à un produit de coloration ou en cas de doute, consultez un médecin avant dutiliser tout produit colorant. Garder hors de la portée des enfants.]|"
6,64€ / Pce"|"
6,64 €"
3178|Marron chocolat 4-18, Coloration permanente Oleo supreme|L'étui de 115ml|[Origine : ALLEMAGNE]|"
6,64€ / Pce"|"
6,64 €"
3179|Noir, crème colorante durable, masque soin à l'huile d'abricot|La boîte de 115ml|[Origine : ALLEMAGNE, Découvrez les couleurs riches longue durée et le soin nourrissant de Saint Algue Palette !  Une couleur riche, longue durée et intensément brillante des racines jusqu'aux pointes.La crème colorante enrichie en huile de noix de Macadamia permet une bonne fixation des pigments colorants haute performance dans la fibre capillaire. Le Masque Soin à l'huile de noix de Macadamia nourrit vos cheveux en profondeur et les rend doux et souples. Couvre 100% des cheveux blancs., Une couleur parfaite en 3 gestes simples : le flacon applicateur permet une application facile de Saint Algue Palette sur vos cheveux. Videz le tube de crème colorante dans le flacon applicateur, refermez-le et mélangez bien. Appliquez le mélange surcheveux secs et laissez agir 30 minutes. Rincez soigneusement jusqu'à ce que l'eau soit claire. Utilisez le masque soin à l'huile de noix de Macadamia. Si vous avez des cheveux mi-longs (jusqu'au menton) ou longs, nous vous recommandons d'utiliser 2boîtes de Saint Algue Palette pour la première application. Les colorants capillaires peuvent provoquer des réactions allergiques sévères. Lire et suivre les instructions. Ce produit n'est pas destiné à être utilisé sur les personnes de moins de seize ans. Les tatouages temporaires noirs à base de henné peuvent augmenter le risque d'allergie. Ne vous colorez pas les cheveux si : vous présentez une éruption cutanée sur le visage ou si votre cuir chevelu est sensible, irrité ou abîmé, vous avez déjà fait une réaction après avoir coloré vos cheveux, vous avez fait par le passé une réaction à un tatouage temporaire noir à base de henné. Contient de l'eau oxygénée, des phénylènediamine (toluènediamines), de la résorcine et de l'ammoniaque. Voirsous l'étui la liste complète des ingrédients. Eviter le contact du produit avec les yeux. Rincer immédiatement les yeux si le produit entre en contact avec ceux-ci. Ne pas utiliser pour teindre les cils ou les sourcils. Bien rincer les cheveux aprè, Crème colorante : aqua, cetearyl alcohol, ammonium hydroxide, toluene-2,5-diamine sulfate, sodium laureth-6 carboxylate, coconut alcohol, sodium myreth sulfate, lauryl glucoside, potassium hydroxide, resorcinol, acrylamido propyltrimonium chloride/acrylates copolymer, ceteareth-12, ceteareth-20, 2,4-diaminophenoxyethanol hci, macadamia ternifolia seed oil, sodium sulfite, parfum, m-aminophenol, sodium silicate, etidronic acid, ascorbic acid, ammonium sulfate, sodium chloride. Emulsion révélatrice : aqua, hydrogen peroxide, acrylates copolymer, etidronic acid, sodium laureth sulfate, 2,6-dicarboxypyridine, disodium pyrophosphate, dimethicone. Masque soin : aqua, cetearyl alcohol, behentrimonium chloride, glycol distearate, dimethicone, distearoylethyl hydroxyethylmonium methosulfate, dicaprylyl carbonate, isopropyl alcohol, sodium pca, phenoxyethanol, methylparaben, polyquaternium-37, macadamia ternifolia seed oil, parfum, panthenol, propylene glycol dicaprylate/dicaprate, citric acid,linalool, ppg-1 trideceth-6, limonene, hexyl cinnamal, benzyl salicylate, citronellol.]|"
5,24€ / Pce"|"
5,24 €"
3180|Noir intense 1-10, coloration permanente oleo supreme|L'etui de 115ml|[Origine : ALLEMAGNE, 1ère coloration permanente sans ammoniaque aux huiles 100% pures. Pour une intensité couleur suprême, une tenue extra longue durée, une couverture des cheveux blancs et 90% d'éclat en plus. Intensité couleur suprême et tenue longue durée, confort optimisé du cuir chevelu, cheveux jusqu'à 40% plus doux. Jusqu'à 90% de brillance en plus. Cheveux forts et éclatants de beauté pendant 6 semaines. Couverture haute performance des cheveux blancs., Facile à mélanger, ne coule pas. Les colorants capillaires peuvent provoquer des réactions allergiques sévères. Lire et suivre les instructions. Ce produit nest pas destiné à être utilisé sur les personnes de moins de 16 ans. Les tatouages temporaires noirs à base de henné peuvent augmenter le risque dallergie. Ne vous colorez pas les cheveux si vous présentez une éruption cutanée sur le visage ou si votre cuir chevelu est sensible, irrité ou abîmé. Si vous avez déjà fait une réaction après avoir coloré vos cheveux. Si vous avez fait par le passé une réaction à un tatouage temporaire noir à base de henné. Contient du peroxyde dhydrogène, des phenylenediamine (toluènediamines) et de la résorcine. Eviter le contact du produit avec les yeux. Rincer immédiatement les yeux si le produit entre en contact avec ceux-ci. Ne pas utiliser pour teindre les cils ou les sourcils. Bien rincer les cheveux après application. Porter des gants appropriés. Effectuez un test dalerte allergie 48h avanttoute application dune coloration, même si vous avez déjà utilisé des produits de coloration auparavant. Pensez donc à acheter le produit 48h à lavance. En cas de précédente réaction à un produit de coloration ou en cas de doute, consultez un médecin avant dutiliser tout produit colorant. Garder hors de la portée des enfants.]|"
6,64€ / Pce"|"
6,64 €"
3181|10-1 Blond Clair Cendré|La boîte de 142ml|[Origine : ALLEMAGNE]|"
12,62€ / Pce"|"
12,62 €"
3182|12-0 Blond très clair naturel|La boîte de 142ml|[Origine : ALLEMAGNE]|"
12,62€ / Pce"|"
12,62 €"
3183|7-0 Blond foncé|La boîte de 142ml|[Origine : ALLEMAGNE]|"
12,62€ / Pce"|"
12,62 €"
3184|Spray éclaircissant|Le flacon de 100ml|[Origine : ALLEMAGNE]|"
12,62€ / Pce"|"
12,62 €"
3185|Excellence Crème 01 Blond Ultra Clair Naturel|La boîte|[Origine : FRANCE, Crème Colorante Triple Protection. Avant la coloration : le sérum protecteur, innovation de L'Oréal Paris, soigne les parties abîmées des cheveux en particulier les pointes, il s'utilise avant la coloration. Vos cheveux sont protégés, préparés à êtrecolorés. Pendant la coloration : la crème colorante extra-protectrice d'Excellence Crème donne à vos cheveux une couleur riche et homogène qui couvre parfaitement les cheveux blancs, même les plus résistants. Excellence Crème ne coule pas. Après lacoloration : le s oin au céramide-protéine, à la contenance encore plus généreuse, prévu pour plusieurs applications, prolonge la protection de vos cheveux jusqu'à la prochaine coloration. Résultat : une couverture parfaite des cheveux blancs. Une couleur riche, profonde, parfaitement homogène. Des cheveux, même fragiles, protégés pour longtemps., La coloration peut provoquer une réaction allergique qui, dans certains cas rares, peut être grave.Il est donc indispensable de respecter les consignes suiv antes : ne pas utiliser si vous avez déjà réagi à un produit de coloration, vous avez le cuirchevelu sensible, irrité ou abîmé. En cas de tatouage les risqu es d'allergie peuvent être accrus.Faire un test d'allergie cutanée impérativem ent 48 heures avant chaque utilisation de ce produit (voir notice).Pensez à ac heter votre produit à l'avance.Evitez le contact du produit avec la peau et le s yeux.Ne pas employer pour la coloration des cils et des sourcils.Ne pas suivre cette consigne peut entraîner la cécité.Rincez immédiatement les yeux si le produit entre en contact avec ceux-ci.Portez les gants appropriés fournis dans  l'étui.Bien rincer les cheveux après application.Ne pas utiliser si vos chev   eux ont été colorés par du henné ou une coloration progressive.Ne pas laisser  à la portée des enfants.Ne pas utiliser chez l'enfant.Se conformer à la notice., Sérum protecteur : aqua/water, cetearyl alcohol, glycerin, trideceth-2 carboxamide mea hydrolyzed oats, phenoxyethanol, ethylparaben, polyquaternium-22, pentasodium pentetate, linalool, benzyl salicylate, benzyl benzoate, propylparaben, isobutylparaben, 2-oleamido-1.3-octadecanediol, geraniol, ceteareth-30, methylparaben, butylparaben, citric acid, citronellol, hexadimethrine chloride, amyl cinnamal, parfum/fragrance (FIL c20949/1). Crème super-éclaircissante : aqua/water, cetearyl alcohol, propylene glycol, deceth-3, laureth-12, ammonium hydroxide, oleth-30, hexadimethrine chloride, lauric acid, glycol distearate, polyquaternium-22, ethanolamine, silica dimethyl silylate, cl77891/tïtanium dioxide, 2.4-diaminophenoxyethanol hci, ascorbic acid, sodium metabisulfite, hydroxybenzomorpholine, dimethicone, pentasodium pentetate, linalool, p-phenylenediamine, carbomer, resorcinol, butylphenyl methylpropional, parfum/fragrance. (c22195/1). Révélateur crème : aqua/water, hydrogen peroxide, cetearyl alcohol, sodium stannate, trideceth-2 carboxamide mea, pentasodium pentetate, ceteareth-30, tetrasodium pyrophosphate, glycerin (fil C12793/19). Soin au céramide-protéine : aqua/water, cetearyl alcohol, glycerin, behentrimonium chloride, amodimethicone, cetyl esters, isopropyl alcohol, hydroxypropyltrimonium hydrolyzed wheat protein, hydroxyisohexyl 3-cyclohexene carboxaldehyde, trideceth-12, chlorhexidine dihydrochloride, panthenol, candelilla cera/ candelilla wax, benzyl salicylate, 2-oleamido-1.3-octadecanediol, alpha-isomethyl ionone, methylparaben, cetrimonium chloride, citronellol, butylphenyl methylpropional, parfum/fragrance (fil c14267/3).]|"
12,04€ / Pce"|"
12,04 €"
3186|Excellence Crème 1 Noir|La boîte|[Origine : FRANCE, Crème Colorante Triple Protection : avant, pendant et après la coloration. Avant : le sérum protecteur innovation de L'Oréal Paris, soigne les parties abîmées des cheveux en particulier les pointes, il s'utilise avant la coloration. Vos cheveux sontprotégés, préparés à être colorés. Pendant : la crème colorante extra-protectrice d'Excellence Crème donne à vos cheveux une couleur riche et homogène qui couvre parfaitement les cheveux blancs, même les plus résistants. Excellence Crème ne coule pas, l'application est précise. Après : son soin au Céramide-Protéine , prévu pour plusieurs applications, prolonge la protection de vos cheveux jusqu'à la prochaine coloration.Résultat : une couverture parfaite des cheveux blancs. Une couleu r riche, profonde, parfaitement homogène, des cheveux, même fragiles, protégés pour longtemps., La coloration peut provoquer une réaction allergique qui, dans certains cas rares, peut etre grave.Il est donc indispensable de respecter les consignes suiv antes : ne pas utiliser si vous avez déjà réagi à un produit de coloration, vous avez le cuirchevelu sensible, irrité ou abîmé. En cas de tatouage les risqu es d'allergie peuvent être accrus.Faire un test d'allergie cutanée impérativem ent 48 heures avant chaque utilisation de ce produit (voir notice).Pensez à ac heter votre produit à l'avance.Eviter le contact du produit avec la peau et le s yeux.Ne pas employer pour la coloration des cils et des sourcils;Ne pas suivre cette consigne peut entraîner la cécité.Rincez immédiatement les yeux si le produit entre en contact avec ceux-ci.Portez les gants appropriés fournis dans  l'étui. Bien rincer les cheveux après application.Ne pas utiliser si vos chev  eux ont été colorés par du henné ou une coloration progressive. Ne pas laisser à la portée des enfants.Ne pas utiliser chez l'enfant.Se conformer à la notice., Sérum protecteur : aqua/water, cetearyl alcohol, glycerin, trideceth-2 carboxamide mea, hydrolyzed oats, phenoxyethanol, ethylparaben, polyquaternium-22, pentasodium pentetate, linalool, benzyl salicylate, benzyl benzoate, propylparaben, isobutylparaben, 2-oleamido-1.3-octadecanediol, geraniol, ceteareth-30, methylparaben, butylparaben, citric acid, citronellol, hexadimethrine chloride, amyl cinnamal, parfum/fragrance (fil c20949/1). Crème colorante : aqua/water, cetearyl alcohol, deceth-3, propylene glycol, laureth-12, oleth-30, ammonium hydroxide, hexadimethrine chloride, lauric acid, glycol distearate, polyquaternium-22, ethanolamine, p-phenylenediamine, silica dimethyl silylate, cl 77891/titanium dioxide, 2.4-diaminophenoxyethanol hci,m-aminophenol, ascorbic acid, ammonium thiolactate, dimethicone, pentasodium pentetate, n,n-bis(2-hydroxyethyl)-p-phenylenediamine sulfate, linalool, carbomer, resorcinol, butylphenyl methylpropional, parfum/fragrance (c21570/1). Révélateur crème : aqua/water, hydrogen peroxide, cetearyl alcohol, sodium stannate, trideceth-2 carboxamide mea, pentasodium pentetate, ceteareth-30, tetrasodium pyrophosphate, glycerin (fil c13169/21). Soin au céramide-protéine : aqua/water, cetearyl alcohol, glycerin, behentrimonium chloride, amodimethicone, cetyl esters, isopropyl alcohol, hydroxypropyltrimonium hydrolyzed wheat protein, hydroxyisohexyl 3-cyclohexene carboxaldehyde, trideceth-12, chlorhexidine dihydrochloride, panthenol, candelilla cera/ candelilla wax, benzyl salicylate, 2-oleamido-1.3-octadecanediol, alpha-isomethyl ionone, methylparaben, cetrimonium chloride, citronellol, butylphenyl methylpropional, parfum/fragrance (fil c14267/3).]|"
12,04€ / Pce"|"
12,04 €"
3187|Excellence Crème 3 Châtain Foncé|La boîte|[Origine : FRANCE, Crème Colorante Triple Protection. Avant : le sérum protecteur innovation de L'Oréal Paris, soigne les parties abîmées des cheveux en particulier les pointes, il s'utilise avant la coloration. Vos cheveux sont protégés, préparés à être colorés. Pendant : la crème colorante extra-protectrice d'Excellence Crème donne à vos cheveux une couleur riche et homogène qui couvre parfaitement les cheveux blancs, même les plus résistants. Excellence Crème ne coule pas, l'application est précise. Après : sonsoin au céramide-protéine, prévu pour plusieurs applications, prolonge la protection de vos cheveux jusqu'à la prochaine coloration., Sérum protecteur : aqua, cetearyl alcohol, glycerin, trideceth-2 carboxamide mea, hydrolyzed oats, phenoxyethanol, ethylparaben, polyquaternium-22, pentasodium pentetate, linalool, benzyl salicylate, benzyl benzoate, propylparaben, isobutylparaben, 2-oleamido-1.3-octadecanediol, geraniol, ceteareth-30, methylparaben, butylparaben, citric acid, citronellol, hexadimethrine chloride, amyl cinnamal, parfum (FIL C20949/1). Crème colorante : aqua, cetearyl alcohol, propylene glycol, deceth-3, laureth-12, ammonium hydroxide, oleth-30, hexadimethrine chloride, lauric acid, glycol distearate, polyquaternium-22, p-phenylenediamine, ethanolamine, silica dimethyl silylate, 2.4-diaminophenoxyethanol hci, m-aminophenol, sodium metabisulfite, hydroxybenzomorpholine, TBHQ, pentasodium pentetate, linalool, carbomer, resorcinol, butylphenyl methylpropional, parfum (FIL C20628/2). Révélateur crème : aqua, hydrogen peroxide, cetearyl alcohol, sodium stannate, trideceth-2 carboxamide mea, pentasodium pentetate, ceteareth-30, tetrasodium pyrophosphate, glycerin (FIL C13169/21). Soin au céramide-protéine : aqua, cetearyl alcohol, glycerin, behentrimonium chloride, amodimethicone, cetyl esters, isopropyl alcohol, hydroxypropyltrimonium hydrolyzed wheat protein, hydroxyisohexyl 3-cyclohexene carboxaldehyde, trideceth-12, chlorhexidine dihydrochloride, panthenol, candelilla cera/ candelilla wax, benzyl salicylate, 2-oleamido-1.3-octadecanediol, alpha-isomethyl ionone, methylparaben, cetrimonium chloride, citronellol, butylphenyl methylpropional, parfum (FIL C14267/3). Le révélateur contient de l'eau oxygénée. Le produit colorant contient des diaminobenzènes, de la résorcine, de l'ammoniaque.]|"
12,04€ / Pce"|"
12,04 €"
3188|Excellence Crème 4.03 Châtain Lumineux|La boîte|[Origine : FRANCE, Découvrez la coloration triple soin d'Excellence Crème : une technologie crème avancée qui associe 3 ingrédients soin : le céramide, la pro-kératine et le collagène. Résultat : une couleur riche longue-tenue, radieuse, éclatante de santé et sans aucun cheveu blanc. Des cheveux plus forts, souples et soyeux : ils sont 85% plus résistants au brushing., Couverture : couvre 100% des cheveux blancs. Temps de pause : 30 minutes. Les colorants capillaires peuvent provoquer des réactions allergiques sévères. Lire et suivre les instructions. Ce produit n'est pas destiné à être utilisé sur les personnes demoins de 16 ans. Les tatouages temporaires noirs à base de henné peuvent augmenter le risque d'allergie. Ne vous colorez pas les cheveux si : vous présentez une éruption cutanée sur le visage ou si votre cuir chevelu est sensible, irrité ou abîmé, vous avez déjà fait une réaction après avoir coloré vos cheveux, vous avez fait par le passé une réaction à un tatouage temporaire noir à base de henné. Il est obligatoire de faire un test d'allergie cutanée impérativement 48 heures avant chaque utilisation de ce produit (se conformer à la notice). Penser à acheter votre produit à l'avance pour faire le test d'allergie cutanée 48 heures avant. Le révélateur crème contient de l'eau oxygénée. La crème colorante contient : de la résorcine, des phénylènediamines (toluènediamines), de l'ammoniaque. Eviter le contact du produit avec les yeux, ne pas employer pour la coloration des cils et des sourcils. Rincer immédiatement et abondamment les yeux si le produit entre en contact avec ceux-ci. Porterles gants appropriés fournis dans l'étui. Bien rincer les cheveux après application. Attendre 15 jours après un défrisage, une permanente ou un lissage durable pour appliquer la coloration. Ne pas utiliser si vos cheveux ont été colorés par du henné, Serum protecteur : aqua/water, cetearyl alcohol, glycerin, trideceth-2 carboxamide mea, hydrolyzed oats, polyquaternium-22, chlorhexidine digluconate, pentasodium pentetate, 2-oleamido-1.3-octadecanediol, ceteareth-25, citric acid, hexadimethrine chloride, parfum/fragrance (FIL C51515/1). Crème colorante : aqua/water, cetearyl alcohol, propylene glycol, deceth-3, laureth-12, ammonium hydroxide, oleth-30, hexadimethrine chloride, lauric acid, glycol distearate, ethanolamine, polyquaternium-22, silica dimethyl silylate, toluene-2,5-diamine, Cl77891/titanium dioxide, 2,4-diaminophenoxyethanol HCl, m-aminophenol, ascorbic acid, sodium metabisulfite, thioglycerin, 2-methylresorcinol, dimethicone, pentasodium pentetate, linalool, proline, carbomer, threonine, resorcinol, butylphenyl methylpropional, parfum/fragrance (FIL C54216/1). Révélateur crème : aqua/water, hydrogen peroxide, cetearyl alcohol, sodium stannate, trideceth-2 carboxamide mea, pentasodium pentetate, phosphoric acid, ceteareth-25, tetrasodium pyrophosphate, glycerin (FIL C13169/25). Baume : aqua/water, cetearyl alcohol glycerin, behentrimonium chloride, amodimethicone, cetyl esters, isopropyl alcohol, sodium pca, hydroxypropyltrimonium hydrolyzed wheat protein, trideceth-6, chlorhexidine dihydrochloride, soluble collagen, panthenol, candelilla cera/candelilla wax, 2-oleamido-1,3- octadecanediol, cetrimonium chloride. Parfum/fragrance (FIL C52825/1).]|"
12,86€ / Pce"|"
12,86 €"
3189|Excellence Crème 4.15 Marron Frappé|La boîte|[Origine : FRANCE]|"
12,86€ / Pce"|"
12,86 €"
3190|Excellence Crème 4 Châtain|La boîte|[Origine : FRANCE, Couvre 100% des cheveux blancs. Soigne les parties abîmées, colore et protège, redonne souplesse et soyeux à vos cheveux., Faire un test d'allergie cutanée, 48 heures avant l'utilisation du produit. Important : la coloration peut provoquer une réaction allergique qui, dans certains cas rares, peut être grave. Il est obligatoire, dans tous les cas, de faire un test d'allergie cutanée impérativement 48 heures avant chaque utilisation de ce produit (se conformer à la notice). Ne pas utiliser si : vous avez déjà réagi à un produit de coloration, vous avez le cuir chevelu irrité ou abîmé. Tatouage henné noir : si vous avez fait, même une seule fois, un tatouage au henné noir, vous risquez d'être devenue allergique sans le savoir. Eviter le contact du produit avec la peau et les yeux, ne pas employer pour la coloration des cils et des sourcils. Ne pas suivre cette consigne peut entraîner la cécité. Rincer immédiatement et abondamment les yeux si le produit entre en contact avec ceux-ci. Porter les gants appropriés fournis dans l'étui. Bien rincer les cheveux après application. Ne pas utiliser si vos cheveux ontété colorés par du henné ou une coloration progressive. Tenir hors de la portée des enfants, ne pas utiliser chez l'enfant., 481284 B - sérum protecteur : aqua / water, cetearyl alcohol, glycerin, trideceth-2 carboxamide MEA, hydrolyzed OATS, phenoxyethanol, ethylparaben, polyquaternium-22, pentasodium pentetate, 2-oleamido-1, 3-octadecanediol, ceteareth-25, methylparaben,citric acid, hexadimethrine chloride, parfum / fragrance (FIL C30548/2). 1076258 - Crème colorante : aqua / water, cetearyl alcohol, propylene glycol, deceth-3, laureth-12, ammonium hydroxide, oleth-30, hexadimethrine chloride, lauric acid, glycol distearate, polyquaternium-22, resorcinol, ethanolamine, p-phenylenediamine, silica dimethyl silylate, CI 77891 / titanium dioxide, 2,4-diaminophenoxyethanol HCL, m-aminophenol, ascorbic acid, sodium metabisulfite, hydroxypropyl bis(n-hydroxyethyl)-p-phenylenediamine) HCL, dimethicone, pentasodium pentetate, N,N-BIS(2-hydroxyethyl)-p-phenylenediamine sulfate, linalool, proline, carbomer, thréonine, butylphenyl methylpropional, parfum / fragrance (FIL C33935/1). 178914 - Révélateur crème : aqua /water, hydrogen peroxide, cetearyl alcohol, sodium stannate, trideceth-2 carboxamide MEA, pentasodium pentetate, phosphoric acid, ceteareth-25, tetrasodium pyrophosphate, glycerin (FIL C13169/25). 1051583 - Soin protecteur : aqua/water, cetearyl alcohol, glycerin, behentrimonium chloride, amodimethicone, cetyl esters, isopropyl alcohol, hydroxypropyltrimonium hydrolyzed wheat protein, trideceth-12, chlorhexidine dihydrochloride, panthenol, candelilla cera / candelilla wax, 2-oleamido-1,3-octadecanediol, methylparaben, cetrimonium chloride, parfum/fragrance (FIL C33378/1). Le révélateur contient de l'eau oxygénée. Le produit colorant contient des diaminobenzènes, de la résorcine, de l'ammoniaque.]|"
12,04€ / Pce"|"
12,04 €"
3191|Excellence Crème 5.03 Châtain Clair Lumineux|La boîte|[Origine : FRANCE, Découvrez la coloration triple soin d'Excellence Crème : une technologie crème avancée qui associe 3 ingrédients soin : le céramide, la pro-kératine et le collagène. Résultat : une couleur riche longue-tenue, radieuse, éclatante de santé et sans aucun cheveu blanc. Des cheveux plus forts, souples et soyeux : ils sont 85% plus résistants au brushing., Couverture : couvre 100% des cheveux blancs. Temps de pause : 30 minutes. Les colorants capillaires peuvent provoquer des réactions allergiques sévères. Lire et suivre les instructions. Ce produit n'est pas destiné à être utilisé sur les personnes demoins de 16 ans. Les tatouages temporaires noirs à base de henné peuvent augmenter le risque d'allergie. Ne vous colorez pas les cheveux si : vous présentez une éruption cutanée sur le visage ou si votre cuir chevelu est sensible, irrité ou abîmé, vous avez déjà fait une réaction après avoir coloré vos cheveux, vous avez fait par le passé une réaction à un tatouage temporaire noir à base de henné. Il est obligatoire de faire un test d'allergie cutanée impérativement 48 heures avant chaque utilisation de ce produit (se conformer à la notice). Penser à acheter votre produit à l'avance pour faire le test d'allergie cutanée 48 heures avant. Le révélateur crème contient de l'eau oxygénée. La crème colorante contient : de la résorcine, des phénylènediamines (toluènediamines), de l'ammoniaque. Eviter le contact du produit avec les yeux, ne pas employer pour la coloration des cils et des sourcils. Rincer immédiatement et abondamment les yeux si le produit entre en contact avec ceux-ci. Porterles gants appropriés fournis dans l'étui. Bien rincer les cheveux après application. Attendre 15 jours après un défrisage, une permanente ou un lissage durable pour appliquer la coloration. Ne pas utiliser si vos cheveux ont été colorés par du henné, Serum protecteur : aqua/water, cetearyl alcohol, glycerin, trideceth-2 carboxamide mea, hydrolyzed oats, polyquaternium-22, chlorhexidine digluconate, pentasodium pentetate, 2-oleamido-1.3-octadecanediol, ceteareth-25, citric acid, hexadimethrine chloride, parfum/fragrance (FIL C51515/1). Crème colorante : aqua/water, cetearyl alcohol, propylene glycol, deceth-3, laureth-12, ammonium hydroxide, oleth-30, hexadimethrine chloride, lauric acid, glycol distearate, polyquaternium-22, ethanolamine, silica dimethyl silylate, Cl77891/titanium dioxide, m-aminophenol, p-aminophenol, ascorbic acid, sodium metabisulfite, thioglycerin, toluene-2,5-diamine, 2-methylresorcinol, dimethicone, pentasodium pentetate, linalool, proline, carbomer, threonine, resorcinol, butylphenyl methylpropional, parfum/fragrance (FIL C54217/1). Révélateur crème : aqua/water, hydrogen peroxide, cetearyl alcohol, sodium stannate, trideceth-2 carboxamide mea, pentasodium pentetate, phosphoric acid, ceteareth-25, tetrasodium pyrophosphate, glycerin (FIL C13169/25). Baume : aqua/water, cetearyl alcohol glycerin, behentrimonium chloride, amodimethicone, cetyl esters, isopropyl alcohol, sodium pca, hydroxypropyltrimonium hydrolyzed wheat protein, trideceth-6, chlorhexidine dihydrochloride, soluble collagen, panthenol, candelilla cera/candelilla wax, 2-oleamido-1,3- octadecanediol, cetrimonium chloride. Parfum/fragrance (FIL C52825/1).]|"
12,04€ / Pce"|"
12,04 €"
3192|Excellence Crème 5.15 Marron Glacé|La boîte|[Origine : FRANCE, Crème Colorante Triple Protection. Avant la Coloration : le sérum protecteur soigne les parties abîmées des cheveux, en particulier les pointes. Il s'utilise avant la coloration. Vos cheveux sont protégés, préparés à être colorés. Pendant la coloration : la crème colorante Extra-Protectrice donne à vos cheveux une couleur riche et homogène qui couvre parfaitement les cheveux blancs, même les plus résistants. Excellence Crème ne coule pas. Après la coloration : le soin au céramide-protéine, à lacontenance encore plus généreuse, prévu pour plusieurs applications, prolonge la protection de vos cheveux jusqu'à la prochaine coloration. Résultat : une couverture parfaite des cheveux blancs. Une couleur riche, profonde, parfaitement homogène. Descheveux, même fragiles, protégés pour longtemps., La coloration peut provoquer une réaction allergique qui, dans certains cas rares, peut être grave. Il est donc indispensable de respecter les consignes suivantes : ne pas utiliser si vous avez déjà réagi à un produit de coloration, vous avez le cuirchevelu sensible, irrité ou abîmé. En cas de tatouage les risqu es d'allergie peuvent être accrus. Faire un test d'allergie cutanée impérativement 48 heures avant chaque utilisation de ce produit (voir notice).Pensez à ac heter votre produit à l'avance. Evitez le contact du produit avec la peau et les yeux.Ne pas employer pour la coloration des cils et des sourcils.Ne pas suivre cette consigne peut entraîner la cécité.Rincer immédiatement les yeux si le produit entre en contact avec ceux-ci. Portez les gants appropriés fournis dans l'étui.  Bien rincer les cheveux après application. Ne pas utiliser si vos cheveux ont été colorés par du henné ou une coloration progressive. Ne pas laisser à la portée des enfants.Ne pas utiliser chez l'enfant.Se conformer à la notic  e., Sérum protecteur : aqua, cetearyl alcohol, glycerin, trideceth-2 carboxamide mea hydrolyzed oats, phenoxyethanol, ethylparaben, polyquaternium-22, pentasodium pentetate, linalool, benzyl salicylate, benzyl benzoate, propylparaben, isobutylparaben, 2-oleamido-1.3-octadecanediol, geraniol, ceteareth-30, methylparaben, butylparaben, citric acid, citronellol, hexadimethrine chloride, amyl cinnamal, parfum. (fil c20949/1). Crème colorante : aqua/water, cetearyl alcohol, propylene glycol, deceth-3, laureth-12, ammonium hydroxide, oleth-30, hexadimethrine chloride, lauric acid, glycol distearate, polyquaternium-22, ethanolamine, silica dimethyl silylate, cl77891/titanium dioxide, 2.4-diaminophenoxyethanol hci, m-aminophenol, p-aminophenol, 2-amino-3-hydroxypyridine, ascorbic acid, sodium metabisulfite, 6-hydroxyindole, dimethicone, pentasodium pentetate, linalool, p-phenylenediamine, carbomer, resorcinol, butylphenyl methylpropional, parfum/fragrance. (fil c25802 /1). Révélateur crème : aqua,hydrogen peroxide, cetearyl alcohol, sodium stannate, trideceth-2 rboxamide mea, pentasodium pentetate, ceteareth-30, tetrasodium pyrophosphate, glycerin, (FIL c13169/21). Soin au céramide-protéine : aqua, cetearyl alcohol, glycerin, behentrimoniumchloride, amodimethicone, cetyl esters, isopropyl alcohol, hydroxypropyltrimonium hydrolyzed wheat protein, hydroxyisohexyl 3-cyclohexene carboxaldehyde, trideceth-12, chlorhexidine dihydrochloride, panthenol, candelilla cera, benzyl salicylate, 2-oleamido-1.3-octadecanediol, alpha-isomethyl ionone, methylparaben, cetrimonium chloride, citronellol, butylphenyl methylpropional, parfum. (fil c14267/3).]|"
12,04€ / Pce"|"
12,04 €"
3193|Excellence Crème 5.3 Châtain Clair Doré|La boîte|[Origine : FRANCE, Le Sérum Protecteur Innovation, soigne les parties abîmées des cheveux en particulier les pointes, il s'utilise avant la coloration. Vos cheveux sont protégés, préparés à être colorés. Pendant : la crème colorante extra-protectrice d'Excellence crèmedonne à vos cheveux une couleur riche et homogène qui couvre parfaitement les cheveux blancs, même les plus résistants. Excellence crème ne coule pas, l'application est précise. Après : son soin au Céramide-Protéine , prévu pour plusieurs applications, prolonge la protection de vos cheveux jusqu'à la prochaine coloration. Résultat : une couverture parfaite des cheveux blancs. Une couleur riche, profonde, parfaitement homogène, des cheveux, même fragiles, protégés pour longtemps., Temps de pause 30 minutes. Important : la coloration peut provoquer une réaction allergique qui, dans certains cas rares, peut être grave. Il est obligatoire, dans tous les cas, de faire un test d'allergie cutanée impérativement 48 heures avant chaque utilisation de ce produit (se conformer à la notice). Ne pas utiliser si : vous avez déjà réagi à un produit de coloration, vous avez le cuir chevelu irrité ou abîmé. Tatouage henné noir : si vous avez fait, même une seule fois, un tatouage au henné noir, vous risquez d'être devenue allergique sans le savoir. Eviter le contact du produit avec la peau et les yeux, ne pas employer pour la coloration des cils et des sourcils. Ne pas suivre cette consigne peut entraîner la cécité. Rincer immédiatement et abondamment les yeux si le produit entre en contact avec ceux-ci. Porter les gants appropriés fournis dans l'étui. Bien rincer les cheveux après application. Ne pas utiliser si vos cheveux ont été colorés par du henné ou une coloration progressive. Tenir hors de la portée des enfants, ne pas utiliser chez l'enfant., Sérum protecteur : aqua, cetearyl alcohol, glycerin, trideceth-2 carboxamide mea, hydrolyzed oats, phenoxyethanol, ethylparaben, polyquaternium-22, pentasodium pentetate, 2-oléamido-1.3-octadecanediol, ceteareth-25, methylparaben, citric acid, hexadimethrine chloride, parfum (FIL C30548/2). Crème colorante : aqua, cetearyl alcohol, propylene glycol, deceth-3, laureth-12, ammonium hydroxide, oleth-30, hexadimethrine chloride, lauric acid, glycol distearate, polyquaternium-22, ethanolamine, silicadimethyl silylate, Cl77891/titanium dioxyde, p-aminophenol, m-aminophenol, ascorbic acid, sodium metabisulfite, 6-hydroxyindole, 2-methylresorcinol, dimethicone, pentasodium pentetate, linalool, proline, p-phenylenediamine, carbomer, thréonine, resorcinol, butylphenyl methylpropional, parfum (FIL C34169/1). Révélateur crème : aqua, hydrogen peroxide, cetearyl alcohol, sodium stannate, trideceth-2 carboxamide mea, pentasodium pentetate, phosphoric acid, ceteareth-25, tetrasodium pyrophosphate, glycerin (FIL C13169/25). Soin au céramide-protéine : aqua, cetearyl alcohol, glycerin, behentrimonium chloride, amodimethicone, cetyl esters, isopropyl alcohol, hydroxypropyltrimonium hydrolyzed wheat protein, trideceth-12, chlorhexidine dihydrochloride, panthenol, candelilla cera/ candelilla wax, 2-oleamido-1.3-octadecanediol, methylparaben, cetrimonium chloride, parfum (FIL C33378/1). Le révélateur contient de l'eau oxygénée. Le produit colorant contient des diaminobenzènes, de la résorcine, de l'ammoniaque.]|"
12,04€ / Pce"|"
12,04 €"
3194|Excellence Crème 5.6 Châtain Clair Auburn|La boîte|[Origine : FRANCE, Crème Colorante Triple Protection : avant, pendant et après la coloration. Avant : le sérum protecteur innovation de L'Oréal Paris, soigne les parties abîmées des cheveux en particulier les pointes, il s'utilise avant la coloration. Vos cheveux sontprotégés, préparés à être colorés. Pendant : la crème colorante extra-protectrice d'Excellence Crème donne à vos cheveux une couleur riche et homogène qui couvre parfaitement les cheveux blancs, même les plus résistants. Excellence Crème ne coule pas, l'application est précise. Après : son soin au céramide-protéine, prévu pour plusieurs applications, prolonge la protection de vos cheveux jusqu'à la prochaine coloration.Résultat : une couverture parfaite des cheveux blancs. Une couleur riche, profonde, parfaitement homogène, des cheveux, même fragiles, protégés pour longtemps., La coloration peut provoquer une réaction allergique qui, dans certains cas rares, peut être grave.Il est donc indispensable de respecter les consignes suiv antes : ne pas utiliser si vous avez déjà réagi à un produit de coloration, vous avez le cuirchevelu sensible, irrité ou abîmé. En cas de tatouage les risques d'allergie peuvent être accrus.Faire un test d'allergie cutanée impérativeme nt 48 heures avant chaque utilisation de ce produit (voir notice).Penser à ach eter votre produit à l'avance.Eviter le contact du produit avec la peau et les  yeux.Ne pas employer pour la coloration des cils et des sourcils.Ne pas suivr e cette consigne peut entraîner la cécité.Rincer immédiatement les yeux si le produit entre en contact avec ceux-ci. Portez les gants appropriés fournis dans l'étui. Bien rincer les cheveux après application.Ne pas utiliser si vos cheve ux ont été colorés par du henné ou une coloration progressive. Ne pas laisser à la portée des enfants.Ne pas utiliser chez l'enfant.Se conformer à la notice., Sérum protecteur : aqua/water, cetearyl alcohol, glycerin, trideceth-2 carboxamide me hydrolyzed oats, phenoxyethanol, ethylparaben, polyquaternium-22, pentasodium pentetate, linalool, benzyl salicylate, benzyl benzoate, propylparaben, isobutylparaben, 2-oleamido-1.3-octadecanediol, geraniol, ceteareth-30, methylparaben, butylparaben, citric acid, citronellol, hexadimethrine chloride, amyl cinnamal, parfum/fragrance (fil c20949/1). Crème colorante : aqua/water, cetearyl alcohol, deceth-3, propylene glycol, laureth-12, ammonium hydroxide, oleth-30, hexadimethrine chloride, lauric acid, glycol distearate, polyquaternium-22, ethanolamine, silica dimethyl silylate, p-aminophenol, cl 77891/titanium dioxide, 4-amino-2-hydroxytoluene, m-aminophenol, ascorbic acid, hydroxybenzomorpholine, ammonium thiolactate, 2-methyl-5-hydroxyethylaminophenol, 2-methylresorcinol, dimethicone, pentasodium pentetate, linalool, p-phenylenediamine, carbomer, resorcinol, butylphenyl methylpropional, parfum/fragrance (c22134/1). Révélateur crème : aqua/water, hydrogen peroxide, cetearyl alcohol, sodium stannate, trideceth-2 carboxamide mea, pentasodium pentetate, ceteareth-30, tetrasodium pyrophosphate, glycerin (fil c13169/21). Soin au céramide-protéine : aqua/water, cetearyl alcohol, glycerin, behentrimonium chloride, amodimethicone, cetyl esters, isopropyl alcohol, hydroxypropyltrimonium hydrolyzed wheat protein, hydroxyisohexyl 3-cyclohexene carboxaldehyde, trideceth-12, chlorhexidine dihydrochloride, panthenol, candelilla cera/ candelilla wax, benzyl salicylate, 2-oleamido-1.3-octadecanediol, alpha-isomethyl ionone, methylparaben, cetrimonium chloride, citronellol, butylphenyl methylpropional, parfum/fragrance (fil c14267/3).]|"
12,04€ / Pce"|"
12,04 €"
3195|Excellence Crème 5 Châtain Clair|La boîte|[Origine : BELGIQUE, Crème Colorante Triple Protection. Avant la Coloration : le sérum protecteur soigne les parties abîmées des cheveux, en particulier les pointes. Il s'utilise avant la coloration. Vos cheveux sont protégés, préparés à être colorés. Pendant la coloration : la crème colorante Extra-Protectrice donne à vos cheveux une couleur riche et homogène qui couvre parfaitement les cheveux blancs, même les plus résistants. Excellence Crème ne coule pas. Après la coloration : le soin au céramide-protéine, à lacontenance encore plus généreuse, prévu pour plusieurs applications, prolonge la protection de vos cheveux jusqu'à la prochaine coloration. Résultat : une couverture parfaite des cheveux blancs. Une couleur riche, profonde, parfaitement homogène. Descheveux, même fragiles, protégés pour longtemps., La coloration peut provoquer une réaction allergique qui, dans certains cas rares, peut être grave.Il est donc indispensable de respecter les consignes suiv antes : ne pas utiliser si vous avez déjà réagi à un produit de coloration, vous avez le cuirchevelu sensible, irrité ou abîmé. En cas de tatouage les risqu es d'allergie peuvent être accrus.Faire un test d'allergie cutanée impérativem ent 48 heures avant chaque utilisation de ce produit (voir notice).Pensez à ac heter votre produit à l'avance.Evitez le contact du produit avec la peau et le s yeux.Ne pas employer pour la coloration des cils et des sourcils;Ne pas suivre cette consigne peut entraîner la cécité.Rincer immédiatement les yeux si le produit entre en contact avec ceux-ci.Portez les gants appropriés fournis dans  l'étui. Bien rincer les cheveux après application.Ne pas utiliser si vos chev  eux ont été colorés par du henné ou une coloration progressive.Ne pas laisser  à la portée des enfants.Ne pas utiliser chez l'enfant.Se conformer à la notice., Sérum protecteur : aqua/water, cetearyl alcohol, glycerin, trideceth-2 carboxamide mea, hydrolyzed oats, phenoxyethanol, ethylparaben, polyquaternium-22, pentasodium pentetate, linalool, benzyl salicylate, benzyl benzoate, propylparaben, isobutylparaben, 2-oleamido-1.3-octadecanediol, geraniol, ceteareth-30, methylparaben, butylparaben, citric acid, citronellol, hexadimethrine chloride, amyl cinnamal, parfum/fragrance. (fil c20949/1). Crème colorante : aqua/water, cetearyl alcohol, propylene glycol, deceth-3, laureth-12, ammonium hydroxide, oleth-30, hexadimethrine chloride, lauric acid, glycol distearate, polyquaternium-22, ethanolamine, silica dimethyl silylate, cl77891/titanium dioxide,2.4-diaminophenoxyethanol hci, m-aminophenol, ascorbic acid, sodium metabisulfite, hydroxypropyl bis(n-hydroxyethyl-p-phenylenediamine) hci, dimethicone, pentasodium pentetate, n,n-bis(2-hydroxyethyl)-p-phenylenediamine sulfate, linalool, p-phenylenediamine, carbomer, resorcinol, butylphenyl methylpropional, parfum/fragrance (c21584/1). Révélateur crème : aqua/water, hydrogen peroxide, cetearyl alcohol, sodium stannate, trideceth-2 carboxamide mea, pentasodium pentetate, ceteareth-30, tetrasodium pyrophosphate, glycerin (fil c13169/21). Soin au céramide-protéine : aqua/water, cetearyl alcohol, glycerin, behentrimonium chloride, amodimethicone, cetyl esters, isopropyl alcohol, hydroxypropyltrimonium hydrolyzed wheat protein, hydroxyisohexyl 3-cyclohexene carboxaldehyde, trideceth-12, chlorhexidine dihydrochloride, panthenol, candelilla cera/ candelilla wax, benzyl salicylate, 2-oleamido-1.3-octadecanediol, alpha-isomethyl ionone, methylparaben, cetrimonium chloride, citronellol, butylphenyl methylpropional, parfum/fragrance (fil c14267/3)., Sérum protecteur : aqua/water, cetearyl alcohol, glycerin, trideceth-2 carboxamide mea, hydrolyzed oats, phenoxyethanol, ethylparaben, polyquaternium-22, pentasodium pentetate, linalool, benzyl salicylate, benzyl benzoate, propylparaben, isobutylparaben, 2-oleamido-1.3-octadecanediol, geraniol, ceteareth-30, methylparaben, butylparaben, citric acid, citronellol, hexadimethrine chloride, amyl cinnamal, parfum/fragrance. (fil c20949/1). Crème colorante : aqua/water, cetearyl alcohol, propylene glycol, deceth-3, laureth-12, ammonium hydroxide, oleth-30, hexadimethrine chloride, lauric acid, glycol distearate, polyquaternium-22, ethanolamine, silica dimethyl silylate, cl77891/titanium dioxide,2.4-diaminophenoxyethanol hci, m-aminophenol, ascorbic acid, sodium metabisulfite, hydroxypropyl bis(n-hydroxyethyl-p-phenylenediamine) hci, dimethicone, pentasodium pentetate, n,n-bis(2-hydroxyethyl)-p-phenylenediamine sulfate, linalool, p-phenylenediamine, carbomer, resorcinol, butylphenyl methylpropional, parfum/fragrance (c21584/1). Révélateur crème : aqua/water, hydrogen peroxide, cetearyl alcohol, sodium stannate, trideceth-2 carboxamide mea, pentasodium pentetate, ceteareth-30, tetrasodium pyrophosphate, glycerin (fil c13169/21). Soin au céramide-protéine : aqua/water, cetearyl alcohol, glycerin, behentrimonium chloride, amodimethicone, cetyl esters, isopropyl alcohol, hydroxypropyltrimonium hydrolyzed wheat protein, hydroxyisohexyl 3-cyclohexene carboxaldehyde, trideceth-12, chlorhexidine dihydrochloride, panthenol, candelilla cera/ candelilla wax, benzyl salicylate, 2-oleamido-1.3-octadecanediol, alpha-isomethyl ionone, methylparaben, cetrimonium chloride, citronellol, butylphenyl methylpropional, parfum/fragrance (fil c14267/3).]|"
12,04€ / Pce"|"
12,04 €"
3196|Excellence Crème 6.03 Châtain très clair lumineux|La boîte|[Origine : FRANCE, Découvrez la coloration triple soin d'Excellence Crème : une technologie crème avancée qui associe 3 ingrédients soin : le céramide, la pro-kératine et le collagène. Résultat : une couleur riche longue-tenue, radieuse, éclatante de santé et sans aucun cheveu blanc. Des cheveux plus forts, souples et soyeux : ils sont 85% plus résistants au brushing., Couverture : couvre 100% des cheveux blancs. Temps de pause : 30 minutes. Les colorants capillaires peuvent provoquer des réactions allergiques sévères. Lire et suivre les instructions. Ce produit n'est pas destiné à être utilisé sur les personnes demoins de 16 ans. Les tatouages temporaires noirs à base de henné peuvent augmenter le risque d'allergie. Ne vous colorez pas les cheveux si : vous présentez une éruption cutanée sur le visage ou si votre cuir chevelu est sensible, irrité ou abîmé, vous avez déjà fait une réaction après avoir coloré vos cheveux, vous avez fait par le passé une réaction à un tatouage temporaire noir à base de henné. Il est obligatoire de faire un test d'allergie cutanée impérativement 48 heures avant chaque utilisation de ce produit (se conformer à la notice). Penser à acheter votre produit à l'avance pour faire le test d'allergie cutanée 48 heures avant. Le révélateur crème contient de l'eau oxygénée. La crème colorante contient : de la résorcine, des phénylènediamines (toluènediamines), de l'ammoniaque. Eviter le contact du produit avec les yeux, ne pas employer pour la coloration des cils et des sourcils. Rincer immédiatement et abondamment les yeux si le produit entre en contact avec ceux-ci. Porterles gants appropriés fournis dans l'étui. Bien rincer les cheveux après application. Attendre 15 jours après un défrisage, une permanente ou un lissage durable pour appliquer la coloration. Ne pas utiliser si vos cheveux ont été colorés par du henné, Serum protecteur : aqua/water, cetearyl alcohol, glycerin, trideceth-2 carboxamide mea, hydrolyzed oats, polyquaternium-22, chlorhexidine digluconate, pentasodium pentetate, 2-oleamido-1.3-octadecanediol, ceteareth-25, citric acid, hexadimethrine chloride, parfum/fragrance (FIL C51515/1). Crème colorante : aqua/water, cetearyl alcohol, propylene glycol, deceth-3, laureth-12, ammonium hydroxide, oleth-30, hexadimethrine chloride, lauric acid, glycol distearate, polyquaternium-22, ethanolamine, silica dimethyl silylate, Cl77891/titanium dioxide, m-aminophenol, p-aminophenol, 2-amino-3-hydroxypyridine, ascorbic acid, sodium metabisulfite, thioglycerin, toluene-2,5-diamine, 2-methylresorcinol, dimethicone, pentasodium pentetate, linalool, proline, carbomer, threonine, resorcinol, butylphenyl methylpropional, parfum/fragrance (FIL C54218/1). Révélateur crème : aqua/water, hydrogen peroxide, cetearyl alcohol, sodium stannate, trideceth-2 carboxamide mea, pentasodium pentetate, phosphoric acid, ceteareth-25, tetrasodium pyrophosphate, glycerin (FIL C13169/25). Baume : aqua/water, cetearyl alcohol glycerin, behentrimonium chloride, amodimethicone, cetyl esters, isopropyl alcohol, sodium pca, hydroxypropyltrimonium hydrolyzed wheat protein, trideceth-6, chlorhexidine dihydrochloride, soluble collagen, panthenol, candelilla cera/candelilla wax, 2-oleamido-1,3- octadecanediol, cetrimonium chloride. Parfum/fragrance (FIL C52825/1).]|"
12,86€ / Pce"|"
12,86 €"
3197|Excellence Crème 6.30 Blond Foncé Doré|La boîte|[Origine : FRANCE, Le cheveu est constitué majoritairement de kératine. La kératine joue un rôle déterminant pour sa santé et sa jeunesse. Avec le temps, il perd de sa kératine. Le nouveau Excellence Crème, enrichi en Pro-Kératine, le renforce et le revitalise. Sur cheveu renforcé, la couleur est pleine de vie, brillante et vous rajeunit. Résultat : une matière souple et soyeuse, une couleur riche et vivante, une couverture parfaite des cheveux blancs., Temps de pause : 30 minutes. La coloration peut provoquer une réaction allergique qui, dans certains cas rares, peut être grave. Il est obligatoire, dans tous les cas, de faire un test d'allergie cutanée impérativement 48 heures avant chaque utilisation de ce produit (se conformer à la notice). Ne pas utiliser si : vous avez déjà réagi à un produit de coloration, vous avez le cuir chevelu irrité ou abîmé. Tatouage/henné noir : si vous avez fait, même une seule fois, un tatouage au henné noir, vous risquez d'être devenue allergique sans le savoir. Ne pas utiliser ce produit sans avoir effectué le test d'allergie cutanée, 48 heures avant l'utilisation du produit. Penser à acheter votre produit à l'avance pour faire le test d'allergie cutanée48 heures avant. Le révélateur contient de l'eau oxygénée. Le produit colorant contient des diaminobenzènes, de la résorcine, de l'ammoniaque. Eviter le contact du produit avec la peau et les yeux, ne pas employer pour la coloration des cils et des sourcils. Ne pas suivre cette consigne peut entraîner la cécité. Rincer immédiatement et abondamment les yeux si le produit entre en contact avec ceux-ci. Porter les gants appropriés fournis dans l'étui. Bien rincer les cheveux après application. Ne pas utiliser si vos cheveux ont été colorés par du henné ou une coloration progressive. Tenir hors de la portée des enfants. Ne pas utiliser chez l'enfant., Sérum protecteur : aqua/water, cetearyl alcohol, glycerin, trideceth-2 carboxamide mea, hydrolyzed oats, phenoxyethanol, ethylparaben, polyquaternium-22, pentasodium pentetate, 2-oleamido-1,3-octadecanediol, ceteareth-25, methylparaben, citric acid,hexadimethrine chloride, parfum/fragrance (FIL C30548/2). Crème colorante : aqua/water, cetearyl alcohol, propylene glycol, deceth-3, laureth-12, ammonium hydroxide, oleth-30, hexadimethrine chloride, lauric acid, glycol distearate, polyquaternium-22, ethanolamine, silica dimethyl silylate, Cl77891/titanium dioxide, p-aminophenol, m-aminophenol, ascorbic acid, sodium metabisulfite, toluene-2,5-diamine, 2-methylresorcinol, 2-methyl-5-hydroxyethylaminophenol, dimethicone, pentasodium pentetate, linalool, proline, carbomer, threonine, resorcinol, butylphenyl methylpropional, parfum/fragrance (FIL C35760/1). Révélateur crème : aqua/water, hydrogen peroxide, cetearyl alcohol, sodium stannate, trideceth-2 carboxamide mea, pentasodium pentetate, phosphoric acid, ceteareth-25, tetrasodium pyrophosphate, glycerin (FIL C13169/25). Soin protecteur : aqua/water, cetearyl alcohol, glycerin, behentrimonium chloride, amodimethicone, cetyl esters, isopropyl alcohol, hydroxypropyltrimonium hydrolyzed wheat protein, trideceth-12, chlorhexidine dihydrochloride, panthenol, candelilla cera/candelilla wax, 2-oleamido-1,3-octadecanediol, methylparaben, cetrimonium chloride, parfum/fragrance (FIL C33378/1).]|"
12,04€ / Pce"|"
12,04 €"
3198|Excellence Crème 6.41 Noisette|La boîte|[Origine : FRANCE]|"
12,04€ / Pce"|"
12,04 €"
3199|Excellence Crème 6.54 Blond Foncé Acajou Cuivré|La boîte|[Origine : FRANCE, Crème Colorante Triple Protection : avant, pendant et après la coloration. Avant : le sérum protecteur innovation de L'Oréal Paris, soigne les parties abîmées des cheveux en particulier les pointes, il s'utilise avant la coloration. Vos cheveux sontprotégés, préparés à être colorés. Pendant : la crème colorante extra-protectrice d'Excellence Crème donne à vos cheveux une couleur riche et homogène qui couvre parfaitement les cheveux blancs, même les plus résistants. Excellence Crème ne coule pas, l'application est précise. Après : son soin au céramide-protéine, prévu pour plusieurs applications, prolonge la protection de vos cheveux jusqu'à la prochaine coloration. Résultat : une couverture parfaite des cheveux blancs. Une couleur riche, profonde, parfaitement homogène, des cheveux, même fragiles, protégés pour longtemps., La coloration peut provoquer une réaction allergique qui, dans certains cas rares, peut être grave. Il est donc indispensable de respecter les consignes suivantes : ne pas utiliser si vous avez déjà réagi à un produit de coloration, vous avez le cuirchevelu sensible, irrité ou abîmé. En cas de tatouage les risques d'allergie peuvent être accrus. Faire un test d'allergie cutanée impérativement 48 heures avant chaque utilisation de ce produit (voir notice). Faire un test de votre produit à l'avance. Evitez le contact du produit avec la peau et les yeux.Ne pas employer pour la coloration des cils et des sourcils. Ne pas suivre cette consigne peut entraîner la cécité. Rincez immédiatement les yeux si le produit entre en contact avec ceux-ci. Portez des gants appropriés fournis dans l'étui. Bien rincer les cheveux après application. Ne pas utiliser si vos cheveux ont été colorés par du henné ou 1 coloration progressive. Ne pas laisser à la portée des enfants.Ne pas utiliser chez l'enfant.Se conformer à la notice., Sérum protecteur : aqua/water, cetearyl alcohol, glycerin, trideceth-2 carboxamide mea, hydrolyzed oats, phenoxyethanol, ethylparaben, polyquaternium-22, pentasodium pentetate, linalool, benzyl salicylate, benzyl benzoate, propylparaben, isobutylparaben, 2-oleamido-1.3-octadecanediol, geraniol, ceteareth-30, methylparaben, butylparaben, citric acid, citronellol, hexadimethrine chloride, amyl cinnamal, parfum/fragrance (fil c20949/1). Crème colorante : aqua/water, cetearyl alcohol, propylene glycol, deceth-3, laureth-12, ammonium hydroxide, oleth-30, hexadimethrine chloride, lauric acid, glycol distearate, polyquaternium-22, ethanolamine, silica dimethyl silylate, cl 77891/titanium dioxide, p-aminophenol, 4-amino-2-hydroxytoluene, ascorbic acid, 2-methyl-5-hydroxyethylaminophenol, ammonium thiolactate, p-methylaminophenol sulfate, dimethicone, pentasodium pentetate, linalool, p-phenylenediamine, carbomer, resorcinol, butylphenyl methylpropional, parfum/fragrance (c22137/1). Révélateur crème : aqua/water, hydrogen peroxide, cetearyl alcohol, sodium stannate, trideceth-2 carboxamide mea, pentasodium pentetate, ceteareth-30, tetrasodium pyrophosphate, glycerin (fil c13169/21). Soin au céramide-protéine : aqua/water, cetearyl alcohol,glycerin, behentrimonium chloride, amodimethicone, cetyl esters, isopropyl alcohol, hydroxypropyltrimonium hydrolyzed wheat protein, hydroxyisohexyl 3-cyclohexene carboxaldehyde, trideceth-12, chlorhexidine dihydrochloride, panthenol, candelilla cera/ candelilla wax, benzyl salicylate, 2-oleamido-1.3-octadecanediol, alpha-isomethyl ionone, methylparaben, cetrimonium chloride, citronellol, butylphenyl methylpropional, parfum/fragrance (fil c21227/1).]|"
12,04€ / Pce"|"
12,04 €"
3200|Excellence Crème 6 Blond Foncé|La boîte|[Origine : BELGIQUE, Avant : le sérum protecteur innovation de L'Oréal Paris, soigne les parties abîmées des cheveux en particulier les pointes, il s'utilise avant la coloration. Vos cheveux sont protégés, préparés à être colorés. Pendant : la crème colorante extra-protectrice d'Excellence Crème donne à vos cheveux une couleur riche et homogène qui couvre parfaitement les cheveux blancs, même les plus résistants. Excellence Crème ne coule pas, l'application est précise. Après : son soin au céramide-protéine, prévu pour plusieurs applications, prolonge la protection de vos cheveux jusqu'à la prochaine coloration.Résultat : une couverture parfaite des cheveux blancs. Une couleur riche, profonde, parfaitement homogène, des cheveux, même fragiles, protégés pour longtemps., Sérum protecteur : aqua, cetearyl alcohol, glycerin, trideceth-2 carboxamide mea, hydrolyzed oats, phenoxyethanol, ethylparaben, polyquaternium-22, pentasodium pentetate, linalool, benzyl salicylate, benzyl benzoate, propylparaben, isobutylparaben, 2-oléamido-1.3-octadecanediol, geraniol, ceteareth-30, methylparaben, butylparaben, citric acid, citronellol, hexadimethrine chloride, amyl cinnamal, parfum (FIL C20949/1). Crème colorante : aqua, cetearyl alcohol, propylene glycol, deceth-3, laureth-12, ammonium hydroxide, oleth-30, hexadimethrine chloride, lauric acid, glycol distearate, polyquaternium-22, ethanolamine, silica dimethyl silylate, 2.4-diaminophenoxyethanol HCI, m-aminophenol, sodium metabisulfite, hydroxybenzomorpholine, TBHQ, pentasodium pentetate, linalool, p-phenylenediamine, carbomer, resorcinol, butylphenyl methylpropional, parfum (FIL C20861/1). Révélateur crème : aqua, hydrogen peroxide, cetearyl alcohol, sodium stannate, trideceth-2 carboxamide mea, pentasodium pentetate, ceteareth-30, tetrasodium pyrophosphate, glycerin (FIL C13169/21). Soin au céramide-protéine : aqua, cetearyl alcohol, glycerin, behentrimonium chloride, amodimethicone, cetyl esters, isopropyl alcohol, hydroxypropyltrimonium hydrolyzed wheat protein, hydroxyisohexyl 3-cyclohexene carboxaldehyde, trideceth-12, chlorhexidine dihydrochloride, panthenol, candelilla cera/ candelilla wax, benzyl salicylate, 2-oleamido-1.3-octadecanediol, alpha-isomethyl ionone, methylparaben, cetrimonium chloride, citronellol, butylphenyl methylpropional, parfum (FIL C14267/3). Le révélateur contient de l'eau oxygénée. Le produit colorant contient des diaminobenzènes, de la résorcine, de l'ammoniaque.]|"
12,04€ / Pce"|"
12,04 €"
3201|Excellence Crème 7.1 Blond Cendré|La boîte|[Origine : FRANCE, Crème Colorante Triple Protection. Avant la coloration : le sérum protecteur, innovation de L'Oréal Paris, soigne les parties abîmées des cheveux en particulier les pointes, il s'utilise avant la coloration. Vos cheveux sont protégés, préparés à êtrecolorés. Pendant la coloration : la crème colorante extra-protectrice d'Excellence Crème donne à vos cheveux une couleur riche et homogène qui couvre parfaitement les cheveux blancs, même les plus résistants. Excellence Crème ne coule pas. Après lacoloration : le soin au céramide-protéine, à la contenance encore plus généreuse, prévu pour plusieurs applications, prolonge la protection de vos cheveux jusqu'à la prochaine coloration. Résultat : une couverture parfaite des cheveux blancs. Une couleur riche, profonde, parfaitement homogène. Des cheveux, mêmef ragiles, protégés pour longtemps., La coloration peut provoquer une réaction allergique qui, dans certains cas rares, peut etre grave.;Il est donc indispensable de respecter les consignes suivantes : ne pas utiliser si vous avez déjà réagi à un produit de coloration, vous avez le cuirchevelu sensible, irrité ou abîmé.; en cas de tatouage les risques d'allergie peuvent être accrus.;Faire un test d'allergie cutanée impérativement 48 heures avant chaque utilisation de ce produit (voir notice).;Penser à acheter votre produit à l'avance.;Eviter le contact du produit avec la peau et les yeux;Ne pas employer pour la coloration des cils et des sourcils;Ne pas suivre cette consigne peut entraîner la cécité;Rincer immédiatement les yeux si le produit entre en contact avec ceux-ci.;porter les gants appropriés fournis dans l'étui.; bien rincer les cheveux après application.;Ne pas utiliser si vos cheveux ont été colorés par du henné ou une coloration progressive.;Ne pas laisser à la portée des enfants;Ne pas utiliser chez l'enfant;Se conformer à la notice., Sérum protecteur : aqua/water, cetearyl alcohol, glycerin, trideceth-2 carboxamide mea, hydrolyzed oats, phenoxyethanol, ethylparaben, polyquaternium-22, pentasodium pentetate, linalool, benzyl salicylate, benzyl benzoate, propylparaben, isobutylparaben, 2-oleamido-1.3-octadecanediol, geraniol, ceteareth-30, methylparaben, butylparaben, citric acid, citronellol, hexadimethrine chloride, amyl cinnamal, parfum/fragrance (fil c20949/1 ). Crème colorante : aqua/water, cetearyl alcohol, propylene glycol, deceth-3, laureth-12, ammonium hydroxide, oleth-30, hexadimethrine chloride, lauric acid, glycol distearate, polyquaternium-22, ethanolamine, silica dimethyl silylate, cl7789/titanium dioxide, 2.4-diaminophenoxyethanol hci, m-aminophenol, ascorbic acid, sodium metabisulfite, hydroxybenzomorpholine, dimethicone, pentasodium pentetate, linalool, p-phenylenediamine, carbomer, resorcinol, butylphenyl methylpropional, parfum/fragrance (c25218/1). Révélateur crème : aqua/water, hydrogen peroxide,cetearyl alcohol, sodium stannate, trideceth-2 carboxamide mea, pentasodium pentetate, ceteareth-30, tetrasodium pyrophosphate, glycerin (fil c13169/21). Soin au céramide-protéine : aqua/water, cetearyl alcohol, glycerin, behentrimonium chloride, amodimethicone, cetyl esters, isopropyl alcohol, hydroxypropyltrimonium hydrolyzed wheat protein, hydroxyisohexyl 3-cyclohexene carboxaldehyde, trideceth-12, chlorhexidine dihydrochloride, panthenol, candelilla cera/ candelilla wax, benzyl salicylate,2-oleamido-1.3-octadecanediol, alpha-isomethyl ionone, methylparaben, cetrimonium chloride, citronellol, butylphenyl methylpropional, parfum/fragrance (fil c14267/3).]|"
12,04€ / Pce"|"
12,04 €"
3202|Excellence Crème 7.3 Blond Doré|La boîte|[Origine : FRANCE, Avant : le sérum protecteur innovation de L'Oréal Paris, soigne les parties abîmées des cheveux en particulier les pointes, il s'utilise avant la coloration. Vos cheveux sont protégés, préparés à être colorés. Pendant : la crème colorante extra-protectrice d'Excellence Crème donne à vos cheveux une couleur riche et homogène qui couvre parfaitement les cheveux blancs, même les plus résistants. Excellence Crème ne coule pas, l'application est précise. Après : son soin au céramide-protéine, prévu pour plusieurs applications, prolonge la protection de vos cheveux jusqu'à la prochaine coloration. Résultat : une couverture parfaite des cheveux blancs. Une couleur riche, profonde, parfaitement homogène, des cheveux, même fragiles, protégés pour longtemps., Sérum protecteur : aqua, cetearyl alcohol, glycerin, trideceth-2 carboxamide mea, hydrolyzed oats, phenoxyethanol, ethylparaben, polyquaternium-22, pentasodium pentetate, linalool, benzyl salicylate, benzyl benzoate, propylparaben, isobutylparaben, 2-oléamido-1.3-octadecanediol, geraniol, ceteareth-30, methylparaben, butylparaben, citric acid, citronellol, hexadimethrine chloride, amyl cinnamal, parfum (FIL C20949/1). Crème colorante : aqua, cetearyl alcohol, propylene glycol, deceth-3, laureth-12, ammonium hydroxide, oleth-30, hexadimethrine chloride, lauric acid, glycol distearate, polyquaternium-22, ethanolamine, silica dimethyl silylate, Cl77891/titanium dioxide, p-aminophenol, m-aminophenol, ascorbic acid, 6-hydroxyindole, ammonium thiolactate, 2-methylresorcinol, dimethicone, pentasodium pentetate, linalool, p-phenylenediamine, carbomer, resorcinol, butylphenyl methylpropional, parfum (FIL C22191/1). Révélateur crème : aqua, hydrogen peroxide, cetearyl alcohol, sodium stannate, trideceth-2 carboxamide mea, pentasodium pentetate, ceteareth-30, tetrasodium pyrophosphate, glycerin (FIL C13169/21). Soin au céramide-protéine : aqua, cetearyl alcohol, glycerin, behentrimonium chloride, amodimethicone, cetyl esters, isopropyl alcohol, hydroxypropyltrimonium hydrolyzed wheat protein, hydroxyisohexyl 3-cyclohexene carboxaldehyde, trideceth-12, chlorhexidine dihydrochloride, panthenol, candelilla cera/ candelilla wax, benzyl salicylate, 2-oleamido-1.3-octadecanediol, alpha-isomethyl ionone, methylparaben, cetrimonium chloride, citronellol, butylphenyl methylpropional, parfum (FIL C14267/3). Le révélateur contient de l'eau oxygénée. Le produit colorant contient des diaminobenzènes, de la résorcine, de l'ammoniaque.]|"
12,04€ / Pce"|"
12,04 €"
3203|Excellence Crème 7 Blond|La boîte|[Origine : FRANCE, Crème Colorante Triple Protection : avant, pendant et après la coloration. Avant : le Sérum Protecteur Innovation de L'Oréal Paris, soigne les parties abîmées des cheveux en particulier les pointes, il s'utilise avant la coloration. Vos cheveux sontprotégés, préparés à être colorés. Pendant : la crème colorante extra-protectrice d'Excellence Crème donne à vos cheveux une couleur riche et homogène qui couvre parfaitement les cheveux blancs, même les plus résistants. Excellence Crème ne coule pas, l'application est précise. Après : son soin au Céramide-Protéine , prévu pour plusieurs applications, prolonge la protection de vos cheveux jusqu'à la prochaine coloration.Résultat : une couverture parfaite des cheveux blancs. Une couleur riche, profonde, parfaitement homogène, des cheveux, même fragiles, protégés pour longtemps., La coloration peut provoquer une réaction allergique qui, dans certains cas rares, peut être grave. Il est donc indispensable de respecter les consignes suivantes : ne pas utiliser si vous avez déjà réagi à un produit de coloration, vous avez le cuirchevelu sensible, irrité ou abîmé. En cas de tatouage les risques d'allergie peuvent être accrus. Faire un test d'allergie cutanée impérativement 48 heures avant chaque utilisation de ce produit (voir notice). Pensez à acheter votre produit à l'avance. Evitez le contact du produit avec la peau et les yeux.Ne pas employer pour la coloration des cils et des sourcils. Ne pas suivre cette consigne peut entraîner la cécité.Rincez immédiatement les yeux si le produit entre en contact avec ceux-ci. Portez les gants appropriés fournis dans l'étui. Bien rincer les cheveux après application.Ne pas utiliser si vos chev  eux ont été colorés par du henné ou une coloration progressive. Ne pas laisser à la portée des enfants.Ne pas utiliser chez l'enfant. Se conformer à la notic e., Sérum protecteur : aqua/water, cetearyl alcohol, glycerin, trideceth-2 carboxamide mea, hydrolyzed oats, phenoxyethanol, ethylparaben, polyquaternium-22, pentasodium pentetate, linalool, benzyl salicylate, benzyl benzoate, propylparaben, isobutylparaben, 2-oleamido-1.3-octadecanediol, geraniol,ceteareth-30, methylparaben, butylparaben, citric acid, citronellol, hexadimethrine chloride, amyl cinnamal, parfum/fragrance (fil c20949/1). Crème colorante : aqua/water, cetearyl alcohol, propylene glycol, deceth-3, laureth-12, ammonium hydroxide, oleth-30, hexadimethrine chloride, lauric acid, glycol distearate, polyquaternium-22, ethanolamine, silica dimethyl silylate, cl77891/titanium dioxide, 2.4-diaminophenoxyethanol hci, m-aminophenol, ascorbic acid, sodium metabisulfite, hydroxypropyl bis(n-hydroxyethyl-p-phenylenediamine) hcl, 2-methylresorcinol, dimethicone, pentasodium pentetate, linalool, p-phenylenediamine, carbomer, resorcinol, butylphenyl methylpropional, parfum/fragrance (c25232/1). Révélateur crème : aqua/water, hydrogen peroxide, cetearyl alcohol, sodium stannate, trideceth-2 carboxamide mea, pentasodium pentetate, ceteareth-30, tetrasodium pyrophosphate, glycerin (fil c13169/21). Soin au céramide-protéine : aqua/water, cetearyl alcohol, glycerin, behentrimonium chloride, amodimethicone, cetyl esters, isopropyl alcohol, hydroxypropyltrimonium hydrolyzed wheat protein, hydroxyisohexyl 3-cyclohexene carboxaldehyde, trideceth-12, chlorhexidine dihydrochloride, panthenol,candelilla cera/ candelilla wax, benzyl salicylate, 2-oleamido-1.3-octadecanediol, alpha-isomethyl ionone, methylparaben, cetrimonium chloride, citronellol, butylphenyl methylpropional, parfum/fragrance (fil c21227/1).]|"
12,04€ / Pce"|"
12,04 €"
3204|Excellence Crème 8.13 Blond Clair Beige|La boîte|[Origine : FRANCE]|"
12,04€ / Pce"|"
12,04 €"
3205|Excellence Crème 8.1 Blond Clair Cendré|La boîte|[Origine : FRANCE, Avant : le sérum protecteur innovation de L'Oréal Paris, soigne les parties abîmées des cheveux en particulier les pointes, il s'utilise avant la coloration. Vos cheveux sont protégés, préparés à être colorés. Pendant : la crème colorante extra-protectrice d'Excellence Crème donne à vos cheveux une couleur riche et homogène qui couvre parfaitement les cheveux blancs, même les plus résistants. Excellence Crème ne coule pas, l'application est précise. Après : son soin au céramide-protéine, prévu pour plusieurs applications, prolonge la protection de vos cheveux jusqu'à la prochaine coloration. Résultat : une couverture parfaite des cheveux blancs. Une couleur riche, profonde, parfaitement homogène, des cheveux, même fragiles, protégés pour longtemps., Sérum protecteur : aqua, cetearyl alcohol, glycerin, trideceth-2 carboxamide mea, hydrolyzed oats, phenoxyethanol, ethylparaben, polyquaternium-22, pentasodium pentetate, linalool, benzyl salicylate, benzyl benzoate, propylparaben, isobutylparaben, 2-oléamido-1.3-octadecanediol, geraniol, ceteareth-30, methylparaben, butylparaben, citric acid, citronellol, hexadimethrine chloride, amyl cinnamal, parfum (FIL C20949/1). Crème colorante : aqua, cetearyl alcohol, propylene glycol, deceth-3, laureth-12, ammonium hydroxide, oleth-30, hexadimethrine chloride, lauric acid, glycol distearate, polyquaternium-22, ethanolamine, silica dimethyl silylate, 2.4-diaminophenoxyethanol HCI, m-aminophenol, sodium metabisulfite, hydroxypropyl bis (N-hydroxyethyl-p-phenylenediamine) HCI, TBHQ, pentasodium pentetate, linalool, p-phenylenediamine, carbomer, resorcinol, butylphenyl methylpropional, parfum (FIL C15214/3). Révélateur crème : aqua, hydrogen peroxide, cetearyl alcohol, sodium stannate, trideceth-2carboxamide mea, pentasodium pentetate, ceteareth-30, tetrasodium pyrophosphate, glycerin (FIL C13169/21). Soin au céramide-protéine : aqua, cetearyl alcohol, glycerin, behentrimonium chloride, amodimethicone, cetyl esters, isopropyl alcohol, hydroxypropyltrimonium hydrolyzed wheat protein, hydroxyisohexyl 3-cyclohexene carboxaldehyde, trideceth-12, chlorhexidine dihydrochloride, panthenol, candelilla cera/ candelilla wax, benzyl salicylate, 2-oleamido-1.3-octadecanediol, alpha-isomethyl ionone, methylparaben, cetrimonium chloride, citronellol, butylphenyl methylpropional, parfum (FIL C14267/3). Le révélateur contient de l'eau oxygénée. Le produit colorant contient des diaminobenzènes, de la résorcine, de l'ammoniaque.]|"
12,04€ / Pce"|"
12,04 €"
3206|Excellence Crème 8 Blond Clair|La boîte|[Origine : FRANCE, Crème Colorante Triple Protection. Avant la coloration : le sérum protecteur, innovation de L'Oréal Paris, soigne les parties abîmées des cheveux en particulier les pointes, il s'utilise avant la coloration. Vos cheveux sont protégés, préparés à êtrecolorés. Pendant la coloration : la crème colorante extra-protectrice d'Excellence Crème donne à vos cheveux une couleur riche et homogène qui couvre parfaitement les cheveux blancs, même les plus résistants. Excellence Crème ne coule pas. Après lacoloration : le soin au Céramide-Protéine, à la contenance encore plus généreuse, prévu pour plusieurs applications, prolonge la protection de vos cheveux jusqu'à la prochaine coloration. Résultat : une couverture parfaite des cheveux blancs. Une couleur riche, profonde, parfaitement homogène. Des cheveux, mêmef ragiles, protégés pour longtemps., La coloration peut provoquer une réaction allergique qui, dans certains cas rares, peut être grave.Il est donc indispensable de respecter les consignes suiv antes : ne pas utiliser si vous avez déjà réagi à un produit de coloration, vous avez le cuirchevelu sensible, irrité ou abîmé. En cas de tatouage les risques d'allergie peuvent être accrus.Faire un test d'allergie cutanée impérativeme nt 48 heures avant chaque utilisation de ce produit (voir notice).Pensez à ach eter votre produit à l'avance.Evitez le contact du produit avec la peau et les  yeux.Ne pas employer pour la coloration des cils et des sourcils.Ne pas suivr e cette consigne peut entraîner la cécité.Rincez immédiatement les yeux si le produit entre en contact avec ceux-ci.Porter les gants appropriés fournis dans  l'étui. Bien rincer les cheveux après application.Ne pas utiliser si vos chev  eux ont été colorés par du henné ou une coloration progressive. Ne pas laisser à la portée des enfants.Ne pas utiliser chez l'enfant.Se conformer à la notice., Sérum protecteur : aqua/water, cetearyl alcohol, glycerin, trideceth-2 carboxamide mea, hydrolyzed oats, phenoxyethanol, ethylparaben, polyquaternium-22, pentasodium pentetate, linalool, benzyl salicylate, benzyl benzoate, propylparaben, isobutylparaben, 2-oleamido-1.3-octadecanediol, geraniol, ceteareth-30, methylparaben, butylparaben, citric acid, citronellol, hexadimethrine chloride, amyl cinnamal, parfum/fragrance (fil c20949/1). Crème colorante : aqua/water, cetearyl alcohol, propylene glycol, deceth-3, laureth-12, ammonium hydroxide, oleth-30, hexadimethrine chloride, lauric acid, glycol distearate, polyquaternium-22, ethanolamine, silica dimethyl silylate, Cl77891/titanium dioxide, m-aminophenol, ascorbic acid, sodium metabisulfite,hydroxybenzomorpholine, dimethicone, pentasodium pentetate, linalool, p-phenylenediamine, carbomer, resorcinol, butylphenyl methylpropional, parfum/fragrance (c22369/1). Révélateur crème : aqua/water, hydrogen peroxide, cetearyl alcohol, sodium stannate, trideceth-2 carboxamide mea, pentasodium pentetate, ceteareth-30, tetrasodium pyrophosphate, glycerin (fil c13169/21). Soin au céramide-protéine : aqua/water, cetearyl alcohol, glycerin, behentrimonium chloride, amodimethicone, cetyl esters, isopropyl alcohol, hydroxypropyltrimonium hydrolyzed wheat protein, hydroxyisohexyl 34ycl0hexene carboxaldehyde, trideceth-12, chlorhexidine dihydrochloride, panthenol, candelilla cera/ candelilla wax, benzyl salicylate, 2-oleamido-1.3-octadecanediol, alpha-isomethyl ionone, methylparaben, cetrimonium chloride, citronellol, butylphenyl methylpropional, parfum/fragrance (fil c14267/3).]|"
12,04€ / Pce"|"
12,04 €"
3207|Excellence Crème 9.3 Blond Très Clair Doré|La boîte|[Origine : FRANCE, Crème Colorante Triple Protection. Avant : le sérum protecteur innovation de L'Oréal Paris, soigne les parties abîmées des cheveux en particulier les pointes, il s'utilise avant la coloration. Vos cheveux sont protégés, préparés à être colorés. Pendant : la crème colorante extra-protectrice d'Excellence Crème donne à vos cheveux une couleur riche et homogène qui couvre parfaitement les cheveux blancs, même les plus résistants. Excellence Crème ne coule pas, l'application est précise. Après : sonsoin au céramide-protéine, prévu pour plusieurs applications, prolonge la protection de vos cheveux jusqu'à la prochaine coloration., Sérum protecteur : aqua, cetearyl alcohol, glycerin, trideceth-2 carboxamide mea, hydrolyzed oats, phenoxyethanol, ethylparaben, polyquaternium-22, pentasodium pentetate, linalool, benzyl salicylate, benzyl benzoate, propylparaben, isobutylparaben, 2-oleamido-1.3-octadecanediol, geraniol, ceteareth-30, methylparaben, butylparaben, citric acid, citronellol, hexadimethrine chloride, amyl cinnamal, parfum (FIL C20949/1 ). Crème colorante : aqua, cetearyl alcohol, propylene glycol, deceth-3, laureth-12, ammonium hydroxide, oleth-30, hexadimethrine chloride, lauric acid, glycol distearate, polyquaternium-22, ethanolamine, silica dimethyl silylate, p-aminophenol, m-aminophenol, sodium metabisulfite, TBHQ, 6-hydroxyindole, pentasodium pentetate, linalool, p-phenylenediamine, carbomer, resorcinol, butylphenyl methylpropional, parfum (FIL C15216/3). Révélateur crème : aqua, hydrogen peroxide, cetearyl alcohol, sodium stannate, trideceth-2 carboxamide mea, pentasodium pentetate, ceteareth-30, tetrasodium pyrophosphate, glycerin (FIL C13169/21). Soin au céramide-protéine : aqua, cetearyl alcohol, glycerin, behentrimonium chloride, amodimethicone, cetyl esters, isopropyl alcohol, hydroxypropyltrimonium hydrolyzed wheat protein, hydroxyisohexyl 3-cyclohexene carboxaldehyde, trideceth-12, chlorhexidine dihydrochloride, panthenol, candelilla cera/ candelilla wax, benzyl salicylate, 2-oleamido-1.3-octadecanediol, alpha-isomethyl ionone, methylparaben, cetrimonium chloride, citronellol, butylphenyl methylpropional, parfum (FIL C14267/3). Le révélateur contient de l'eau oxygénée. Le produit colorant contient des diaminobenzènes, de la résorcine, de l'ammoniaque.]|"
12,04€ / Pce"|"
12,04 €"
3208|Excellence Crème 9 Blond Très Clair|La boîte|[Origine : FRANCE, Crème Colorante Triple Protection. Avant la coloration : le sérum protecteur, innovation de L'Oréal Paris, soigne les parties abîmées des cheveux en particulier les pointes, il s'utilise avant la coloration. Vos cheveux sont protégés, préparés à êtrecolorés. Pendant la coloration : la crème colorante extra-protectrice d'Excellence Crème donne à vos cheveux une couleur riche et homogène qui couvre parfaitement les cheveux blancs, même les plus résistants. Excellence Crème ne coule pas. Après lacoloration : le soin au Céramide-Protéine , à la contenance encore plus généreuse, prévu pour plusieurs applications, prolonge la protection de vos cheveux jusqu'à la prochaine coloration. Résultat : une couverture parfaite des cheveux blancs. Une couleur riche, profonde, parfaitement homogène. Des cheveux, même fragiles, protégés pour longtemps., La coloration peut provoquer une réaction allergique qui, dans certains cas rares, peut être grave.Il est donc indispensable de respecter les consignes suiv antes : ne pas utiliser si vous avez déjà réagi à un produit de coloration, vous avez le cuirchevelu sensible, irrité ou abîmé. En cas de tatouage les risques d'allergie peuvent être accrus.Faire un test d'allergie cutanée impérativeme nt 48 heures avant chaque utilisation de ce produit (voir notice).Pensez à ac  heter votre produit à l'avance.Evitez le contact du produit avec la peau et le s yeux.Ne pas employer pour la coloration des cils et des sourcils.Ne pas suivre cette consigne peut entraîner la cécité.Rincez immédiatement les yeux si le produit entre en contact avec ceux-ci. Portez les gants appropriés fournis dans l'étui. Bien rincer les cheveux après application.Ne pas utiliser si vos cheve ux ont été colorés par du henné ou une coloration progressive. Ne pas laisser à la portée des enfants.Ne pas utiliser chez l'enfant.Se conformer à la notice., Sérum protecteur : aqua/water, cetearyl alcohol, glycerin, trideceth-2 carboxamide mea, hydrolyzed oats, phenoxyethanol, ethylparaben, polyquaternium-22, pentasodium pentetate, linalool, benzyl salicylate, benzyl benzoate, propylparaben, isobutylparaben, 2-oleamido-1.3-octadecanediol, geraniol, ceteareth-30, methylparaben, butylparaben, citric acid, citronellol, hexadimethrine chloride, amyl cinnamal, parfum/fragrance (fil c20949/1).Crème colorante : aqua/water, cetearyl alcohol, propylene glycol, deceth-3, laureth-12, ammonium hydroxide, oleth-30, hexadimethrine chloride, lauric acid, glycol distearate, polyquaternium-22, ethanolamine, silica dimethyl silylate, cl77891/titanium dioxide, m-aminophenol, ascorbic acid, sodium metabisulfite, hydroxybenzomorpholine, dimethicone, pentasodium pentetate, linalool, p-phenylenediamine, carbomer, resorcinol, butylphenyl methylpropional, parfum/fragrance (c22177/1). Révélateur crème : aqua/water, hydrogen peroxide, cetearyl alcohol, sodium stannate, trideceth-2 carboxamide mea, pentasodium pentetate, ceteareth-30, tetrasodium pyrophosphate, glycerin (fil c13169/21). Soin au céramide-protéine : aqua/water, cetearyl alcohol, glycerin, behentrimonium chloride, amodimethicone, cetyl esters, isopropyl alcohol, hydroxypropyltrimonium hydrolyzed wheat protein, hydroxyisohexyl 34ycl0hexene carboxaldehyde, trideceth-12, chlorhexidine dihydrochloride, panthenol, candelilla cera/ candelilla wax, benzyl salicylate, 2-oleamido-1.3-octadecanediol, alpha-isomethyl ionone, methylparaben, cetrimonium chloride, citronellol, butylphenyl methylpropional, parfum/fragrance (fil c14267/3).]|"
12,04€ / Pce"|"
12,04 €"
3209|1.0 Noir absolu, Coloration permanente|La boîte de 174ml|[Origine : FRANCE, Avec Olia, la coloration est un moment de plaisir : appréciez la texture veloutée du mélange de la crème colorante et de la crème révélatrice. Savourez son délicat parfum de fleurs, pendant l'application. L'huile peut faire bien plus que soigner voscheveux. Pour la 1ère fois, Garnier l'a concentrée au cour de la formule colorante pour garantir une expression maximale de la couleur et créer : une nouvelle ère en coloration., Couvrance : 100 % des cheveux blancs. Temps de pause : 30 minutes. Les colorants capillaires peuvent provoquer des réactions allergiques sévères. Lire et suivre les instructions. Ce produit n'est pas destiné à être utilisé sur les personnes de moinsde seize ans. Les tatouages temporaires noirs à base de henné peuvent augmenter le risque d'allergie. Ne vous colorez pas les cheveux si : vous présentez une éruption cutanée sur le visage ou si votre cuir chevelu est sensible, irrité ou abîmé, vousavez déjà fait une réaction après avoir coloré vos cheveux, vous avez fait par le passé une réaction à un tatouage temporaire noir à base de henné. Il est obligatoire de faire un test d'allergie cutanée impérativement 48 heures avant chaque utilisation de ce produit (se conformer à la notice). Penser à acheter votre produit à l'avance pour faire le test d'allergie cutanée 48 heures avant. La crème révélatrice contient de l'eau oxygénée. La crème colorante contient des phenylenediamine (toluènediamines) et de la résorcine. Eviter le contact du produit avec les yeux, ne pas employer pour la coloration des cils et des sourcils. Rincer immédiatement et abondamment les yeux si le produit entre en contact avec ceux-ci. Porter les gants appropriésfournis dans l'étui. Bien rincer les cheveux après application. Attendre 15 jours après un défrisage, une permanente ou un lissage durable, pour appliquer la coloration. Ne pas utiliser si vos cheveux ont été colorés par du henné ou une coloration p, Crème colorante : paraffinum liquidum/mineral oil, aqua/water, ethanolamine, steareth-20, caprylyl/capryl glucoside, polysorbate 21, toluene-2,5-diamine, steareth-20, caprylyl/capryl glucoside, polysorbate 21, toluene-2,5-diamine, steareth-2, resorcinol, 2,4-diaminophenoxyethanol hcl, m-aminophenol, ascorbic acid, sodium metabisulfite, hydroxybenzomorpholine, thioglycerin, polyquaternium-67, helianthus annuus seed oil/sunflower seed oil, limnanthes alba seed oil/meadowfoam seed oil, camellia oleifera seed oil, n,n-bis(2-hydroxyethyl)-p-phenylenediamine sulfate, passiflora incarnata/passiflora incarnata seed oil, edta, parfum/fragrance (F.I.L. C53732/1). Crème révélatrice : aqua/water, paraffinum liquidum/mineral oil, cetearyl alcohol, hydrogen peroxide, steareth-20, peg-4 rapeseedamide, tocopherol, sodium stannate, polyquaternium-6, pentasodium pentetate, phosphoric acid, tetrasodium pyrophosphate, hexadimethrine chloride, glycerin (F.I.L. C42424/1). Soin brillance et toucher soie : aqua/water, cetearyl alcohol, behentrimonium chloride, cetyl esters, trideceth-6, chlorhexidine digluconate, amodimethicone, isopropyl alcohol, citric acid, cetrimonium chloride, parfum/fragrance (F.I.L. C53909/1)., 12 mois après ouverture.]|"
12,56€ / Pce"|"
12,56 €"
3210|10.0 Blond très clair, Coloration permanente sans ammoniaque|La boîte de 174ml|[Origine : FRANCE, Avec Olia, la coloration est un moment de plaisir : appréciez la texture veloutée du mélange de la crème colorante et de la crème révélatrice. Savourez son délicat parfum de fleurs, pendant l'application. L'huile peut faire bien plus que soigner voscheveux. Pour la 1ère fois, Garnier l'a concentrée au cour de la formule colorante pour garantir une expression maximale de la couleur et créer : une nouvelle ère en coloration., Couvrance : 100 % des cheveux blancs. Temps de pause : 30 minutes. Les colorants capillaires peuvent provoquer des réactions allergiques sévères. Lire et suivre les instructions. Ce produit n'est pas destiné à être utilisé sur les personnes de moinsde seize ans. Les tatouages temporaires noirs à base de henné peuvent augmenter le risque d'allergie. Ne vous colorez pas les cheveux si : vous présentez une éruption cutanée sur le visage ou si votre cuir chevelu est sensible, irrité ou abîmé, vousavez déjà fait une réaction après avoir coloré vos cheveux, vous avez fait par le passé une réaction à un tatouage temporaire noir à base de henné. Il est obligatoire de faire un test d'allergie cutanée impérativement 48 heures avant chaque utilisation de ce produit (se conformer à la notice). Penser à acheter votre produit à l'avance pour faire le test d'allergie cutanée 48 heures avant. La crème révélatrice contient de l'eau oxygénée. La crème colorante contient des phénylènediamines (toluènediamines) et de la résorcine. Eviter le contact du produit avec les yeux, ne pas employer pour la coloration des cils et des sourcils. Rincer immédiatement et abondamment les yeux si le produit entre en contact avec ceux-ci. Porter les gants appropriés fournis dans l'étui. Bien rincer les cheveux après application. Attendre 15 jours après un défrisage, une permanente ou un lissage durable, pour appliquer la coloration. Ne pas utiliser si vos cheveux ont été colorés par du henné ou une coloration, Crème colorante : paraffinum liquidum/mineral oil, aqua/water, ethanolamine, steareth-20, caprylyl/capryl glucoside, polysorbate 21, steareth-2, 2,4-diaminophenoxyethanol HCl, m-aminophenol, p-aminophenol, ascorbic acid, sodium metabisulfite, thioglycerin, polyquaternium-67, helianthus annuus seed oil/sunflower seed oil, toluene-2,5-di amine, limnanthes alba seed oil/meadowfoam seed oil, camellia oleifera seed oil, passiflora incarnata/passiflora incarnata seed oil, resorcinol, edta, parfum/fragrance (F.I.L. C53845/1). Crème révélatrice : aqua/water, paraffinum liquidum/mineral oil, hydrogen peroxide, cetearyl alcohol, steareth-20, peg-4 rapeseedamide, tocopherol, sodium stannate, polyquaternium-6, pentasodium pentetate, phosphoric acid, tetrasodium pyrophosphate, hexadimethrine chloride, glycerin (F.I.L. C41208/1). Soin brillance et toucher soie : aqua/water, cetearyl alcohol, behentrimonium chloride, cetyl esters, trideceth-6, chlorhexidine digluconate, amodimethicone, isopropyl alcohol, citric acid, cetrimonium chloride, parfum/fragrance (F.I.L. C53909/1).]|"
12,56€ / Pce"|"
12,56 €"
3211|3.0 Châtain foncé pur, Coloration permanente, Sans ammoniaque|La boîte de 174ml|[Origine : FRANCE, Avec Olia, la coloration est un moment de plaisir : appréciez la texture veloutée du mélange de la crème colorante et de la crème révélatrice. Savourez son délicat parfum de fleurs, pendant l'application. L'huile peut faire bien plus que soigner voscheveux. Pour la 1ère fois, Garnier l'a concentrée au cour de la formule colorante pour garantir une expression maximale de la couleur et créer : une nouvelle ère en coloration., Couvrance : 100 % des cheveux blancs. Temps de pause : 30 minutes. Les colorants capillaires peuvent provoquer des réactions allergiques sévères. Lire et suivre les instructions. Ce produit n'est pas destiné à être utilisé sur les personnes de moinsde seize ans. Les tatouages temporaires noirs à base de henné peuvent augmenter le risque d'allergie. Ne vous colorez pas les cheveux si : vous présentez une éruption cutanée sur le visage ou si votre cuir chevelu est sensible, irrité ou abîmé, vousavez déjà fait une réaction après avoir coloré vos cheveux, vous avez fait par le passé une réaction à un tatouage temporaire noir à base de henné. Il est obligatoire de faire un test d'allergie cutanée impérativement 48 heures avant chaque utilisation de ce produit (se conformer à la notice). Penser à acheter votre produit à l'avance pour faire le test d'allergie cutanée 48 heures avant. La crème révélatrice contient de l'eau oxygénée. La crème colorante contient des phénylènediamines (toluènediamines) et de la résorcine. Eviter le contact du produit avec les yeux, ne pas employer pour la coloration des cils et des sourcils. Rincer immédiatement et abondamment les yeux si le produit entre en contact avec ceux-ci. Porter les gants appropriés fournis dans l'étui. Bien rincer les cheveux après application. Attendre 15 jours après un défrisage, une permanente ou un lissage durable, pour appliquer la coloration. Ne pas utiliser si vos cheveux ont été colorés par du henné ou une coloration, Crème colorante : paraffinum liquidum/mineral oil, aqua/water, ethanolamine, steareth-20, caprylyl/capryl glucoside, polysorbate 21, toluène-2,5-diamine, steareth-2, resorcinol, 2,4-diaminophenoxyethanol HCl, m-aminophenol, ascorbic acid, sodium metabisulfite, hydroxybenzomorpholine, thioglycerin, polyquaternium-67, helianthus annuus seed oil/sunflower seed oil, limnanthes alba seed oil/meadowfoam seed oil, camellia oleifera seed oil, passiflora incarnata/passiflora incarnata seed oil, edta, parfum/fragrance (F.I.L. C53853/1). Crème révélatrice : aqua/water, paraffinum liquidum/mineral oil, cetearyl alcohol, hydrogen peroxide, steareth-20, peg-4 rapeseedamide, tocopherol, sodium stannate, polyquaternium-6, pentasodium pentetate, phosphoricacid, tetrasodium pyrophosphate, hexadimethrine chloride, glycerin (F.I.L. C42424/1). Soin brillance et toucher soie : aqua/water, cetearyl alcohol, behentrimonium chloride, cetyl esters, trideceth-6, chlorhexidine digluconate, amodimethicone, isopropyl alcohol, citric acid, cetrimonium chloride, parfum/fragrance (F.I.L. C53909/1), 12 mois après ouverture.]|"
12,56€ / Pce"|"
12,56 €"
3212|4.0 Châtain pur, Coloration permanente, Sans ammoniaque|La boîte de 174ml|[Origine : FRANCE, Avec Olia, la coloration est un moment de plaisir : appréciez la texture veloutée du mélange de la crème colorante et de la crème révélatrice. Savourez son délicat parfum de fleurs, pendant l'application. L'huile peut faire bien plus que soigner voscheveux. Pour la 1ère fois, Garnier l'a concentrée au cour de la formule colorante pour garantir une expression maximale de la couleur et créer : une nouvelle ère en coloration., Couvrance : 100 % des cheveux blancs. Temps de pause : 30 minutes. Les colorants capillaires peuvent provoquer des réactions allergiques sévères. Lire et suivre les instructions. Ce produit n'est pas destiné à être utilisé sur les personnes de moinsde seize ans. Les tatouages temporaires noirs à base de henné peuvent augmenter le risque d'allergie. Ne vous colorez pas les cheveux si : vous présentez une éruption cutanée sur le visage ou si votre cuir chevelu est sensible, irrité ou abîmé, vousavez déjà fait une réaction après avoir coloré vos cheveux, vous avez fait par le passé une réaction à un tatouage temporaire noir à base de henné. Il est obligatoire de faire un test d'allergie cutanée impérativement 48 heures avant chaque utilisation de ce produit (se conformer à la notice). Penser à acheter votre produit à l'avance pour faire le test d'allergie cutanée 48 heures avant. La crème révélatrice contient de l'eau oxygénée. La crème colorante contient des phénylènediamines (toluènediamines) et de la résorcine. Eviter le contact du produit avec les yeux, ne pas employer pour la coloration des cils et des sourcils. Rincer immédiatement et abondamment les yeux si le produit entre en contact avec ceux-ci. Porter les gants appropriés fournis dans l'étui. Bien rincer les cheveux après application. Attendre 15 jours après un défrisage, une permanente ou un lissage durable, pour appliquer la coloration. Ne pas utiliser si vos cheveux ont été colorés par du henné ou une coloration, Crème colorante : paraffinum liquidum/mineral oil, aqua/water, ethanolamine, steareth-20, caprylyl/capryl glucoside, polysorbate 21, steareth-2, 2,4-diaminophenoxyethanol HCl, m-aminophenol, ascorbic acid, sodium metabisulfite, hydroxybenzomorpholine, thioglycerin, toluene-2,5-diamine, polyquaternium-67, helianthus annuus seed oil/sunflower seed oil, limnanthes alba seed oil/meadowfoam seed oil, camellia oleifera seed oil, resorcinol, passiflora incarnata/passiflora incarnata seed oil, edta, parfum/fragrance (F.I.L. C54593/1). Crème révélatrice : aqua/water, paraffinum liquidum/mineral oil, cetearyl alcohol, hydrogen peroxide, steareth-20, peg-4 rapeseedamide, tocopherol, sodium stannate, polyquaternium-6, pentasodium pentetate, phosphoricacid, tetrasodium pyrophosphate, hexadimethrine chloride, glycerin (F.I.L. C42424/1). Soin brillance et toucher soie : aqua/water, cetearyl alcohol, behentrimonium chloride, cetyl esters, trideceth-6, chlorhexidine digluconate, amodimethicone, isopropyl alcohol, citric acid, cetrimonium chloride, parfum/fragrance (F.I.L. C53909/1), 12 mois après ouverture.]|"
12,11€ / Pce"|"
12,11 €"
3213|4.15 Marron glacé, Coloration permanente sans ammoniaque|La boîte de 174ml|[Origine : FRANCE, Avec Olia, la coloration est un moment de plaisir : appréciez la texture veloutée du mélange de la crème colorante et de la crème révélatrice.  Savourez son délicat parfum de fleurs, pendant l'application. L'huile peut faire bien plus que soigner voscheveux. Pour la 1ère fois, Garnier l'a concentrée au cour de la formule colorante pour garantir une expression maximale de la couleur et créer : une nouvelle ère en coloration., Couvrance : 100 % des cheveux blancs. Temps de pause : 30 minutes. Les colorants capillaires peuvent provoquer des réactions allergiques sévères. Lire et suivre les instructions. Ce produit n'est pas destiné à être utilisé sur les personnes de moinsde seize ans. Les tatouages temporaires noirs à base de henné peuvent augmenter le risque d'allergie. Ne vous colorez pas les cheveux si : vous présentez une éruption cutanée sur le visage ou si votre cuir chevelu est sensible, irrité ou abîmé, vousavez déjà fait une réaction après avoir coloré vos cheveux, vous avez fait par le passé une réaction à un tatouage temporaire noir à base de henné. Il est obligatoire de faire un test d'allergie cutanée impérativement 48 heures avant chaque utilisation de ce produit (se conformer à la notice). Penser à acheter votre produit à l'avance pour faire le test d'allergie cutanée 48 heures avant. La crème révélatrice contient de l'eau oxygénée. La crème colorante contient des phénylènediamines (toluènediamines) et de la résorcine. Eviter le contact du produit avec les yeux, ne pas employer pour la coloration des cils et des sourcils. Rincer immédiatement et abondamment les yeux si le produit entre en contact avec ceux-ci. Porter les gants appropriés fournis dans l'étui. Bien rincer les cheveux après application. Attendre 15 jours après un défrisage, une permanente ou un lissage durable, pour appliquer la coloration. Ne pas utiliser si vos cheveux ont été colorés par du henné ou une coloration, Crème colorante : paraffinum liquidum/mineral oil, aqua/water, ethanolamine, steareth-20, caprylyl/capryl glucoside, polysorbate 21, steareth-2, 2,4-diaminophenoxyethanol HCl, m-aminophenol, p-aminophenol, 2-amino-3-hydroxypyridine, ascorbic acid, sodium metabisulfite, 6-hydroxyindole, thioglycerin, toluene-2.5-diamine, polyquaternium-67, helianthus annuus seed oil/sunflower seed oil, limnanthes alba seed oil/meadowfoam seed oil, camellia oleifera seed oil, resorcinol, passiflora incarnata/passiflora incarnata seed oil, edta, parfum/fragrance (F.I.L. C54918/1). Crème révélatrice : aqua/water, paraffinum liquidum/mineral oil, cetearyl alcohol, hydrogen peroxide, steareth-20, peg-4 rapeseedamide, tocopherol, sodium stannate, polyquaternium-6,pentasodium pentetate, phosphoric acid, tetrasodium pyrophosphate, hexadimethrine chloride, glycerin (F.I.L. C42424/1). Soin brillance et toucher soie : aqua/water, cetearyl alcohol, behentrimonium chloride, cetyl esters, trideceth-6, chlorhexidinedigluconate, amodimethicone, isopropyl alcohol, citric acid, cetrimonium chloride, parfum/fragrance (F.I.L. C53909/1), 12 mois après ouverture.]|"
12,11€ / Pce"|"
12,11 €"
3214|4.35 chocolat, Coloration permanente sans ammoniaque|La boite de 174ml|[Origine : FRANCE, Aux huiles naturelles de fleurs. Sans ammoniaque. Puissance couleur maximale. Couvre 100% des cheveux blancs. Améliore visiblement la qualité du cheveu. Confort optimal du cuir chevelu. Succombez au délice de ce chocolat gourmand et vivez un moment de plaisir unique., Ce kit comprend : 1 crème révélatrice : 60 g, 1 crème colorante : 60 g, 1 applicateur Olia, 1 soin brillance & toucher soie, réutilisable 54 ml, 1 paire de gants, 1 notice. Couvrance : 100% des cheveux blancs. Temps de pause : 30 minutes. Les colorants capillaires peuvent provoquer des réactions allergiques sévères. Lire et suivre les instructions. Ce produit n'est pas destiné à être utilisé sur les personnes de moins de seize ans. Les tatouages temporaires noirs à base de henné peuvent augmenter le risque d'allergie. Ne vous colorez pas les cheveux si : vous présentez une éruption cutanée sur le visage ou si votre cuir chevelu est sensible, irrité ou abîmé. Vous avez déjà fait une réaction après avoir coloré vos cheveux. Vous avez fait parle passé une réaction à un tatouage temporaire noir à base de henné. Il est obligatoire de faire un test d'alerte allergie impérativement 48 heures avant chaque utilisation de ce produit (se conformer à la notice). Penser à acheter votre produit à l'avance pour faire le test d'alerte allergie 48 heures avant. La crème révélatrice contient du peroxyde d'hydrogène. La crème colorante contient des phénylènediamines (toluènediamines) et de la résorcine. Éviter le contact du produit avec les yeux, ne pas employer pour la coloration des cils et des sourcils. Rincer immédiatement et abondamment les yeux si le produit entre en contact avec ceux-ci. Porter les gants appropriés fournis dans l'étui. Bien rincer les cheveux après application. Ne pas u, Crème colorante : paraffinum liquidum/mineral oil, aqua/water, ethanolamine, steareth-20, caprylyl/capryl glucoside, polysorbate 21, steareth-2, p-aminophenol, m-aminophenol, 2-amino-3-hydroxypyridine, 4-amino-2-hydroxytoluene, ascorbic acid, sodiummetabisulfite, 6-hydroxyindole, thioglycerin, toluene-2,5-diamine, plyquaternium-67,  helianthus annuus seed oil/sunflower seed oil, 2-methylresorcinol, limnanthes alba seed oil/meadowfoam seed oil, camellia oleifera seed oil, 2-methyl-5-hydroxyethylaminophenol, resorcinol, passiflora incarnata/passiflora  incarnata seed oil, edta, parfum/fragrance (FIL C162120/2). Crème révélatrice : aqua/water, paraffinum liquidum/mineral oil, cetearyl alcohol, hydrogen peroxide, steareth-20, peg-4 rapeseedamide, tocopherol, sodium stannate, polyquaternium-6, pentasodium pentetate, phosphoric acid, tetrasodium pyrophosphate, hexadimethrine chloride, glycerin (FIL C42424/1). Soin brillance et toucher soie : aqua/water, cetearyl alcohol, behentrimonium chloride, cetyl esters, trideceth-6, chlorhexidine digluconate, amodimethicone, isopropyl alcohol, citric acid, cetrimonium chloride, parfum/fragrance (FIL C53909/1)., 12 mois après ouverture.]|"
12,56€ / Pce"|"
12,56 €"
3215|4.6 Rouge-cerise profond, Coloration permanente|La boîte de 174ml|[Origine : FRANCE, Avec Olia, la coloration est un moment de plaisir : appréciez la texture veloutée du mélange de la crème colorante et de la crème révélatrice. Savourez son délicat parfum de fleurs, pendant l'application. L'huile peut faire bien plus que soigner voscheveux. Pour la 1ère fois, Garnier l'a concentrée au cour de la formule colorante pour garantir une expression maximale de la couleur et créer : une nouvelle ère en coloration., Couvrance : 100 % des cheveux blancs. Temps de pause : 30 minutes. Les colorants capillaires peuvent provoquer des réactions allergiques sévères. Lire et suivre les instructions. Ce produit n'est pas destiné à être utilisé sur les personnes de moinsde seize ans. Les tatouages temporaires noirs à base de henné peuvent augmenter le risque d'allergie. Ne vous colorez pas les cheveux si : vous présentez une éruption cutanée sur le visage ou si votre cuir chevelu est sensible, irrité ou abîmé, vousavez déjà fait une réaction après avoir coloré vos cheveux, vous avez fait par le passé une réaction à un tatouage temporaire noir à base de henné. Il est obligatoire de faire un test d'allergie cutanée impérativement 48 heures avant chaque utilisation de ce produit (se conformer à la notice). Penser à acheter votre produit à l'avance pour faire le test d'allergie cutanée 48 heures avant. La crème révélatrice contient de l'eau oxygénée. La crème colorante contient des phenylenediamine (toluènediamines) et de la résorcine. Eviter le contact du produit avec les yeux, ne pas employer pour la coloration des cils et des sourcils. Rincer immédiatement et abondamment les yeux si le produit entre en contact avec ceux-ci. Porter les gants appropriésfournis dans l'étui. Bien rincer les cheveux après application. Attendre 15 jours après un défrisage, une permanente ou un lissage durable, pour appliquer la coloration. Ne pas utiliser si vos cheveux ont été colorés par du henné ou une coloration p, Crème colorante : paraffinum liquidum/mineral oil, aqua/water, ethanolamine, steareth-20, caprylyl/capryl glucoside, polysorbate 21, steareth-2,1-hydroxyethyl4,5-diamino pyrazole sulfate, 4-amino-2-hydroxytoluene, 5-amino-6-chloro-0-cresol, ascorbicacid, sodium metabisulfite, thioglycerin, toluene-2,5-diamine, polyquaternium-67, helianthus annuus seed oil/sunflower seed oil, 2-methyl-5-hydroxyethylaminophenol, limnanthes alba seed oil/meadowfoam seed oil, camellia oleifera seed oil, passifloraincarnata/passiflora incarnata seed oil, edta, parfum/fragrance (F.I.L. C54587/1). Crème révélatrice : aqua/water, paraffinum liquidum/mineral oil, cetearyl alcohol, hydrogen peroxide, steareth-20, peg-4 rapeseedamide, tocopherol, sodium stannate, polyquaternium-6, pentasodium pentetate, phosphoric acid, tetrasodium pyrophosphate, hexadimethrine chloride, glycerin (F.I.L. C42424/1). Soin brillance et toucher soie : aqua/water, cetearyl alcohol, behentrimonium chloride, cetyl esters, trideceth-6,chlorhexidine digluconate, amodimethicone, isopropyl alcohol, citric acid, cetrimonium chloride, parfum/fragrance (F.I.L. C53909/1)., 12 mois après ouverture.]|"
12,56€ / Pce"|"
12,56 €"
3216|5.0 Châtain clair fondant, Coloration permanente, Sans ammoniaque|La boîte de 174ml|[Origine : FRANCE, Avec Olia, la coloration est un moment de plaisir : appréciez la texture veloutée du mélange de la crème colorante et de la crème révélatrice. Savourez son délicat parfum de fleurs, pendant l'application. L'huile peut faire bien plus que soigner voscheveux. Pour la 1ère fois, Garnier l'a concentrée au cour de la formule colorante pour garantir une expression maximale de la couleur et créer : une nouvelle ère en coloration., Couvrance : 100 % des cheveux blancs. Temps de pause : 30 minutes. Les colorants capillaires peuvent provoquer des réactions allergiques sévères. Lire et suivre les instructions. Ce produit n'est pas destiné à être utilisé sur les personnes de moinsde seize ans. Les tatouages temporaires noirs à base de henné peuvent augmenter le risque d'allergie. Ne vous colorez pas les cheveux si : vous présentez une éruption cutanée sur le visage ou si votre cuir chevelu est sensible, irrité ou abîmé, vousavez déjà fait une réaction après avoir coloré vos cheveux, vous avez fait par le passé une réaction à un tatouage temporaire noir à base de henné. Il est obligatoire de faire un test d'allergie cutanée impérativement 48 heures avant chaque utilisation de ce produit (se conformer à la notice). Penser à acheter votre produit à l'avance pour faire le test d'allergie cutanée 48 heures avant. La crème révélatrice contient de l'eau oxygénée. La crème colorante contient des phénylènediamines (toluènediamines) et de la résorcine. Eviter le contact du produit avec les yeux, ne pas employer pour la coloration des cils et des sourcils. Rincer immédiatement et abondamment les yeux si le produit entre en contact avec ceux-ci. Porter les gants appropriés fournis dans l'étui. Bien rincer les cheveux après application. Attendre 15 jours après un défrisage, une permanente ou un lissage durable, pour appliquer la coloration. Ne pas utiliser si vos cheveux ont été colorés par du henné ou une coloration, Crème colorante : paraffinum liquidum/mineral oil, aqua/water, ethanolamine, steareth-20, caprylyl/capryl glucoside, polysorbate 21, steareth-2, 2,4-diaminophenoxyethanol HCl, m-aminophenol, ascorbic acid, sodium metabisulfite, hydroxybenzomorpholine, thioglycerin, toluene-2,5-diamine, polyquaternium-67, helianthus annuus seed oil/sunflower seed oil, limnanthes alba seed oil/meadowfoam seed oil, camellia oleifera seed oil, resorcinol, passiflora incarnata/passiflora incarnata seed oil, edta, parfum/fragrance (F.I.L. C53731/1). Crème révélatrice : aqua/water, paraffinum liquidum/mineral oil, cetearyl alcohol, hydrogen peroxide, steareth-20, peg-4 rapeseedamide, tocopherol, sodium stannate, polyquaternium-6, pentasodium pentetate, phosphoricacid, tetrasodium pyrophosphate, hexadimethrine chloride, glycerin (F.I.L. C42424/1). Soin brillance et toucher soie : aqua/water, cetearyl alcohol, behentrimonium chloride, cetyl esters, trideceth-6, chlorhexidine digluconate, amodimethicone, isopropyl alcohol, citric acid, cetrimonium chloride, parfum/fragrance (F.I.L. C53909/1), 12 mois après ouverture.]|"
12,56€ / Pce"|"
12,56 €"
3217|5.3 Châtain clair doré, permanente, Sans ammoniaque|La boîte de 174ml|[Origine : FRANCE, Avec Olia, la coloration est un moment de plaisir : appréciez la texture veloutée du mélange de la crème colorante et de la crème révélatrice. Savourez son délicat parfum de fleurs, pendant l'application. L'huile peut faire bien plus que soigner voscheveux. Pour la 1ère fois, Garnier l'a concentrée au cour de la formule colorante pour garantir une expression maximale de la couleur et créer : une nouvelle ère en coloration., Couvrance : 100 % des cheveux blancs. Temps de pause : 30 minutes. Les colorants capillaires peuvent provoquer des réactions allergiques sévères. Lire et suivre les instructions. Ce produit n'est pas destiné à être utilisé sur les personnes de moinsde seize ans. Les tatouages temporaires noirs à base de henné peuvent augmenter le risque d'allergie. Ne vous colorez pas les cheveux si : vous présentez une éruption cutanée sur le visage ou si votre cuir chevelu est sensible, irrité ou abîmé, vousavez déjà fait une réaction après avoir coloré vos cheveux, vous avez fait par le passé une réaction à un tatouage temporaire noir à base de henné. Il est obligatoire de faire un test d'allergie cutanée impérativement 48 heures avant chaque utilisation de ce produit (se conformer à la notice). Penser à acheter votre produit à l'avance pour faire le test d'allergie cutanée 48 heures avant. La crème révélatrice contient de l'eau oxygénée. La crème colorante contient des phénylènediamines (toluènediamines) et de la résorcine. Eviter le contact du produit avec les yeux, ne pas employer pour la coloration des cils et des sourcils. Rincer immédiatement et abondamment les yeux si le produit entre en contact avec ceux-ci. Porter les gants appropriés fournis dans l'étui. Bien rincer les cheveux après application. Attendre 15 jours après un défrisage, une permanente ou un lissage durable, pour appliquer la coloration. Ne pas utiliser si vos cheveux ont été colorés par du henné ou une coloration, Crème colorante : paraffinum liquidum/mineral oil, aqua/water, ethanolamine, steareth-20, caprylyl/capryl glucoside, polysorbate 21, steareth-2, p-aminophenol, m-aminophenol, 2-amino-3-hydroxypyridine, ascorbic acid, sodium metabisulfite, 6-hydroxyindole, thioglycerin, toluene-2,5-diamine, polyquaternium-67, helianthus annuus seed oil/sunflower seed oil, 2-methylresorcinol, limnanthes alba seed oil/meadowfoam seed oil, camellia oleifera seed oil, resorcinol, passiflora incarnata/passiflora incarnata seed oil, edta, parfum/fragrance (F.I.L. C53847/1). Crème révélatrice : aqua/water, paraffinum liquidum/mineral oil, cetearyl alcohol, hydrogen peroxide, steareth-20, peg-4 rapeseedamide, tocopherol, sodium stannate, polyquaternium-6, pentasodium pentetate, phosphoric acid, tetrasodium pyrophosphate, hexadimethrine chloride, glycerin (F.I.L. C42424/1). Soin brillance et toucher soie : aqua/water, cetearyl alcohol, behentrimonium chloride, cetyl esters, trideceth-6, chlorhexidine digluconate, amodimethicone, isopropyl alcohol, citric acid, cetrimonium chloride, parfum/fragrance (F.I.L. C53909/1), 12 mois après ouverture.]|"
12,11€ / Pce"|"
12,11 €"
3218|5.5 Châtain clair acajou, permanente, Sans ammoniaque|La boîte de 174ml|[Origine : FRANCE, Avec Olia, la coloration est un moment de plaisir : appréciez la texture veloutée du mélange de la crème colorante et de la crème révélatrice. Savourez son délicat parfum de fleurs, pendant l'application. L'huile peut faire bien plus que soigner voscheveux. Pour la 1ère fois, Garnier l'a concentrée au cour de la formule colorante pour garantir une expression maximale de la couleur et créer : une nouvelle ère en coloration., Couvrance : 100 % des cheveux blancs. Temps de pause : 30 minutes. Les colorants capillaires peuvent provoquer des réactions allergiques sévères. Lire et suivre les instructions. Ce produit n'est pas destiné à être utilisé sur les personnes de moinsde seize ans. Les tatouages temporaires noirs à base de henné peuvent augmenter le risque d'allergie. Ne vous colorez pas les cheveux si : vous présentez une éruption cutanée sur le visage ou si votre cuir chevelu est sensible, irrité ou abîmé, vousavez déjà fait une réaction après avoir coloré vos cheveux, vous avez fait par le passé une réaction à un tatouage temporaire noir à base de henné. Il est obligatoire de faire un test d'allergie cutanée impérativement 48 heures avant chaque utilisation de ce produit (se conformer à la notice). Penser à acheter votre produit à l'avance pour faire le test d'allergie cutanée 48 heures avant. La crème révélatrice contient de l'eau oxygénée. La crème colorante contient des phénylènediamines (toluènediamines) et de la résorcine. Eviter le contact du produit avec les yeux, ne pas employer pour la coloration des cils et des sourcils. Rincer immédiatement et abondamment les yeux si le produit entre en contact avec ceux-ci. Porter les gants appropriés fournis dans l'étui. Bien rincer les cheveux après application. Attendre 15 jours après un défrisage, une permanente ou un lissage durable, pour appliquer la coloration. Ne pas utiliser si vos cheveux ont été colorés par du henné ou une coloration, Crème colorante : paraffinum liquidum/mineral oil, aqua/water, ethanolamine, steareth-20, caprylyl/capryl glucoside, polysorbate 21, steareth-2, p-aminophenol, 2-amino-3-hydroxypyridine, m-aminophenol, 4-amino-2-hydroxytoluene, ascorbic acid, sodiummetabisulfite, 6-hydroxyindole, thioglycerin, toluene-2,5-diamine, polyquaternium-67, helianthus annuus seed oil/sunflower seed oil, limnanthes alba seed oil/meadowfoam seed oil, camellia oleifera seed oil, resorcinol, passiflora incarnata/passifloraincarnata seed oil, edta, parfum/fragrance (F.I.L. C53849/1). Crème révélatrice : aqua/water, paraffinum liquidum/mineral oil, cetearyl alcohol, hydrogen peroxide, steareth-20, peg-4 rapeseedamide, tocopherol, sodium stannate, polyquaternium-6, pentasodium pentetate, phosphoric acid, tetrasodium pyrophosphate, hexadimethrine chloride, glycerin (F.I.L. C42424/1). Soin brillance et toucher soie : aqua/water, cetearyl alcohol, behentrimonium chloride, cetyl esters, trideceth-6, chlorhexidine digluconate, amodimethicone, isopropyl alcohol, citric acid, cetrimonium chloride, parfum/fragrance (F.I.L. C53909/1), 12 mois après ouverture.]|"
12,56€ / Pce"|"
12,56 €"
3219|6,43 Miel cuivré, Coloration parmanente sans ammoniaque|La boite de 174ml|[Origine : FRANCE, Aux huiles naturelles de fleurs. Sans ammoniaque. Puissance couleur maximale. Couvre 100% des cheveux blancs. Améliore visiblement la qualité du cheveu. Confort optimal du cuir chevelu. Découvrez ce châtain très clair, rehaussé de beaux reflets cuivrés et dorés, et vivez un moment de plaisir unique., Ce kit comprend : 1 crème révélatrice : 60 g, 1 crème colorante : 60 g, 1 applicateur Olia, 1 soin brillance & toucher soie, réutilisable 54 ml, 1 paire de gants, 1 notice. Couvrance : 100% des cheveux blancs. Temps de pause : 30 minutes. Les colorants capillaires peuvent provoquer des réactions allergiques sévères. Lire et suivre les instructions. Ce produit n'est pas destiné à être utilisé sur les personnes de moins de seize ans. Les tatouages temporaires noirs à base de henné peuvent augmenter le risque d'allergie. Ne vous colorez pas les cheveux si : vous présentez une éruption cutanée sur le visage ou si votre cuir chevelu est sensible, irrité ou abîmé. Vous avez déjà fait une réaction après avoir coloré vos cheveux. Vous avez fait parle passé une réaction à un tatouage temporaire noir à base de henné. Il est obligatoire de faire un test d'alerte allergie impérativement 48 heures avant chaque utilisation de ce produit (se conformer à la notice). Penser à acheter votre produit à l'avance pour faire le test d'alerte allergie 48 heures avant. La crème révélatrice contient du peroxyde d'hydrogène. La crème colorante contient des phénylènediamines (toluènediamines) et de la résorcine. Éviter le contact du produit avec les yeux, ne pas employer pour la coloration des cils et des sourcils. Rincer immédiatement et abondamment les yeux si le produit entre en contact avec ceux-ci. Porter les gants appropriés fournis dans l'étui. Bien rincer les cheveux après application. Ne pas u, Crème colorante : paraffinum liquidum/mineral oil, aqua/water, ethanolamine, steareth-20, caprylyl/capryl glucoside, polysorbate 21, steareth-2, p-aminophenol, m-aminophenol, ascorbic acid, sodium metabisulfite, thioglycerin, polyquaternium-67, toluene-2,5-diamine, helianthus annuus seed oil/sunflower seed oil, 2-methyl-5-hydroxyethylaminophenol,  limnanthes alba seed oil/meadowfoam seed oil, camellia oleifera seed oil, resorcinol, passiflora incarnata / passiflora  incarnata seed oil, edta, parfum/fragrance (FIL C158188/1). Crème révélatrice : aqua/water, paraffinum liquidum/mineral oil, cetearyl alcohol, hydrogen peroxide, steareth-20, peg-4 rapeseedamide, tocopherol, sodium stannate, polyquaternium-6, pentasodium pentetate, phosphoric acid, tetrasodium pyrophosphate, hexadimethrine chloride, glycerin (FIL C42424/1). Soin brillance et toucher soie : aqua/water, cetearyl alcohol, behentrimonium chloride, cetyl esters, trideceth-6, chlorhexidine digluconate, amodimethicone, isopropyl alcohol, citric acid, cetrimonium chloride, parfum/ fragrance (FIL C53909/1)., 12 mois après ouverture.]|"
12,56€ / Pce"|"
12,56 €"
3220|6.0 Châtain très clair, Coloration permanente, Sans ammoniaque|La boîte de 174ml|[Origine : FRANCE, Avec Olia, la coloration est un moment de plaisir : appréciez la texture veloutée du mélange de la crème colorante et de la crème révélatrice. Savourez son délicat parfum de fleurs, pendant l'application. L'huile peut faire bien plus que soigner voscheveux. Pour la 1ère fois, Garnier l'a concentrée au cour de la formule colorante pour garantir une expression maximale de la couleur et créer : une nouvelle ère en coloration., Couvrance : 100 % des cheveux blancs. Temps de pause : 30 minutes. Les colorants capillaires peuvent provoquer des réactions allergiques sévères. Lire et suivre les instructions. Ce produit n'est pas destiné à être utilisé sur les personnes de moinsde seize ans. Les tatouages temporaires noirs à base de henné peuvent augmenter le risque d'allergie. Ne vous colorez pas les cheveux si : vous présentez une éruption cutanée sur le visage ou si votre cuir chevelu est sensible, irrité ou abîmé, vousavez déjà fait une réaction après avoir coloré vos cheveux, vous avez fait par le passé une réaction à un tatouage temporaire noir à base de henné. Il est obligatoire de faire un test d'allergie cutanée impérativement 48 heures avant chaque utilisation de ce produit (se conformer à la notice). Penser à acheter votre produit à l'avance pour faire le test d'allergie cutanée 48 heures avant. La crème révélatrice contient de l'eau oxygénée. La crème colorante contient des phénylènediamines (toluènediamines) et de la résorcine. Eviter le contact du produit avec les yeux, ne pas employer pour la coloration des cils et des sourcils. Rincer immédiatement et abondamment les yeux si le produit entre en contact avec ceux-ci. Porter les gants appropriés fournis dans l'étui. Bien rincer les cheveux après application. Attendre 15 jours après un défrisage, une permanente ou un lissage durable, pour appliquer la coloration. Ne pas utiliser si vos cheveux ont été colorés par du henné ou une coloration, Crème colorante : paraffinum liquidum/mineral oil, aqua/water, ethanolamine, steareth-20, caprylyl/capryl glucoside, polysorbate 21, steareth-2, m-aminophenol, ascorbic acid, sodium metabisulfite, thioglycerin, toluene-2,5-diamine, polyquaternium-67,helianthus annuus seed oil/sunflower seed oil, limnanthes alba seed oil/meadowfoam seed oil, camellia oleifera seed oil, resorcinol, passiflora incarnata/passiflora incarnata seed oil, edta, parfum/fragrance (F.I.L. C53848/1). Crème révélatrice : aqua/water, paraffinum liquidum/mineral oil, cetearyl alcohol, hydrogen peroxide, steareth-20, peg-4 rapeseedamide, tocopherol, sodium stannate, polyquaternium-6, pentasodium pentetate, phosphoric acid, tetrasodium pyrophosphate, hexadimethrine chloride, glycerin (F.I.L. C42424/1). Soin brillance et toucher soie : aqua/water, cetearyl alcohol, behentrimonium chloride, cetyl esters, trideceth-6, chlorhexidine digluconate, amodimethicone, isopropyl alcohol, citric acid, cetrimonium chloride, parfum/fragrance (F.I.L. C53909/1), 12 mois après ouverture.]|"
12,56€ / Pce"|"
12,56 €"
3221|6.35 noisette, Coloration permanente sans ammoniaque|Le boite de 174ml|[Origine : FRANCE, Aux huiles naturelles de fleurs. Sans ammoniaque. Puissance couleur maximale. Couvre 100% des cheveux blancs. Améliore visiblement la qualité du cheveu. Confort optimal du cuir chevelu. Craquez pour l'éclat de ce châtain noisette et vivez un moment de plaisir unique., Ce kit comprend : 1 crème révélatrice : 60 g, 1 crème colorante : 60 g, 1 applicateur Olia, 1 soin brillance & toucher soie, réutilisable 54 ml, 1 paire de gants, 1 notice. Couvrance : 100% des cheveux blancs. Temps de pause : 30 minutes. Les colorants capillaires peuvent provoquer des réactions allergiques sévères. Lire et suivre les instructions. Ce produit n'est pas destiné à être utilisé sur les personnes de moins de seize ans. Les tatouages temporaires noirs à base de henné peuvent augmenter le risque d'allergie. Ne vous colorez pas les cheveux si : vous présentez une éruption cutanée sur le visage ou si votre cuir chevelu est sensible, irrité ou abîmé. Vous avez déjà fait une réaction après avoir coloré vos cheveux. Vous avez fait parle passé une réaction à un tatouage temporaire noir à base de henné. Il est obligatoire de faire un test d'alerte allergie impérativement 48 heures avant chaque utilisation de ce produit (se conformer à la notice). Penser à acheter votre produit à l'avance pour faire le test d'alerte allergie 48 heures avant. La crème révélatrice contient du peroxyde d'hydrogène. La crème colorante contient des phénylènediamines (toluènediamines) et de la résorcine. Éviter le contact du produit avec les yeux, ne pas employer pour la coloration des cils et des sourcils. Rincer immédiatement et abondamment les yeux si le produit entre en contact avec ceux-ci. Porter les gants appropriés fournis dans l'étui. Bien rincer les cheveux après application. Ne pas u, Crème colorante : paraffinum liquidum/mineral oil, aqua/water, ethanolamine, steareth-20, caprylyl/capryl glucoside, polysorbate 21, steareth-2, p-aminophenol, 2-amino-3-hydroxypyridine, m-aminophenol, ascorbic acid, sodium metabisulfite, thioglycerin, polyquaternium-67, toluene-2,5-diamine, helianthus annuus seed oil/sunflower seed oil limnanthes alba seed oil/meadowfoam seed oil, camellia oleifera seed oil, resorcinol, passiflora incarnata/passiflora  incarnata seed oil, edta, parfum/fragrance(FIL C158187/1). Crème révélatrice : aqua/water, paraffinum liquidum/mineral oil, cetearyl alcohol, hydrogen peroxide, steareth-20, peg-4 rapeseedamide, tocopherol, sodium stannate, polyquaternium-6, pentasodium pentetate, phosphoric acid, tetrasodium pyrophosphate, hexadimethrine chloride, glycerin (FIL C42424/1). Soin brillance et toucher soie : aqua/water, cetearyl alcohol, behentrimonium chloride, cetyl esters, trideceth-6, chlorhexidine digluconate, amodimethicone, isopropyl alcohol, citric acid, cetrimonium chloride, parfum/fragrance (FIL C53909/1)., 12 mois après ouverture.]|"
12,56€ / Pce"|"
12,56 €"
3222|6.3 Miel doré, Coloration permanente, Sans ammoniaque|La boîte de 174ml|[Origine : FRANCE, Avec Olia, la coloration est un moment de plaisir : appréciez la texture veloutée du mélange de la crème colorante et de la crème révélatrice. Savourez son délicat parfum de fleurs, pendant l'application. L'huile peut faire bien plus que soigner voscheveux. Pour la 1ère fois, Garnier l'a concentrée au cour de la formule colorante pour garantir une expression maximale de la couleur et créer : une nouvelle ère en coloration., Couvrance : 100 % des cheveux blancs. Temps de pause : 30 minutes. Les colorants capillaires peuvent provoquer des réactions allergiques sévères. Lire et suivre les instructions. Ce produit n'est pas destiné à être utilisé sur les personnes de moinsde seize ans. Les tatouages temporaires noirs à base de henné peuvent augmenter le risque d'allergie. Ne vous colorez pas les cheveux si : vous présentez une éruption cutanée sur le visage ou si votre cuir chevelu est sensible, irrité ou abîmé, vousavez déjà fait une réaction après avoir coloré vos cheveux, vous avez fait par le passé une réaction à un tatouage temporaire noir à base de henné. Il est obligatoire de faire un test d'allergie cutanée impérativement 48 heures avant chaque utilisation de ce produit (se conformer à la notice). Penser à acheter votre produit à l'avance pour faire le test d'allergie cutanée 48 heures avant. La crème révélatrice contient de l'eau oxygénée. La crème colorante contient des phénylènediamines (toluènediamines) et de la résorcine. Eviter le contact du produit avec les yeux, ne pas employer pour la coloration des cils et des sourcils. Rincer immédiatement et abondamment les yeux si le produit entre en contact avec ceux-ci. Porter les gants appropriés fournis dans l'étui. Bien rincer les cheveux après application. Attendre 15 jours après un défrisage, une permanente ou un lissage durable, pour appliquer la coloration. Ne pas utiliser si vos cheveux ont été colorés par du henné ou une coloration, Crème colorante : paraffinum liquidum/mineral oil, aqua/water, ethanolamine, steareth-20, caprylyl/capryl glucoside, polysorbate 21, steareth-2, p-aminophenol, m-aminophenol, 2-amino-3-hydroxypyridine, ascorbic acid, sodium metabisulfite, thioglycerin, polyquaternium-67, helianthus annuus seed oil/sunflower seed oil, 2-methylresorcinol, limnanthes alba seed oil/meadowfoam seed oil, camellia oleifera seed oil, resorcinol, passiflora incarnata/passiflora incarnata seed oil, edta, parfum/fragrance(F.I.L. C54916/1). Crème révélatrice : aqua/water, paraffinum liquidum/mineral oil, cetearyl alcohol, hydrogen peroxide, steareth-20, peg-4 rapeseedamide, tocopherol, sodium stannate, polyquaternium-6, pentasodium pentetate, phosphoric acid, tetrasodium pyrophosphate, hexadimethrine chloride, glycerin (F.I.L. C42424/1). Soin brillance et toucher soie : aqua/water, cetearyl alcohol, behentrimonium chloride, cetyl esters, trideceth-6, chlorhexidine digluconate, amodimethicone, isopropyl alcohol, citric acid, cetrimonium chloride, parfum/fragrance (F.I.L. C53909/1)., 12 mois après ouverture.]|"
12,56€ / Pce"|"
12,56 €"
3223|6.60 Rouge intense, Coloration permanente sans ammoniaque|La boîte de 174ml|[Origine : FRANCE, Avec Olia, la coloration est un moment de plaisir : appréciez la texture veloutée du mélange de la crème colorante et de la crème révélatrice. Savourez son délicat parfum de fleurs, pendant l'application. L'huile peut faire bien plus que soigner voscheveux. Pour la 1ère fois, Garnier l'a concentrée au cour de la formule colorante pour garantir une expression maximale de la couleur et créer : une nouvelle ère en coloration., Couvrance : 100 % des cheveux blancs. Temps de pause : 30 minutes. Les colorants capillaires peuvent provoquer des réactions allergiques sévères. Lire et suivre les instructions. Ce produit n'est pas destiné à être utilisé sur les personnes de moinsde seize ans. Les tatouages temporaires noirs à base de henné peuvent augmenter le risque d'allergie. Ne vous colorez pas les cheveux si : vous présentez une éruption cutanée sur le visage ou si votre cuir chevelu est sensible, irrité ou abîmé, vousavez déjà fait une réaction après avoir coloré vos cheveux, vous avez fait par le passé une réaction à un tatouage temporaire noir à base de henné. Il est obligatoire de faire un test d'allergie cutanée impérativement 48 heures avant chaque utilisation de ce produit (se conformer à la notice). Penser à acheter votre produit à l'avance pour faire le test d'allergie cutanée 48 heures avant. La crème révélatrice contient de l'eau oxygénée. La crème colorante contient des phénylènediamines (toluènediamines) et de la résorcine. Eviter le contact du produit avec les yeux, ne pas employer pour la coloration des cils et des sourcils. Rincer immédiatement et abondamment les yeux si le produit entre en contact avec ceux-ci. Porter les gants appropriés fournis dans l'étui. Bien rincer les cheveux après application. Attendre 15 jours après un défrisage, une permanente ou un lissage durable, pour appliquer la coloration. Ne pas utiliser si vos cheveux ont été colorés par du henné ou une coloration, Crème colorante : paraffinum liquidum/mineral oil, aqua/water, ethanolamine, steareth-20, caprylyl/capryl glucoside, polysorbate 21, steareth-2, 1-hydroxyethyl 4,5-diamino pyrazole sulfate, 4-amino-2-hydroxytoluene, 5-amino-6-chloro-o-cresol, p-aminophenol, ascorbic acid, sodium metabisulfite, thioglycerin, toluene-2,5-diamine, polyquaternium-67, helianthus annuus seed oil/sunflower seed oil, limnanthes alba seed oil/meadowfoam seed oil, camellia oleifera seed oil, passiflora incarnata/passiflora incarnata seed oil, edta, parfum/fragrance (F.I.L. C54590/1). Crème révélatrice : aqua/water, paraffinum liquidum/mineral oil, cetearyl alcohol, hydrogen peroxide, steareth-20, peg-4 rapeseedamide, tocopherol, sodium stannate, polyquaternium-6, pentasodium pentetate, phosphoric acid, tetrasodium pyrophosphate, hexadimethrine chloride, glycerin (F.I.L. C42424/1). Soin brillance et toucher soie : aqua/water, cetearyl alcohol, behentrimonium chloride, cetyl esters, trideceth-6, chlorhexidine digluconate, amodimethicone, isopropyl alcohol, citric acid, cetrimonium chloride, parfum/fragrance (F.I.L. C53909/1), 12 mois après ouverture.]|"
12,56€ / Pce"|"
12,56 €"
3224|7.0 Blond foncé, Coloration permanente, Sans ammoniaque|La boîte de 174ml|[Origine : FRANCE, Avec Olia, la coloration est un moment de plaisir : appréciez la texture veloutée du mélange de la crème colorante et de la crème révélatrice. Savourez son délicat parfum de fleurs, pendant l'application. L'huile peut faire bien plus que soigner voscheveux. Pour la 1ère fois, Garnier l'a concentrée au cour de la formule colorante pour garantir une expression maximale de la couleur et créer : une nouvelle ère en coloration., Couvrance : 100 % des cheveux blancs. Temps de pause : 30 minutes. Les colorants capillaires peuvent provoquer des réactions allergiques sévères. Lire et suivre les instructions. Ce produit n'est pas destiné à être utilisé sur les personnes de moinsde seize ans. Les tatouages temporaires noirs à base de henné peuvent augmenter le risque d'allergie. Ne vous colorez pas les cheveux si : vous présentez une éruption cutanée sur le visage ou si votre cuir chevelu est sensible, irrité ou abîmé, vousavez déjà fait une réaction après avoir coloré vos cheveux, vous avez fait par le passé une réaction à un tatouage temporaire noir à base de henné. Il est obligatoire de faire un test d'allergie cutanée impérativement 48 heures avant chaque utilisation de ce produit (se conformer à la notice). Penser à acheter votre produit à l'avance pour faire le test d'allergie cutanée 48 heures avant. La crème révélatrice contient de l'eau oxygénée. La crème colorante contient des phénylènediamines (toluènediamines) et de la résorcine. Eviter le contact du produit avec les yeux, ne pas employer pour la coloration des cils et des sourcils. Rincer immédiatement et abondamment les yeux si le produit entre en contact avec ceux-ci. Porter les gants appropriés fournis dans l'étui. Bien rincer les cheveux après application. Attendre 15 jours après un défrisage, une permanente ou un lissage durable, pour appliquer la coloration. Ne pas utiliser si vos cheveux ont été colorés par du henné ou une coloration, Crème colorante : paraffinum liquidum/mineral oil, aqua/water, ethanolamine, steareth-20, caprylyl/capryl glucoside, polysorbate 21, steareth-2, m-aminophenol, p-aminophenol, ascorbic acid, sodium metabisulfite, thioglycerin, toluene-2,5-diamine, polyquaternium-67, helianthus annuus seed oil/sunflower seed oil, limnanthes alba seed oil/meadowfoam seed oil, camellia oleifera seed oil, resorcinol, passiflora incarnata/passiflora incarnata seed oil, edta, parfum/fragrance (F.I.L. C54591/1). Crème révélatrice : aqua/water, paraffinum liquidum/mineral oil, cetearyl alcohol, hydrogen peroxide, steareth-20, peg-4 rapeseedamide, tocopherol, sodium stannate, polyquaternium-6, pentasodium pentetate, phosphoric acid, tetrasodium pyrophosphate, hexadimethrine chloride, glycerin (F.I.L. C42424/1). Soin brillance et toucher soie : aqua/water, cetearyl alcohol, behentrimonium chloride, cetyl esters, trideceth-6, chlorhexidine digluconate, amodimethicone, isopropyl alcohol, citric acid, cetrimonium chloride, parfum/fragrance (F.I.L. C53909/1), 12 mois après ouverture.]|"
12,41€ / Pce"|"
12,41 €"
3225|7.13 Blond beige foncé, Coloration permanente, Sans ammoniaque|La boîte de 174ml|[Origine : FRANCE, Avec Olia, la coloration est un moment de plaisir : appréciez la texture veloutée du mélange de la crème colorante et de la crème révélatrice. Savourez son délicat parfum de fleurs, pendant l'application. L'huile peut faire bien plus que soigner voscheveux. Pour la 1ère fois, Garnier l'a concentrée au cour de la formule colorante pour garantir une expression maximale de la couleur et créer : une nouvelle ère en coloration., Couvrance : 100 % des cheveux blancs. Temps de pause : 30 minutes. Les colorants capillaires peuvent provoquer des réactions allergiques sévères. Lire et suivre les instructions. Ce produit n'est pas destiné à être utilisé sur les personnes de moinsde seize ans. Les tatouages temporaires noirs à base de henné peuvent augmenter le risque d'allergie. Ne vous colorez pas les cheveux si : vous présentez une éruption cutanée sur le visage ou si votre cuir chevelu est sensible, irrité ou abîmé, vousavez déjà fait une réaction après avoir coloré vos cheveux, vous avez fait par le passé une réaction à un tatouage temporaire noir à base de henné. Il est obligatoire de faire un test d'allergie cutanée impérativement 48 heures avant chaque utilisation de ce produit (se conformer à la notice). Penser à acheter votre produit à l'avance pour faire le test d'allergie cutanée 48 heures avant. La crème révélatrice contient de l'eau oxygénée. La crème colorante contient des phénylènediamines (toluènediamines) et de la résorcine. Eviter le contact du produit avec les yeux, ne pas employer pour la coloration des cils et des sourcils. Rincer immédiatement et abondamment les yeux si le produit entre en contact avec ceux-ci. Porter les gants appropriés fournis dans l'étui. Bien rincer les cheveux après application. Attendre 15 jours après un défrisage, une permanente ou un lissage durable, pour appliquer la coloration. Ne pas utiliser si vos cheveux ont été colorés par du henné ou une coloration, Crème colorante : paraffinum liquidum/mineral oil, aqua/water, ethanolamine, steareth-20, caprylyl/capryl glucoside, polysorbate 21, steareth-2, 2,4-diaminophenoxyethanol HCl, p-aminophenol, m-aminophenol, ascorbic acid, sodium metabisulfite, thioglycerin, toluene-2,5-diamine, polyquaternium-67, helianthus annuus seed oil/sunflower seed oil, limnanthes alba seed oil/meadowfoam seed oil, camellia oleifera seed oil, 2-methylresorcinol, 2-methyl-5-hydroxyethylaminophenol, resorcinol, passiflora incarnata/passiflora incarnata seed oil, edta, parfum/fragrance (F.I.L. C54586/1). Crème révélatrice : aqua/water, paraffinum liquidum/mineral oil, cetearyl alcohol, hydrogen peroxide, steareth-20, peg-4 rapeseedamide, tocopherol, sodium stannate, polyquaternium-6, pentasodium pentetate, phosphoric acid, tetrasodium pyrophosphate, hexadimethrine chloride, glycerin (F.I.L. C42424/1). Soin brillance et toucher soie : aqua/water, cetearyl alcohol, behentrimonium chloride, cetyl esters, trideceth-6, chlorhexidine digluconate, amodimethicone, isopropyl alcohol, citric acid, cetrimonium chloride, parfum/fragrance (F.I.L. C53909/1), 12 mois après ouverture.]|"
12,56€ / Pce"|"
12,56 €"
3226|8.31 Blond doré cendré, Coloration permanente, Sans ammoniaque|La boîte de 174ml|[Origine : FRANCE, Avec Olia, la coloration est un moment de plaisir : appréciez la texture veloutée du mélange de la crème colorante et de la crème révélatrice. Savourez son délicat parfum de fleurs, pendant l'application. L'huile peut faire bien plus que soigner voscheveux. Pour la 1ère fois, Garnier l'a concentrée au cour de la formule colorante pour garantir une expression maximale de la couleur et créer : une nouvelle ère en coloration., Couvrance : 100 % des cheveux blancs. Temps de pause : 30 minutes. Les colorants capillaires peuvent provoquer des réactions allergiques sévères. Lire et suivre les instructions. Ce produit n'est pas destiné à être utilisé sur les personnes de moinsde seize ans. Les tatouages temporaires noirs à base de henné peuvent augmenter le risque d'allergie. Ne vous colorez pas les cheveux si : vous présentez une éruption cutanée sur le visage ou si votre cuir chevelu est sensible, irrité ou abîmé, vousavez déjà fait une réaction après avoir coloré vos cheveux, vous avez fait par le passé une réaction à un tatouage temporaire noir à base de henné. Il est obligatoire de faire un test d'allergie cutanée impérativement 48 heures avant chaque utilisation de ce produit (se conformer à la notice). Penser à acheter votre produit à l'avance pour faire le test d'allergie cutanée 48 heures avant. La crème révélatrice contient de l'eau oxygénée. La crème colorante contient des phénylènediamines (toluènediamines) et de la résorcine. Eviter le contact du produit avec les yeux, ne pas employer pour la coloration des cils et des sourcils. Rincer immédiatement et abondamment les yeux si le produit entre en contact avec ceux-ci. Porter les gants appropriés fournis dans l'étui. Bien rincer les cheveux après application. Attendre 15 jours après un défrisage, une permanente ou un lissage durable, pour appliquer la coloration. Ne pas utiliser si vos cheveux ont été colorés par du henné ou une coloration, Crème colorante : paraffinum liquidum/mineral oil, aqua/water, ethanolamine, steareth-20, caprylyl/capryl glucoside, polysorbate 21, steareth-2, 2,4-diaminophenoxyethanol HCl, p-aminophenol, m-aminophenol, ascorbic acid, sodium metabisulfite, 6-hydroxyindole, thioglycerin, polyquaternium-67, toluene-2,5-diamine, helianthus annuus seed oil/sunflower seed oil, 2-methylresorcinol, limnanthes alba seed oil/meadowfoam seed oil, camellia oleifera seed oil, resorcinol, passiflora incarnata/passiflora incarnata seed oil, edta, parfum/fragrance (F.I.L. C54588/1). Crème révélatrice : aqua/water, paraffinum liquidum/mineral oil, hydrogen peroxide, cetearyl alcohol, steareth-20, peg-4 rapeseedamide, tocopherol, sodium stannate, polyquaternium-6, pentasodium pentetate, phosphoric acid, tetrasodium pyrophosphate, hexadimethrine chloride, glycerin (F.I.L. C41208/1). Soin brillance et toucher soie : aqua/water, cetearyl alcohol, behentrimonium chloride, cetyl esters, trideceth-6, chlorhexidine digluconate, amodimethicone, isopropyl alcohol, citric acid, cetrimonium chloride, parfum/fragrance (F.I.L. C53909/1).]|"
12,56€ / Pce"|"
12,56 €"
3227|9.0 Blond clair radieux, Coloration permanente|La boîte de 174ml|[Origine : FRANCE, Avec Olia, la coloration est un moment de plaisir : appréciez la texture veloutée du mélange de la crème colorante et de la crème révélatrice. Savourez son délicat parfum de fleurs, pendant l'application. L'huile peut faire bien plus que soigner voscheveux. Pour la 1ère fois, Garnier l'a concentrée au cour de la formule colorante pour garantir une expression maximale de la couleur et créer : une nouvelle ère en coloration., Couvrance : 100 % des cheveux blancs. Temps de pause : 30 minutes. Les colorants capillaires peuvent provoquer des réactions allergiques sévères. Lire et suivre les instructions. Ce produit n'est pas destiné à être utilisé sur les personnes de moinsde seize ans. Les tatouages temporaires noirs à base de henné peuvent augmenter le risque d'allergie. Ne vous colorez pas les cheveux si : vous présentez une éruption cutanée sur le visage ou si votre cuir chevelu est sensible, irrité ou abîmé, vousavez déjà fait une réaction après avoir coloré vos cheveux, vous avez fait par le passé une réaction à un tatouage temporaire noir à base de henné. Il est obligatoire de faire un test d'allergie cutanée impérativement 48 heures avant chaque utilisation de ce produit (se conformer à la notice). Penser à acheter votre produit à l'avance pour faire le test d'allergie cutanée 48 heures avant. La crème révélatrice contient de l'eau oxygénée. La crème colorante contient des phenylenediamine (toluènediamines) et de la résorcine. Eviter le contact du produit avec les yeux, ne pas employer pour la coloration des cils et des sourcils. Rincer immédiatement et abondamment les yeux si le produit entre en contact avec ceux-ci. Porter les gants appropriésfournis dans l'étui. Bien rincer les cheveux après application. Attendre 15 jours après un défrisage, une permanente ou un lissage durable, pour appliquer la coloration. Ne pas utiliser si vos cheveux ont été colorés par du henné ou une coloration p, Crème colorante : paraffinum liquidum/mineral oil, aqua/water, ethanolamine, steareth-20, caprylyl/capryl glucoside, polysorbate 21, steareth-2, 2,4-diaminophenoxyethanol hcl, p-aminophenol, m-aminophenol, ascorbic acid, sodium metabisulfite, thioglycerin, polyquaternium-67, toluene-2.5-diamine, helianthus annuus seed oil/sunflower seed oil, limnanthes alba seed oil/meadowfoam seed oil, camellia oleifera seed oil, resorcinol, passiflora incarnata/passiflora incarnata seed oil, edta, parfum/fragrance. (F.I.L. C54584/1). Crème révélatrice : aqua/water, paraffinum liquidum/mineral oil, hydrogen peroxide, cetearyl alcohol, steareth-20, peg-4 rapeseedamide, tocopherol, sodium stannate, polyquaternium-6, pentasodium pentetate, phosphoric acid, tetrasodium pyrophosphate, hexadimethrine chloride, glycerin (F.I.L. C41208/1). Soin brillance et toucher soie : aqua/water, cetearyl alcohol, behentrimonium chloride, cetyl esters, trideceth-6, chlorhexidine digluconate, amodimethicone, isopropyl alcohol, citric acid, cetrimonium chloride, parfum/fragrance (F.I.L. C53909/1)., 12 mois après ouverture.]|"
12,56€ / Pce"|"
12,56 €"
3228|9.3 Blond clair solaire, Coloration permanente|La boîte de 174ml|[Origine : FRANCE, Avec Olia, la coloration est un moment de plaisir : appréciez la texture veloutée du mélange de la crème colorante et de la crème révélatrice. Savourez son délicat parfum de fleurs, pendant l'application. L'huile peut faire bien plus que soigner voscheveux. Pour la 1ère fois, Garnier l'a concentrée au cour de la formule colorante pour garantir une expression maximale de la couleur et créer : une nouvelle ère en coloration., Couvrance : 100 % des cheveux blancs. Temps de pause : 30 minutes. Les colorants capillaires peuvent provoquer des réactions allergiques sévères. Lire et suivre les instructions. Ce produit n'est pas destiné à être utilisé sur les personnes de moinsde seize ans. Les tatouages temporaires noirs à base de henné peuvent augmenter le risque d'allergie. Ne vous colorez pas les cheveux si : vous présentez une éruption cutanée sur le visage ou si votre cuir chevelu est sensible, irrité ou abîmé, vousavez déjà fait une réaction après avoir coloré vos cheveux, vous avez fait par le passé une réaction à un tatouage temporaire noir à base de henné. Il est obligatoire de faire un test d'allergie cutanée impérativement 48 heures avant chaque utilisation de ce produit (se conformer à la notice). Penser à acheter votre produit à l'avance pour faire le test d'allergie cutanée 48 heures avant. La crème révélatrice contient de l'eau oxygénée. La crème colorante contient des phenylenediamine (toluènediamines) et de la résorcine. Eviter le contact du produit avec les yeux, ne pas employer pour la coloration des cils et des sourcils. Rincer immédiatement et abondamment les yeux si le produit entre en contact avec ceux-ci. Porter les gants appropriésfournis dans l'étui. Bien rincer les cheveux après application. Attendre 15 jours après un défrisage, une permanente ou un lissage durable, pour appliquer la coloration. Ne pas utiliser si vos cheveux ont été colorés par du henné ou une coloration p, Crème colorante : paraffinum liquidum/mineral oil, aqua/water, ethanolamine, steareth-20, caprylyl/capryl glucoside, polysorbate 21, steareth-2, p-aminophenol, m-aminophenol, ascorbic acid, sodium metabisulfite, glycerin, polyquaternium-67, toluene-2.5-diamine, helianthus annuus seed oil/sunflower seed oil, limnanthes alba seed oil/meadowfoam seed oil, camellia oleifera seed oil, resorcinol, passiflora incarnata/passiflora incarnata seed oil, edta, parfum/fragrance. (F.I.L. C53846/1). Crème révélatrice : aqua/water, paraffinum liquidum/mineral oil, hydrogen peroxide, cetearyl alcohol, steareth-20, peg-4 rapeseedamide, tocopherol, sodium stannate, polyquaternium-6, pentasodium pentetate, phosphoric acid, tetrasodium pyrophosphate, hexadimethrine chloride, glycerin (F.I.L. C41208/1). Soin brillance et toucher soie : aqua/water, cetearyl alcohol, behentrimonium chloride, cetyl esters, trideceth-6, chlorhexidine digluconate, amodimethicone, isopropyl alcohol, citric acid, cetrimonium chloride, parfum/fragrance (F.I.L. C53909/1)., 12 mois après ouverture.]|"
12,56€ / Pce"|"
12,56 €"
3229|Soin après coloration|Le tube de 54 ml|[Origine : FRANCE, Pour embellir la couleur., Appliquer après le shampooing sur cheveux mouillés. Laisser agir quelques minutes et rincer. En cas de contact avec les yeux, les rincer immédiatement et abondamment., Aqua/water, cetearyl alcohol, behentrimonium chloride, cetyl esters, trideceth-6, chlorhexidine digluconate, amodimethicone, isopropyl alcohol, citric acid, cetrimonium chloride, parfum/fragrance (FIL C53909/1)., 12 mois après ouverture.]|"
109,63€ / L"|"
5,92 €"
3230|10,21 blond très clair perle, coloration permanente|La boîte de 174ml|[Origine : FRANCE, Aux huiles naturelles de fleurs. Sans ammoniaque. Puissance couleur maximale. Couvre 100% des cheveux blancs. Améliore visiblement la qualité du cheveu. Confort optimal du cuir chevelu. Découvrez ce blond très clair aux reflets irisés et vivez un moment de plaisir unique., Ce kit comprend : 1 crème révélatrice : 60 g, 1 crème colorante : 60 g, 1 applicateur Olia, 1 soin brillance & toucher soie, réutilisable 54 ml, 1 paire de gants, 1 notice. Couvrance : 100% des cheveux blancs. Temps de pause : 30 minutes. Les colorants capillaires peuvent provoquer des réactions allergiques sévères. Lire et suivre les instructions. Ce produit n'est pas destiné à être utilisé sur les personnes de moins de seize ans. Les tatouages temporaires noirs à base de henné peuvent augmenter le risque d'allergie. Ne vous colorez pas les cheveux si  : vous présentez une éruption cutanée sur le visage ou si votre cuir chevelu est sensible, irrité ou abîmé. Vous avez déjà fait une réaction après avoir coloré vos cheveux. Vous avez fait par le passé une réaction à un tatouage temporaire noir à base de henné. Il est obligatoire de faire un test d'alerte allergie impérativement 48 heures avant chaque utilisation de ce produit (se conformer à la notice). Penser à acheter votre produit àl'avance pour faire le test d'alerte allergie 48 heures avant. La crème révélatrice contient du peroxyde d'hydrogène. La crème colorante contient des diaminobenzènes, des phénylènediamines (toluènediamines) et de la résorcine. Éviter le contact du produit avec les yeux, ne pas employer pour la coloration des cils et des sourcils. Rincer immédiatement et abondamment les yeux si le produit entre en contact avec ceux-ci. Porter les gants appropriés fournis dans l'étui. Bien rincer les cheveux après, 12 mois après ouverture.]|"
12,56€ / Pce"|"
12,56 €"
3231|5.15 Chocolat glacé, Coloration permanente sans ammoniaque|La boite de 174ml|[Origine : FRANCE]|"
12,56€ / Pce"|"
12,56 €"
3232|5.35 Brownie, Coloration permanente sans ammoniaque|La boite de 174ml|[Origine : FRANCE]|"
12,56€ / Pce"|"
12,56 €"
3233|7.3 blond doré, coloration permanente|La boîte de 174ml|[Origine : FRANCE, Aux huiles naturelles de fleurs. Sans ammoniaque. Puissance couleur maximale. Couvre 100% des cheveux blancs. Améliore visiblement la qualité du cheveu. Confort optimal du cuir chevelu. Découvrez ce blond chaud et lumineux et vivez un moment de plaisir unique., Ce kit comprend : 1 crème révélatrice : 60 g, 1 crème colorante : 60 g, 1 applicateur Olia, 1 soin brillance & toucher soie, réutilisable 54 ml, 1 paire de gants, 1 notice. Couvrance : 100% des cheveux blancs. Temps de pause : 30 minutes. Les colorants capillaires peuvent provoquer des réactions allergiques sévères. Lire et suivre les instructions. Ce produit n'est pas destiné à être utilisé sur les personnes de moins de seize ans. Les tatouages temporaires noirs à base de henné peuvent augmenter le risque d'allergie. Ne vous colorez pas les cheveux si  : vous présentez une éruption cutanée sur le visage ou si votre cuir chevelu est sensible, irrité ou abîmé. Vous avez déjà fait une réaction après avoir coloré vos cheveux. Vous avez fait par le passé une réaction à un tatouage temporaire noir à base de henné. Il est obligatoire de faire un test d'alerte allergie impérativement 48 heures avant chaque utilisation de ce produit (se conformer à la notice). Penser à acheter votre produit àl'avance pour faire le test d'alerte allergie 48 heures avant. La crème révélatrice contient du peroxyde d'hydrogène. La crème colorante contient des phénylènediamines (toluènediamines) et de la résorcine. Éviter le contact du produit avec les yeux,ne pas employer pour la coloration des cils et des sourcils. Rincer immédiatement et abondamment les yeux si le produit entre en contact avec ceux-ci. Porter les gants appropriés fournis dans l'étui. Bien rincer les cheveux après application. Ne pas, 12 mois après ouverture.]|"
12,56€ / Pce"|"
12,56 €"
3234|7.40 Cuivré intense, Coloration permanente|La boite 174ml|[Origine : FRANCE, L'huile peut faire bien plus que soigner vos cheveux. Pour la 1 ère fois, Garnier l'a concentrée au coeur de la formule colorante pour garantir une expression maximale de la couleur. Puissance couleur maximale, améliore visiblement la qualité du cheveu, application sensorielle unique., Ce pack contient : 1 crème révélatrice, 1 crème colorante, 1 applicateur Olia, 1 soin brillance & toucher soie réutilisable, 1 paire de gants, 1 notice. Les colorants capillaires peuvent provoquer des réactions allergiques sévères. Lire et suivre lesinstructions. Ce produit nest pas destiné à être utilisé sur les personnes de moins de seize ans. Les tatouages temporaires noirs à base de henné peuvent augmenter le risque dallergie. Ne vous colorez pas les cheveux si : vous présentez une éruption cutanée sur le visage ou si votre cuir chevelu est sensible, irrité ou abîmé, vous avez déjà fait une réaction après avoir coloré vos cheveux, vous avez fait par le passé une réaction à un tatouage temporaire noir à base de henné. Il est obligatoire de faire un test dallergie cutanée impérativement 48 heures avant chaque utilisation de ce produit (se conformer à la notice). Penser à acheter votre produit à l'avance pour faire le test d'allergie cutanée 48 heures avant. La crème révélatrice contient du peroxyde d'hydrogène. Éviter le contact du produit avec les yeux, ne pas employer pour la coloration des cils et des sourcils. Rincer immédiatement et abondamment les yeux si le produit entre en contact avec ceux-ci. Porter les gants appropriés fournis dans létui. Bien rincer les cheveux après application. Attendre 15 jours après un défrisage, une permanente ou un lissage durable pour appliquer la coloration. Ne pas utiliser si vos cheveux ont été colorés par du henné ou une colorati]|"
12,41€ / Pce"|"
12,41 €"
3235|10,0 Porcelaine, Couleur Extraordinaire|Le kit|[Origine : FRANCE]|"
15,30€ / Pce"|"
15,30 €"
3236|2,0 Kajal, Couleur Extraordinaire|Le kit|[Origine : FRANCE]|"
15,30€ / Pce"|"
15,30 €"
3237|3,0 Khôl, Couleur Extraordinaire|Le kit|[Origine : FRANCE]|"
15,30€ / Pce"|"
15,30 €"
3238|3,30 Bronze, Couleur Extraordinaire|Le kit|[Origine : FRANCE]|"
15,30€ / Pce"|"
15,30 €"
3239|4,0 Cuir, Couleur Extraordinaire|Le kit|[Origine : FRANCE]|"
15,30€ / Pce"|"
15,30 €"
3240|4,15 Arabica, Couleur Extraordinaire|Le kit|[Origine : FRANCE]|"
15,30€ / Pce"|"
15,30 €"
3241|4,60 Carmin, Couleur Extraordinaire|Le kit|[Origine : FRANCE]|"
15,30€ / Pce"|"
15,30 €"
3242|5,0 Alezan, Couleur Extraordinaire|Le kit|[Origine : FRANCE]|"
15,30€ / Pce"|"
15,30 €"
3243|5,35 Chocolat, Couleur Extraordinaire|Le kit|[Origine : FRANCE]|"
15,30€ / Pce"|"
15,30 €"
3244|6,0 Lin, Coloration Extraordinaire|Le kit|[Origine : FRANCE]|"
15,30€ / Pce"|"
15,30 €"
3245|7,31 Camel, Couleur Extraordinaire|Le kit|[Origine : FRANCE]|"
15,30€ / Pce"|"
15,30 €"
3246|7,42 Vermillon (cuivre raffiné), Couleur Extraordinaire|Le kit|[Origine : FRANCE]|"
15,30€ / Pce"|"
15,30 €"
3247|8,0 Pierre de Lune (blond clair), Couleur Extraordinaire|Le kit|[Origine : FRANCE]|"
14,88€ / Pce"|"
14,88 €"
3248|9,10 Blanc, Couleur Extraordinaire|Le kit|[Origine : FRANCE]|"
15,30€ / Pce"|"
15,30 €"
3249|722 blond, coloration permanente, couleur soie, toucher velours|La boîte|[Origine : ALLEMAGNE, Découvrez le nouveau Soyance à la soie et au Q10, une coloration permanente aussi douce pour vos cheveux qu'une coloration ton sur ton, pour une couleur riche, longue durée avec jusqu'à -20% de cheveux fragilisés et toujours 100% de couverture des cheveux blancs., Une utilisation facile et sûre : videz le contenu du tube de soie liquide et de la crème soin colorante dans le flacon d'émulsion révélatrice. Agitez vigoureusement et appliquez immédiatement sur cheveux secs. Le mélange s'applique facilement et ne coule pas. Rincez abondamment la coloration après 30 minutes. Laissez ensuite poser le baume soin réparateur au Q10 pendant 2 minutes puis rincer abondamment. Attention : contient de l'eau oxygénée, des diaminotoluènes et de la résorcine. Peut provoquer une réaction allergique. Eviter le contact du produit avec les yeux. Rincer immédiatement les yeux si le produit entre en contact avec ceux-ci. Ne pas employer pour la coloration des cils et des sourcils. Bien rincer les cheveux après application.Porter des gants appropriés. Garder hors de la portée des enfants. Se conformer à la notice. Les colorants pour cheveux peuvent provoquer des réactions allergiques qui peuvent être graves dans de rares cas. Les tatouages peuvent accroître le risqued'allergie à ce produit. Effectuez un test de sensibilité de la peau 48 heures avant l'utilisation de cette coloration, même si vous avez déjà utilisé des produits de coloration avant. Ainsi il est préférable d'acheter le produit 48 heures à l'avance. A ne pas utiliser si : vous avez déjà eu une réaction à des produits de coloration,  votre cuir chevelu est sensible, irrité ou s'il présente des lésions. Dans ces cas-là, consultez un médecin avant d'utiliser tout produit colorant. Lisez et suivez, Crème colorante : aqua, cetearyl alcohol, ammonium hydroxide, coconut alcohol, sodium laureth-6-carboxylate, sodium myreth sulfate, serine, acrylamidopropyltrimonium chloride/acrylates copolymer, ammonium sulfate, coco-glucoside, ceteareth-12, ceteareth-20, glyceryl oleate, toluene-2,5-diamine sulfate, sodium sulfite, sodium silicate, etidronic acid, resorcinol, ascorbic acid, 4-chlororesorcinol, 2-methylresorcinol, m-aminophenol, parfum. Emulsion révélatrice : aqua, hydrogen peroxide, acrylatescopolymer, etidronic acid, sodium laureth sulfate, 2,6-dicarboxypyridine, disodium pyrophosphate, dimethicone. Baume soin réparateur : aqua, cetearyl alcohol, quaternium-27, isopropyl myristate, propylene glycol, distearoylethyl hydroxyethylmonium methosulfate, citric acid, phenoxyethanol, stearamidopropyl dimethylamine, parfum, ceteareth-20, glyceryl stéarate, sodium methylparaben, niacinamide, panthenol, linalool, ubiquinone. Soie liquide : aqua, sodium laureth sulfate, disodium cocoamphodiacetate, peg-7 glyceryl cocoate, glycol distearate, sodium chloride, laureth-4, polyquaternium-10, sodium benzoate, cocamidopropyl betaine, hydrolyzed silk, parfum, butylène glycol, hydrogenated castor oil, salicylic acid, laurdimonium hydroxypropyl hydrolyzed wheat protein, sericin, panthenol, hydrolyzed wheat protein, mica, glycerin, limonene, potassium sorbate, phenoxyethanol, hexyl cinnamal, formic acid, citronellol, coumarin, methylparaben, sodium acétate, linalool, Cl 77891., A utiliser dans les 12 mois après ouverture.]|"
10,29€ / Pce"|"
10,29 €"
3250|Châtain 724, crème colorante durable, couleur soie, toucher velours|La boîte de 145,5ml|[Origine : ALLEMAGNE, La qualité professionnelle à domicile : experts du cheveu depuis plus de 100 ans, les professionnels Schwarzkopf mettent toute leur expertise à votre service, pour que vous puissiez utiliser chez vous des colorations de qualité professionnelle. La performance couleur : les colorations Schwarzkopf sont formulées à partir de pigments de haute qualité qui rendent votre couleur naturelle, intense et très longue durée. Le respect du cheveu : les colorations Schwarzkopf sont particulièrement douces etcontiennent des ingrédients de soin actifs qui protègent votre fibre capillaire pour des cheveux souples et soyeux., La praticité d'utilisation : tous les produits Schwarzkopf ont été conçus pour être utilisés facilement à domicile.  Attention : contient de l'eau oxygénée. Peut provoquer une réaction allergique. Éviter le contact du produit avec les yeux. Rincer immédiatement les yeux si le produit entre en contact avec ceux-ci. Ne pas employer pour la coloration des cils et des sourcils. Bien rincer les cheveux après application. Porter des gants appropriés. Garder hors de la portée des enfants. Se conformerà la notice. Les colorants pour cheveux peuvent provoquer des réactions allergiques qui peuvent être graves dans de rares cas. Les tatouages peuvent accroître le risque d'allergie à ce produit. Effectuez un test de sensibilité de la peau 48heures avant l'utilisation de cette coloration, même si vous avez déjà utilisé des produits de coloration avant. Ainsi il est préférable d'acheter le produit 48 heures à l'avance. A ne pas utiliser si vous avez déjà eu une réaction à des produits de coloration. Votre cuir chevelu est sensible, irrité ou s'il présente des lésions. Dans ces cas-là, consultez un médecin avant d'utiliser tout produit colorant. Lisez et suivez attentivement les instructions dans le mode d'emploi du produit. ce produit n'est pas destiné à être utilisé sur des enfants., Crème colorante : aqua, cetearyl alcohol, ammonium hydroxide, coconut alcohol, sodium laureth-6-carboxylate, sodium myreth sulfate, coco-glucoside, acrylamidopropyltrimonium chloride/acrylates copolymer, ammonium sulfate, ceteareth-12, ceteareth-20,glyceryl oleate, sodium silicate, sodium sulfite, etidronic acid, ascorbic acid, parfum, (+/- toluene-2.5-diamine sulfate, tetraaminopyrimidine sulfate, 4-amino-m-cresol, hydroxyethyl-p-phenylenediamine sulfate, resorcinol, 2-methylresorcinol, 4-chlororesorcinol, 2-amino-3-hydroxypyridine, 2-amino-4-hydroxyethylaminoanisole sulfate, 1.3-bis-(2.4-diaminophenoxy)-propane hci, 6-methoxy-2-methylamino-3-aminopyridine hcl, 5-amino-6-chloro-0-cresol, m-aminophenol, 4-amino-2-hydroxytoluene, 2.7-naphthalenediol, hydroxyethyl-2-nitro-p-toluidine, 2-amino-6-chloro-4-nitrophenol, 2.4-diaminophenoxyethanol hcl, 1-hydroxyethyl 4.5-diaminopyrazole sulfate, 2.2'-methylenebis-4-aminophenol hcl, 1.5-naphthalenediol). Emulsion révélatrice : aqua, hydrogen peroxide, acrylates copolymer, etidronic acid, sodium laureth sulfate, 2.6-dicarboxypyridine, disodium pyrophosphate, dimethicone. Baume soin réparateur : aqua, quaternium-87, cetearyl alcohol, propylene glycol, isopropyl myristate, distearoylethyl hydroxyethylmonium methosulfate, sodium pca, citric acid, phenoxyethanol, stearamidopropyl dimethylamine, parfum, polyquaternium-37, ceteareth-20, glyceryl stearate, sodium methylparaben, propylene glycol dicaprylate/dicaprate, prunus armeniaca, laurdimonium hydroxypropyl hydrolyzed wheat protein, panthenol, ppg-1trideceth-6, citronellol. Soie liquide : aqua, sodium laureth sulfate, disodium cocoamphodiacetate, peg-7 glyceryl cocoate, glycol 1 distearate, sodium chloride, laureth-4, citric acid, polyquaternium-10, sodium benzoate, cocamidopropyl betaine, hydrolyzed silk, parfum, hydrogenated castor oil, salicyl acid, laurdimonium hydroxypropyl hydrolyzed wheat protein, sericin, panthenol, hydrolyzed wheat protein, mica, ethanolamine, glycerin, limonene, sorbic acid, phenoxyethanol, hexyl cinnamal, formic acid, citronellol, coumarin, methylparaben, linalool, Cl17200, Cl77891.]|"
10,29€ / Pce"|"
10,29 €"
3251|Chatain cuivre R3, Kit racines coloration permanente|La boite de 22ml|[Origine : ALLEMAGNE, Coloration permanente pour retoucher les tempes, les racines et autres zones de repousse des cheveux., Versez la crème colorante et l'émulsion révélatrice dans la barquette. Mélangez jusqu'à l'obtention d'une consistance homogène. Appliquez le mélange sur les racines et le long des contours du visage. Après le temps de pose, rincez abondamment. Les colorants capillaires peuvent provoquer des réactions allergiques sévères. Lire et suivre les instructions. Ce produit nest pas destiné à être utilisé sur les personnes de moins de 16 ans. Les tatouages temporaires noirs à base de henné peuvent augmenter le risque dallergie. Ne vous colorez pas les cheveux si vous présentez une éruption cutanée sur le visage ou si votre cuir chevelu est sensible, irrité ou abîmé. Si vous avez déjà fait une réaction après avoir coloré vos cheveux. Si vous avez fait par le passé une réaction à un tatouage temporaire noir à base de henné. Contient du peroxyde dhydrogène, des phénylènediamines (toluènediamines) et de la résorcine. Eviter le contact du produit avec les yeux. Rincer immédiatement les yeux si leproduit entre en contact avec ceux-ci. Ne pas utiliser pour teindre les cils ou les sourcils. Bien rincer les cheveux après application. Porter des gants appropriés. Effectuez un test dalerte allergie 48h avant toute application dune coloration, même si vous avez déjà utilisé des produits de coloration auparavant. Pensez donc à acheter le produit 48h à lavance. En cas de précédente réaction à un produit de coloration ou en cas de doute, consultez un médecin avant dutiliser tout produit color]|"
8,85€ / Pce"|"
8,85 €"
3252|Crème colorante durable, couleur soie, toucher velours, 704 blond très clair|La boîte de 142,7 ml|[Origine : ALLEMAGNE, Découvrez le nouveau Soyance à la soie et au Q10, une coloration permanente aussi douce pour vos cheveux qu'une coloration ton sur ton, pour une couleur riche, longue durée avec jusqu'à -20% de cheveux fragilisés et toujours 100% de couverture des cheveux blancs., Crème colorante : aqua, cetearyl alcohol, ammonium hydroxide, coconut alcohol, sodium laureth-6-carboxylate, sodium myreth sulfate, serine, ammonium sulfate, acrylamidopropyltrimonium chloride/acrylates copolymer, coco-glucoside, ceteareth-12, ceteareth-20, glyceryl oleate, sodium sulfite, sodium silicate, etidronic acid, ascorbic acid, toluene-2.5-diamine sulfate, 4-amino-m-cresol, 4-chlororesorcinol, resorcinol, m-aminophenol, parfum. Emulsion révélatrice : aqua, hydrogen peroxide, acrylates copolymer, etidronic acid, sodium laureth sulfate, 2.6-dicarboxypyridine, disodium pyrophosphate, dimethicone. Baume soin réparateur : aqua, cetearyl alcohol, quaternium-27, isopropyl myristate, propylene glycol, distearoylethyl hydroxyethylmonium methosulfate, citric acid, phenoxyethanol, stearamidopropyl dimethylamine, parfum, ceteareth-20, glyceryl stéarate, sodium methylparaben, niacinamide, panthenol, linalool, ubiquinone. Soie liquide : aqua, sodium laureth sulfate, disodium cocoamphodiacetate, peg-7 glyceryl cocoate, glycol distearate, sodium chloride, laureth-4, polyquaternium-10, sodium benzoate, cocamidopropyl betaine, hydrolyzed silk, parfum, butylène glycol, hydrogenated castor oil, salicylic acid, laurdimonium hydroxypropyl hydrolyzed wheat protein, sericin, panthenol, hydrolyzed wheat protein, mica, glycerin, limonene, potassium sorbate, phenoxyethanol, hexyl cinnamal, formic acid, citronellol, coumarin, methylparaben, sodium acetate, linalool, Cl77891., Une utilisation facile et sûre : videz le contenu du tube de soie liquide et de la crème soin colorante dans le flacon d'émulsion révélatrice. Agitez vigoureusement et appliquez immédiatement sur cheveux secs. Le mélange s'applique facilement et ne coule pas. Rincez abondamment la coloration après 30 minutes. Laissez ensuite poser le baume soin réparateur au Q10 pendant 2 minutes puis rincer abondamment. Attention : contient de l'eau oxygénée, des diaminotoluènes et de la résorcine. Peut provoquer une réaction allergique. Eviter le contact du produit avec les yeux. Rincer immédiatement les yeux si le produit entre en contact avec ceux-ci. Ne pas employer pour la coloration des cils et des sourcils. Bien rincer les cheveux après application.Porter des gants appropriés. Garder hors de la portée des enfants. Se conformer à la notice. Les colorants pour cheveux peuvent provoquer des réactions allergiques qui peuvent être graves dans de rares cas. Les tatouages peuvent accroître le risqued'allergie à ce produit. Effectuez un test de sensibilité de la peau 48 heures avant l'utilisation de cette coloration, même si vous avez déjà utilisé des produits de coloration avant. Ainsi il est préférable d'acheter le produit 48 heures à l'avance. A ne pas utiliser si : vous avez déjà eu une réaction à des produits de coloration,  votre cuir chevelu est sensible, irrité ou s'il présente des lésions. Dans ces cas-là, consultez un médecin avant d'utiliser tout produit colorant. Lisez et suivez, A utiliser dans les 12 mois après ouverture.]|"
10,29€ / Pce"|"
10,29 €"
3253|Kit racines, nuances châtain clair à châtain, coloration permanente, s'adapte à toutes les colorations, en seulement 10min.|La boîte de 22ml|[Origine : ALLEMAGNE, Avec Soyance Kitracines de Schwarzkopf, vous pouvez retoucher vos racines entre deux colorations, en seulement 10 minutes !Pour 100% de retouche des cheveux blancs et un résultat qui s'accorde avec votre couleur actuelle., S'adapte à toutes les colorations. Attention : contient de l'eau oxygénée, des diaminotoluènes et de la résorcine. Peut provoquer une réaction allergique. Eviter le contact du produit avec les yeux. Rincer immédiatement les yeux si le produit entre en contact avec ceux-ci. Ne pas employer pour la coloration des cils et des sourcils. Bien rincer les cheveux après application. Porter des gants appropriés. Garder hors de la portée des enfants. Se conformer à la notice. Les colorants pour cheveux peuvent provoquer des réactions allergiques qui peuvent être graves dans de rares cas. Les tatouages peuvent accroître le risque d'allergie à ce produit. Effectuez un test de sensibilité de la peau 48 heures avant l'utilisation de cette coloration, même si vous avez déjà utilisé des produits de coloration avant. Ainsi il est préférable d'acheter le produit 48 heures à l'avance. A ne pas utiliser si : vous avez déjà eu une réaction à des produits de coloration, votre cuir chevelu est sensible, irrité ou s'il présente des lésions. Dans ces cas-là, consultez un médecin avant d'utiliser tout produit colorant. lisez et suivez attentivement les instructions dans le mode d'emploi du produit. Ce produit n'est pas destiné à être utilisé sur des enfants., Crème colorante : aqua, cetearyl alcohol, ammonium hydroxide, coconut alcohol, sodium laureth-6 carboxylate, sodium myreth sulfate, toluène- 2.5-diamine sulfate, acrylamidopropyltrimonium chloride/acrylates copolymer, coco-glucoside, potassium hydroxide, glyceryl oleate, ceteareth-12, ceteareth-20, ammonium sulfate, sodium sulfite, resorcinol, parfum, sodium silicate, etidronic acid, ascorbic acid, citric acid, m-aminophenol, 4-chlororesorcinol, sodium chloride, 2.7-naphthalenediol, 2-methylresorcinol, 2-amino-4-hydroxyethylaminoanisole sulfate. Emulsion révélatrice : aqua, hydrogen peroxide, cetyl alcohol, acrylates copolymer, sodium coceth- 30 sulfate, ceteareth-20, etidronic acid, 2.6-dicarboxypyridine, disodium pyrophosphate.]|"
8,45€ / Pce"|"
8,45 €"
3254|Kit racines, nuances châtain doré, coloration permanente, tou toutes colorations, en seulement 10min.|La boîte de 22ml|[Origine : ALLEMAGNE, Pour chaque coloration, un kit racines adapté : les professionnels Schwarzkopf ont mis toute leur expertise du cheveu à votre service pour développer le nouveau Soyance Kit racines: la 1ère coloration permanente Schwarzkopf qui apporte une solution àla repousse des racines entre deux colorations, en 10 minutes seulement. Soyance Kit racines s'adapte à toutes les colorations: le système color-adapt vous permet de trouver systématiquement la nuance adaptée, quelle que soit la coloration que vousayez utilisée avant., Peut provoquer une réaction allergique.Éviter le contact du produit avec les yeux.Rincer immédiatement les yeux si le produit entre en contact avec ceux-ci. Ne pas employer pour la coloration des cils et des sourcils.Bien rincer les cheveux après application. Porter des gants appropriés.Garder hors de la portée des enfants.Se conformer à la notice. Les colorants pour cheveux peuvent provoquer des réactions allergiques qui peuvent être graves dans de rares cas. Les tatouages peuvent accroître lerisque d'allergie à ce produit. Effectuez un test de sensibilité de la peau 48 heures avant l'utilisation de cette coloration, même si vous avez déjà utilisé des produits de coloration avant. Ainsi il est préférable d'acheter le produit 48 heures à l'avance. A ne pas utiliser si vous avezdéjà eu une réaction à des produits de coloration, votre cuir chevelu est sensible, irrité ou s'il présente des lésions. Dans ces cas-là, consultez un médecin avant d'utiliser tout produit colorant.Lisez et suivez attentivement les instructions dans le mode d'emploi du produit. Ce produit n'est pas destiné à être utilisé sur des enfants., crème colorante : aqua, cetearyl alcohol, ammonium hydroxide, sodium laureth-6-carboxylate, coconut alcohol, sodium myreth sulfate, coco-glucoside, ammonium sulfate, potassium hydroxide, acrylamidopropyltrimonium chloride/acrylates copolymer, ceteareth-12, ceteareth-20, glyceryl oleate, sodium sulfite, ascorbic acid, etidronic acid, sodium silicate, parfum (+/- toluene-2.5-diamine sulfate, tetraaminopyrimidine sulfate, 1-hydroxyethyl 4.5-diamino pyrazole sulfate, 4-amino-m-cresol, 2.2'-methylenebis-4-aminophenol hcl, 1.3-bis-(2.4-diamino phenoxy) propane hcl, 2-amino-4-hydroxyethylaminoanisole sulfate, 2.4-diaminophenoxyethanol hcl, m-aminophenol, 4-amino-2-hydroxytoluene, 5-amino-6-chloro-0-cresol, 2-amino-3-hydroxypyridine, resorcinol, 2-methylresorcinol, 4-chlororesorcinol 2.7-naphthalenediol, 6-methoxy-2-methylamino-3-aminopyridine hcl, 1.5-naphthalenediol, hydroxyethyl-p-phenylenediamine sulfate, hydroxyethyl-2-nitro-p-toluidine, 2-amino-6-chloro-4-nitrophenol, 4-amino-3-nitrophenol, 4-hydroxypropylamino-3-nitrophenol. Emulsion révélatrice : aqua, hydrogen peroxide, cetyl alcohol, acrylates copolymer, sodium coceth-30 sulfate, ceteareth-20, etidronic acid 2.6-dicarboxypyridine, disodium pyrophosphate.]|"
8,45€ / Pce"|"
8,45 €"
3255|Kit racines, nuances de châtain foncé, toutes colorations permanentes|La boîte de 22ml|[Origine : ALLEMAGNE, Avec Soyance Kitracines de Schwarzkopf, vous pouvez retoucher vos racines entre deux colorations, en seulement 10 minutes !Pour 100% de retouche des cheveux blancs et un résultat qui s'accorde avec votre couleur actuelle., S'adapte à toutes les colorations. Attention : contient de l'eau oxygénée, des diaminotoluènes et de la résorcine. Peut provoquer une réaction allergique. Eviter le contact du produit avec les yeux. Rincer immédiatement les yeux si le produit entre en contact avec ceux-ci. Ne pas employer pour la coloration des cils et des sourcils. Bien rincer les cheveux après application. Porter des gants appropriés. Garder hors de la portée des enfants. Se conformer à la notice. Les colorants pour cheveux peuvent provoquer des réactions allergiques qui peuvent être graves dans de rares cas. Les tatouages peuvent accroître le risque d'allergie à ce produit. Effectuez un test de sensibilité de la peau 48 heures avant l'utilisation de cette coloration, même si vous avez déjà utilisé des produits de coloration avant. Ainsi il est préférable d'acheter le produit 48 heures à l'avance. A ne pas utiliser si : vous avez déjà eu une réaction à des produits de coloration, votre cuir chevelu est sensible, irrité ou s'il présente des lésions. Dans ces cas-là, consultez un médecin avant d'utiliser tout produit colorant. lisez et suivez attentivement les instructions dans le mode d'emploi du produit. Ce produit n'est pas destiné à être utilisé sur des enfants., Crème colorante : aqua, cetearyl alcohol, ammonium hydroxide, coconut alcohol, sodium laureth-6 carboxylate, sodium myreth sulfate, toluène-2.5-diamine sulfate, acrylamidopropyltrimonium chloride/acrylates copolymer, potassium hydroxide, coco-glucoside, resorcinol, glyceryl oleate, ceteareth-12, ceteareth-20, sodium sulfite, parfum, m-aminophenol, ammonium sulfate, sodium silicate, etidronic acid, ascorbic acid, citric acid, sodium chloride, 2-amino-4-hydroxyethylaminoanisole sulfate. Emulsion révélatrice : aqua, hydrogen peroxide, cetyl alcohol, acrylates copolymer, sodium coceth-30 sulfate, ceteareth-20, etidronic acid, 2.6-dicarboxypyridine, disodium pyrophosphate.]|"
8,45€ / Pce"|"
8,45 €"
3256|Kitracines pour les nuances noir, coloration permanente, s'adapte à toutes les colorations, en seulement 10min.|La boîte de 22ml|[Origine : ALLEMAGNE, Pour chaque coloration, un kit racines adapté : les professionnels Schwarzkopf ont mis toute leur expertise du cheveu à votre service pour développer le nouveau Soyance Kitracines : la 1ère coloration permanente Schwarzkopf qui apporte une solution àla repousse des racines entre deux colorations, en 10 minutes seulement. Soyance Kitracines s'adapte à toutes les colorations : le système color-adapt vous permet de trouver systématiquement la nuance adaptée, quelle que soit la coloration que vousayez utilisée avant., Peut provoquer une réaction allergique;Éviter le contact du produit avec les yeux;Rincer immédiatement les yeux si le produit entre en contact avec ceux-ci.;Ne pas employer pour la coloration des cils et des sourcils;Bien rincer les cheveux après application.;Porter des gants appropriés;Garder hors de la portée des enfants;Se conformer à la notice.;Les colorants pour cheveux peuvent provoquer des réactions allergiques qui peuvent être graves dans de rares cas.;Les tatouages peuvent accroître lerisque d'allergie à ce produit.;Effectuez un test de sensibilité de la peau 48 heures avant l'utilisation de cette coloration, même si vous avez déjà utilisé des produits de coloration avant.;Ainsi il est préférable d'acheter le produit 48 heures à l'avance;A ne pas utiliser si vous avez déjà eu une réaction à des produits de coloration, votre cuir chevelu est sensible, irrité ou s'il présente des lésions.;Dans ces cas-là, consultez un médecin avant d'utiliser tout produit colorant;Lisez et suivez attentivement les instructions dans le mode d'emploi du produit.;Ce produit n'est pas destiné à être utilisé sur des enfants., Crème colorante : aqua, cetearyl alcohol, ammonium hydroxide, sodium laureth-6-carboxylate, coconut alcohol, sodium myreth sulfate, coco-glucoside, ammonium sulfate, potassium hydroxide, acrylamidopropyltrimonium chloride/acrylates copolymer, ceteareth-12, ceteareth-20, glyceryl oleate, sodium sulfite, ascorbic acid, etidronic acid, sodium silicate, parfum (+/- toluene-2.5-diamine sulfate, tetraaminopyrimidine sulfate, 1-hydroxyethyl 4.5-diamino pyrazole sulfate, 4-amino-m-cresol, 2.2'-methylenebis-4-aminophenol hcl, 1.3-bis-(2.4-diamino phenoxy) propane hcl, 2-amino-4-hydroxyethylaminoanisole sulfate, 2.4-diaminophenoxyethanol hcl, m-aminophenol, 4-amino-2-hydroxytoluene, 5-amino-6-chloro-0-cresol, 2-amino-3-hydroxypyridine, resorcinol, 2-methylresorcinol, 4-chlororesorcinol 2.7-naphthalenediol, 6-methoxy-2-methylamino-3-aminopyridine hcl, 1.5-naphthalenediol, hydroxyethyl-p-phenylenediamine sulfate, hydroxyethyl-2-nitro-p-toluidine, 2-amino-6-chloro-4-nitrophenol, 4-amino-3-nitrophenol, 4-hydroxypropylamino-3-nitrophenol. Emulsion révélatrice : aqua, hydrogen peroxide, cetyl alcohol, acrylates copolymer, sodium coceth-30 sulfate, ceteareth-20, etidronic acid 2.6-dicarboxypyridine, disodium pyrophosphate.]|"
8,45€ / Pce"|"
8,45 €"
3257|Noir 725, crème colorante durable, couleur soie, toucher velours|La boîte de 145,5ml|[Origine : ALLEMAGNE, La qualité professionnelle à domicile : experts du cheveu depuis plus de 100 ans, les professionnels Schwarzkopf mettent toute leur expertise à votre service, pour que vous puissiez utiliser chez vous des colorations de qualité professionnelle. La performance couleur : les colorations Schwarzkopf sont formulées à partir de pigments de haute qualité qui rendent votre couleur naturelle, intense et très longue durée. Le respect du cheveu : les colorations Schwarzkopf sont particulièrement douces etcontiennent des ingrédients de soin actifs qui protègent votre fibre capillaire pour des cheveux souples et soyeux., La praticité d'utilisation : tous les produits Schwarzkopf ont été conçus pour être utilisés facilement à domicile.  Attention : contient de l'eau oxygénée. Peut provoquer une réaction allergique. Éviter le contact du produit avec les yeux. Rincer immédiatement les yeux si le produit entre en contact avec ceux-ci. Ne pas employer pour la coloration des cils et des sourcils. Bien rincer les cheveux après application. Porter des gants appropriés. Garder hors de la portée des enfants. Se conformerà la notice. Les colorants pour cheveux peuvent provoquer des réactions allergiques qui peuvent être graves dans de rares cas. Les tatouages peuvent accroître le risque d'allergie à ce produit. Effectuez un test de sensibilité de la peau 48heures avant l'utilisation de cette coloration, même si vous avez déjà utilisé des produits de coloration avant. Ainsi il est préférable d'acheter le produit 48 heures à l'avance. A ne pas utiliser si vous avez déjà eu une réaction à des produits de coloration. Votre cuir chevelu est sensible, irrité ou s'il présente des lésions. Dans ces cas-là, consultez un médecin avant d'utiliser tout produit colorant. Lisez et suivez attentivement les instructions dans le mode d'emploi du produit. ce produit n'est pas destiné à être utilisé sur des enfants., Crème colorante : aqua, cetearyl alcohol, ammonium hydroxide, coconut alcohol, sodium laureth-6-carboxylate, sodium myreth sulfate, coco-glucoside, acrylamidopropyltrimonium chloride/acrylates copolymer, ammonium sulfate, ceteareth-12, ceteareth-20,glyceryl oleate, sodium silicate, sodium sulfite, etidronic acid, ascorbic acid, parfum, (+/- toluene-2.5-diamine sulfate, tetraaminopyrimidine sulfate, 4-amino-m-cresol, hydroxyethyl-p-phenylenediamine sulfate, resorcinol, 2-methylresorcinol, 4-chlororesorcinol, 2-amino-3-hydroxypyridine, 2-amino-4-hydroxyethylaminoanisole sulfate, 1.3-bis-(2.4-diaminophenoxy)-propane hci, 6-methoxy-2-methylamino-3-aminopyridine hcl, 5-amino-6-chloro-0-cresol, m-aminophenol, 4-amino-2-hydroxytoluene, 2.7-naphthalenediol, hydroxyethyl-2-nitro-p-toluidine, 2-amino-6-chloro-4-nitrophenol, 2.4-diaminophenoxyethanol hcl, 1-hydroxyethyl 4.5-diamino pyrazole sulfate, 2.2'-methylenebis-4-aminophenol hcl, 1.5-naphthalenediol) émulsion révélatrice : aqua, hydrogen peroxide, acrylates copolymer, etidronic acid, sodium laureth sulfate, 2.6-dicarboxypyridine, disodium pyrophosphate, dimethicone. Baume soin réparateur : aqua, quaternium-87, cetearyl alcohol, propylene glycol, isopropyl myristate, distearoylethyl hydroxyethylmonium methosulfate, sodium pca, citric acid, phenoxyethanol, stearamidopropyl dimethylamine, parfum, polyquaternium-37, ceteareth-20, glyceryl stearate, sodium methylparaben, propylene glycol, dicaprylate/dicaprate, prunus armeniaca, laurdimonium hydroxypropyl hydrolyzed wheat protein, panthenol, ppg-1trideceth-6, citronellol. Soie liquide : aqua, sodium laureth sulfate, disodium cocoamphodiacetate, peg-7 glyceryl cocoate, glycol 1 distearate, sodium chloride, laureth-4, citric acid,polyquaternium-10, sodium benzoate, cocamidopropyl betaine, hydrolyzed silk, parfum, hydrogenated castor oil, salicyl acid, laurdimonium hydroxypropyl hydrolyzed wheat protein, sericin, panthenol, hydrolyzed wheat protein, mica, ethanolamine, glycerin, limonene, sorbic acid, phenoxyethanol, hexyl cinnamal, formic acid, citronellol, coumarin, methylparaben, linalool, Cl17200, Cl77891.]|"
10,29€ / Pce"|"
10,29 €"
3258|Noisette 718, crème colorante durable, couleur soie, toucher velours|La boîte de 145,5ml|[Origine : ALLEMAGNE, La qualité professionnelle à domicile : experts du cheveu depuis plus de 100 ans, les professionnels Schwarzkopf mettent toute leur expertise à votre service, pour que vous puissiez utiliser chez vous des colorations de qualité professionnelle. La performance couleur : les colorations Schwarzkopf sont formulées à partir de pigments de haute qualité qui rendent votre couleur naturelle, intense et très longue durée. Le respect du cheveu : les colorations Schwarzkopf sont particulièrement douces etcontiennent des ingrédients de soin actifs qui protègent votre fibre capillaire pour des cheveux souples et soyeux., La praticité d'utilisation : tous les produits Schwarzkopf ont été conçus pour être utilisés facilement à domicile.  Attention : contient de l'eau oxygénée. Peut provoquer une réaction allergique. Éviter le contact du produit avec les yeux. Rincer immédiatement les yeux si le produit entre en contact avec ceux-ci. Ne pas employer pour la coloration des cils et des sourcils. Bien rincer les cheveux après application. Porter des gants appropriés. Garder hors de la portée des enfants. Se conformerà la notice. Les colorants pour cheveux peuvent provoquer des réactions allergiques qui peuvent être graves dans de rares cas. Les tatouages peuvent accroître le risque d'allergie à ce produit. Effectuez un test de sensibilité de la peau 48heures avant l'utilisation de cette coloration, même si vous avez déjà utilisé des produits de coloration avant. Ainsi il est préférable d'acheter le produit 48 heures à l'avance. A ne pas utiliser si vous avez déjà eu une réaction à des produits de coloration. Votre cuir chevelu est sensible, irrité ou s'il présente des lésions. Dans ces cas-là, consultez un médecin avant d'utiliser tout produit colorant. Lisez et suivez attentivement les instructions dans le mode d'emploi du produit. ce produit n'est pas destiné à être utilisé sur des enfants., Crème colorante : aqua, cetearyl alcohol, ammonium hydroxide, coconut alcohol, sodium laureth-6-carboxylate, sodium myreth sulfate, ammonium sulfate, acrylamidopropyltrimonium chloride/acrylates copolymer, coco-glucoside, ceteareth-12, ceteareth-20,glyceryl oleate, sodium sulfite, sodium silicate, etidronic acid, ascorbic acid, parfum [+/- toluene-2.5-diamine sulfate, tetraaminopyrimidine sulfate, 4-amino-m-cresol, hydroxy ethyl-p-phenylenediamine sulfate, resorcinol, 2-methylresorcinol, 4-chlororesorcinol, 2-amino-3-hydroxypyridine, 2-amino-4-hydroxyethylaminoanisole sulfate, 1l3-bis-(2.4-diaminophenoxy)-propane hci, 6-methoxy-2-methylamino-3-aminopyridine hci, 5-amino-6-chloro-o-cresol, m-aminophenol, 4-amino-2-hydroxytoluene, 2.7-naphthalenediol, hydroxyethyl-2-nitro-p-toluidine, 2-amino-6-chloro-4-nitrophenol, 2.4-diaminophenoxyethanol hci, 1-hydroxyethyl 4.5-diamino pyrazole sulfate, 2.2'-methylenebis-4-aminophenol hci, 1.5-naphthalenediol). Emulsion révélatrice : aqua, hydrogenperoxide, acrylates copolymer, etidronic acid, sodium laureth sulfate, 2.6-dicarboxypyridine, disodium pyrophosphate, dimethicone. Baume soin réparateur : aqua, quaternium-87, cetearyl alcohol, propylene glycol, isopropyl myristate, distearoylethyl hydroxyethylmonium methosulfate, sodium pca, citric acid, phenoxyethanol, stearamidopropyl dimethylamine, parfum, polyquaternium-37, ceteareth-20, glyceryl stéarate, sodium methylparaben, propylene glycol dicaprylate/dicaprate, prunus armeniaca kerneloil, laurdimonium hydroxypropyl hydrolyzed wheat protein, panthenol, ppg-1 trideceth-6, citronellol. Soie liquide : aqua, sodium laureth sulfate, disodium cocoamphodiacetate, peg-7 glyceryl cocoate, glycol distearate, sodium chloride, laureth-4, citric acid, polyquaternium-10, sodium benzoate, cocamidopropyl betaine, hydrolyzed silk, parfum, hydrogenated castor oil, salicyl acid, laurdimonium hydroxypropyl hydrolyzed wheat protein, sericin, panthenol, hydrolyzed wheat protein, mica, glycerin, limonene, sorbic acid, phenoxyethanol, hexyl cinnamal, formic acid, citronellol, coumarin, methylparaben, linalool, Cl17200, Cl77891.]|"
10,29€ / Pce"|"
10,29 €"
3259|Kit racines|L'unité|[Origine : ALLEMAGNE]|"
8,85€ / Pce"|"
8,85 €"
3260|Masque intensif, Soin à rincer|Le pot de 250ml|[Origine : FRANCE, Bien laver les cheveux avec le shampooing. Bien rincer. Appliquer une quantité généreuse sur toute la longueur des cheveux et masser doucement pour bien répartir. Pour une action immédiate, laisser agir pendant 2 min. Pour un soin plus intense, laisser agir pendant 5 à 7 min. Bien rincer., Aqua/water, cetearyl alcohol, paraffinum liquidum/mineral oil, peg-40 hydrogenated castor oil, cetrimonium chloride, polyquaternium-37, phenoxyethanol, propylène glycol dicaprylate/dicaprate, methylparaben, ppg-1 trideceth-6, hexyl cinnamal, butylphenyl methylpropional, benzyl salicylate, cl19140/yellow5, tocopheryl acétate, panthenol, cholesterol, cl47005/acid yellow 3, parfum/fragrance (fil D27722/1)., 12 mois après ouverture.]|"
15,64€ / L"|"
3,91 €"
3261|Kit défrisant, Relaxer|Kit|[Origine : FRANCE, Notre 1er kit défrisant avec une crème sans soude pré-mélangée conçue pour préserver d'une manière unique l'intégralité de la fibre capillaire. Découvrez notre rituel régénérant composé de formules uniques pour des cheveux soyeux, brillants et rayonnants de santé., Ce kit convient aussi bien aux cheveux normaux qu'épais, il vous suffit d'adapter le temps de pause (voir notice). Ce kit permet 1 application tête entière ou 2 applications retouches. Ne pas utiliser chez l'enfant. Utiliser uniquement sur cheveux crépus de types africains ou antillais. Ce produit peut ne pas être adapté à tous types de cheveux : il est impératif de faire une mèche test avant application. Utiliser la force du défrisant adapté à votre nature de cheveux. Ne pas utiliser sur des cheveux décolorés, méchés, traités avec du henné ou des sels métalliques, permanentés, lissés ou défrisés avec un produit thiolé tels que les produits à base de thioglycolate, thiolactate, cystéine, cystéamine, sulfite, pour éviter perte ou casse de cheveux. Ne pas utiliser sur des cheveux abîmés ou des cheveux fragilisés par des colorations successives. Attendre 15 jours après une coloration pour effectuer le défrisage. Ne pas utiliser si le cuir chevelu est irrité ou abîmé. Pour plus de confortlors du défrisage, il est recommandé d'utiliser une crème de protection adaptée. Lire attentivement la notice avant utilisation et suivre les instructions : une mauvaise utilisation pourrait causer de graves lésions des yeux et de la peau, et entraîner une perte de cheveux irréversible. A tenir hors de la portée des enfants. Contient un agent alcalin/alcali. Porter les gants fournis dans l'étui pendant toute la durée du défrisage et du rinçage. Eviter le contact avec les yeux. Peut rendre aveugl, Gel protecteur du cheveu (2x10 ml) : paraffinum liquidum/mineral oil, diethylhexyl maleate, hydrogenated styrene/isoprene copolymer, isopropyl myristate, hydrogenated styrene/butadiène copolymer, phyllanthus emblica fruit extract (FIL D55193/1). Crème défrisante pré-mélangée et sans soude force moyenne (255 ml) : aqua/water, paraffinum liquidum/mineral oil, cetearyl alcohol, paraffin, cera microcristallina/microcrystalline was, polysorbate 60, butylène glycol, hexylene glycol, lithium hydroxide,peg-75 lanolin, oleth-10, cocamidopropyl betaine, parfum/fragrance, cocos nucifera oil/coconut oil, phyllanthus emblica fruit extract (FIL D55337/1). Shampooing neutralisant nourrissant (60 ml) : aqua/water, cocamidopropyl betaine, sodium laureth sulfate, cocamide mea, polysorbate 20, sodium chloride, parfum/fragrance, phenoxyethanol, polyquaternium-7, ppg-5-ceteth-10 phosphate, potassium sorbate, peg/ppg/poly butylène glycol-8/5/3 glycerin, citric acid, benzyl salicylate, disodium edta, benzylalcohol, sodium benzoate, hexyl cinnamal, phenolsulfonphthalein, phyllanthus emblica fruit extract, sodium hydroxide (FIL D55089/1). Masque fondant repulpant (2x10 ml) : aqua/water, glycerin, cetearyl alcohol, polyquaternium-37, propylene glycol, dicaprylate/dicaprate, phenoxyethanol, behentrimonium methosulfate, parfum/fragrance, amodimethicone, ppg-1 trideceth-6, stearyl dimethicone, benzyl salicylate, chlorhexidine dihydrochloride, trideceth-6, benzyl alcohol, hexyl cinnamal, cetrimonium chloride, Cl 19140/yellow 5, Cl 15985/yellow 6, phyllanthus emblica fruit extract (FIL D55086/1). Lotion soin (2x7,5 ml) : aqua/water, paraffinum liquidum/mineral oil, glycerin, cera microcristallina/microcrystalline wax, cetearyl alcohol, paraffin, peg-100 stearate, glyceryl stearate, parfum/fragrance, phenoxyethanol, polysorbate 60, xanthan gum, dimethicone, panthenol, benzyl salicylate, benzyl alcohol, hexyl cinnamal, 2-oleamido-1,3-octadecanediol, methylisothiazolinone, Cl 19140/yellow 5, limonene, Cl 15985/yellow 6, phyllanthus emblica fruit extract (FIL D55208/1)., 12 mois après ouverture. Conserver dans un endroit frais et sec.]|"
8,85€ / Pce"|"
8,85 €"
3262|Kit défrisant pour enfant, sans soude, cheveux normaux|Le kit|[Origine : FRANCE, Lissage optimal. Nutrition intense. Résultat optimal. Soin protecteur, aide à protéger le cuir chevelu., Veuillez respecter chaque étape de défrisage, sous peine d'abîmer les cheveux ou de les perdre : gel protecteur, crème défrisante, activateur crème, shampooing, démêlant. Ne convient aux enfants de moins de 10 ans. Utiliser uniquement sur cheveux crépus de type africain ou antillais. Pour éviter perte, casse de cheveux, brûlures ou lésions cutanées, ne pas utiliser sur des cheveux permanentés, lissés ou défrisés avec un produit thiolé. Pour éviter perte, casse de cheveux, brûlures ou lésions cutanées, ne pas utiliser sur des cheveux décolorés, méchés ou traités avec du henné ou des sels métalliques. Ne pas utiliser sur des cheveux abîmés ou des cheveux fragilisés par des colorations successives. Ne pas utiliser si le cuir chevelu est irritéou abîmé. Utiliser la force du défrisant adaptée à la nature de cheveux de votre enfant. Lire attentivement la notice avant utilisation. A tenir hors de portée des enfants. Contient un agent alcalin/alcali. Porter les gants fournis dans l'étui pendant toute la durée du défrisage. Eviter le contact avec les yeux. Peut rendre aveugle., Gel protecteur : paraffinum liquidum/mineral oil, diethylhexyl maleate, silica, isopropyl myristate, hydrogenated butylene/ethylene/styrene copolymer, hydrogenated ethylene/propylene/styrene copolymer, butylparaben. (F.I.L. D5281/2). Crème défrisantecheveux normaux : aqua/water, paraffinum liquidum/mineral oil, cetearyl alcohol, guanidine carbonate, paraffin, cera microcristallina/microcrystalline wax, peg-75 lanolin, behentrimonium methosulfate, polyquaternium-6, cocamidopropyl betaine, parfum/fragrance, propylene glycol, Cl 15510/orange 4, denatonium benzoate. (F.I.L. D39996/1). Activateur crème : propylene glycol, calcium hydroxide, silica, Cl 77891/titanium dioxide. (F.I.L. D11159/1). Shampooing neutralisant color signal : aqua/water,cocamidopropyl betaine, sodium laureth sulfate, polysorbate 20, cocamide mea, phenoxyethanol, parfum/fragrance, methylparaben, potassium sorbate, polyquaternium-7, citric acid, hydroxypropyltrimonium honey, sodium pca, disodium edta, phenolsulfonphthalein, sodium hydroxide. (F.I.L. D34498/1). Soin anti-noeuds : aqua/water, oleth-20, dimethicone peg-7 cocoate, polyquaternium-22, peg-12 dimethicone, parfum/fragrance, phenoxyethanol, methylparaben, disodium edta, polyquaternium-11, tocopheryl acetate, cocos nucifera/coconut oil, panthenol, silybum marianum ethyl ester (F.I.L. D35128/1)., 12 mois après ouverture.]|"
8,50€ / Pce"|"
8,50 €"
3263|Moyen, Système défrisant hydratant, sans soude, brillance et vitalité, une application ou 2 retouches|La boîte de 350g|[Origine : AFRIQUE, Riche en éléments naturels et polymères corporisants, le nouveau système défrisant sans soude Dark and Lovely agit au coeur de la fibre capillaire. Sa formule hydra-nutritive laisse les cheveux parfaitement lisses et soyeux. Pleins de vitalité, ils n'ont jamais été aussi brillants !, Utiliser la force du défrisant adaptée à votre nature de cheveux : Moyen pour les cheveux normaux, et Ultra pour les cheveux épais ou résistants.; Ne convient pas aux enfants;Pour éviter perte, casse de cheveux, brûlures ou lésions cutanées, ne pas utiliser sur des cheveux permanentés, lissés ou défrisés avec un produit thiolé.;Pour éviter perte, casse de cheveux, brûlures ou lésions cutanées, ne pas utiliser sur des cheveux décolorés, méchés, ou traités avec du henné ou des sels métalliques.;Nepas utiliser sur des cheveux abîmés ou des cheveux fragilisés par des colorations successives.;Ne pas utiliser si le cuir chevelu est irrité ou abîmé.;Pour plus de confort lors du défrisage, il est conseillé d'utiliser une crème de protection.;Lireattentivement la notice avant utilisation.;A tenir hors de portée des enfants.;Porter les gants fournis dans l'étui pendant toute la durée du défrisage.;Eviter le contact avec les yeux.;Peut rendre aveugle., Crème défrisante moyen : aqua/water, petrolatum, paraffinum liquidum/mineral oil, guanidine carbonate, cetearyl alcohol, behentrimonium methosulfate, peg- 75 lanolin, polyquaternium-6, cocamidopropyl betaine, parfum/fragrance, propylene glycol, Cl15510/orange 4, succinic acid. D7705/2. Activateur crème : propylene glycol, calcium hydroxide, silica, Cl77891/titanium dioxide, D9664/1. Shampooing neutralisant color signal : aqua, cocamidopropyl betaine, sodium laureth sulfate, polysorbate 20, cocamide mea, phenoxyethanol, parfum/fragrance, methylparaben, potassium sorbate, polyquaternium-7, citric acid, sodium pca, disodium edta, hydroxypropyl trimonium honey, hexyl cinnamal, butylphenyl methylpropional, limonene, benzyl salicylate, hydroxyisohexyl 3-cyclohexene carboxaldehyde, phenolsulfonephthalein. D5312. Soin masque hydra-nutritif : aqua/water, cetearyl alcohol, paraffinum liquidum/mineral oil, peg-40 hydrogenated castor oil, dicetyldimonium chloride, polyquaternium-37, propylene glycol dicaprylate/dicaprate, propylene glycol, phenoxyethanol, ppg-1-trideceth-6, tocopheryl acétate, methylparaben, citric acid, sodium pca, hydroxypropyl trimonium honey, ethylparaben, butylparaben, hydroxyisohexyl 3-cyclohexene carboxaldehyde, hexylcinnamal, isobutylparaben, propylparaben, olea europaea/olive fruit oil, simmondsia chinensis/jojoba seed oil, butyrospermum parkii/shea butter, persea gratissima/avocado oil, panthenol, Cl19140/yellow 5, Cl14700/red 4, Cl17200/red 33, Cl42090/blue 1,parfum/fragrance. D5668/2.]|"
8,09€ / Pce"|"
8,09 €"
3264|Scalp sérum|La boite de 100ml|[Origine : FRANCE, Découvrez notre sérum régénérant unique contenant de l'huile indienne d'Amla légendaire pour des cheveux plus beaux, visiblement plus forts, épais et plus denses des racines aux pointes., Sur cheveu sec, appliquer directement sur le cuir chevelu avec le bec verseur et masser doucement, notamment sur les zones où les cheveux sont fragilisés. Appliquer une noisette sur les longueurs. Ne pas rincer. Procéder au coiffage. Utilisez quotidiennement jusqu'à obtenir le résultat souhaité. Pour des résultats durables, poursuivre l'application 3 fois par semaine., Aqua/water, glycerin, arginine, ppg-5-ceteth-20, citric acid, phenoxyethanol, parfum/fragrance, guar hydroxypropyltrimonium chloride, benzyl salicylate, chlorhexidine dihydrochloride, benzyl alcohol, hexyl cinnamal, 2-oleamido-1,3-octadecanediol, Cl19140/yellow 5, phyllanthus emblica fruit extract, Cl 14700/red 4, Cl 17200/red 33, Cl 42090/blue 1. (FIL D158220/1)., 12 mois après ouverture. Conserver dans un endroit frais et sec.]|"
35,17€ / L"|"
6,33 €"
3265|Système défrisant hydratant brillance et vitalité, super ultra|Le kit de 364ml|[Origine : AFRIQUE, Riche en éléments naturels et polymères corporisants, le nouveau système défrisant sans soude Dark and Lovely agit au coeur de la fibre capillaire. Sa formule hydra-nutritive laisse les cheveux parfaitement lisses et soyeux. Pleins de vitalité, ils n'ont jamais été aussi brillants !, Utiliser la force du défrisant adaptée à votre nature de cheveux: Moyen pour les cheveux normaux, et Ultra pour les cheveux épais ou résistants. Ne convient pas aux enfants. Pour éviter perte, casse de cheveux, brûlures ou lésions cutanées, ne pas utiliser sur des cheveux permanentes, lissés ou défrisés avec un produit thiolé.  Pour éviter perte, casse de cheveux, brûlures ou lésions cutanées, ne pas utiliser sur des cheveux décolorés, méchés, ou traités avec du henné ou des sels métalliques.  Ne pas utiliser sur des cheveux abîmés ou des cheveux fragilisés par des colorations successives. Ne pas utiliser si le cuir chevelu est irrité ou abîmé. Pour plus de confort lors du défrisage, il est conseillé d'utiliser une crème de protection. Lireattentivement la notice avant utilisation. A tenir hors de portée des enfants. Contient un agent alcalin. Porter les gants fournis dans l'étui pendant toute la durée du défrisage. Eviter le contact avec les yeux. Peut rendre aveugle., CREME DEFRISANTE ULTRA : Aqua/Water, Petrolatum, Paraffinum Liquidum/Mineral 0il, Guanidine Carbonate, Cetearyl Alcohol, Behentrimonium Methosulfate,  Polyquaternium-6, PEG-75 Lanolin, Cocamidopropyl Betaine, Parfum/Fragrance, Propylene Glycol, CI 15510/Orange 4, Succinic Acid. 07707/2. ACTIVATEUR DE CREME : Propylene Glycol, Calcium Hydroxide, Silica, CI 77891/Titanium Dioxide. D9664/1. SHAMPOOING NEUTRALISANT COLOR SIGNAL : Aqua/Water, Cocamidopropyl Betaine, Sodium Laureth Sulfate, Polysorbate 20, Cocamide MEA, Phenoxyethanol Parfum/fragrance, Methylparaben, Potassium Sorbate, Polyquaternium-7, Citric Acid, Sodium PCA, Disodium EDTA, Hydroxypropyl Trimonium Honey, Hexyl Cinnamal, Butylphenyl Methylpropional, Limonene, Benzyl Salicylate,Hydroxyisohexyl 3-Cyclohexene Carboxaldehyde, Phenolsulfonephthalein. D5312/2. SOIN MASQUE  HYDRA-NUTRITIF: Aqua/Water, Cetearyl Alcohol, Paraffinum Liquidum/Mineral Oil, PEG-40 Hydrogenated Castor Oil, Dicetyldimonium Chloride, Polyquaternium-37, Propylene Glycol Dicaprylate/Dicaprate, Propylene Glycol, Phenoxyethanol, PPG-1 -Trideceth-6, Tocopheryl Acetate, Methylparaben, Citric Acid, Sodium PCA, Hydroxypropyl Trimonium Honey, Ethylparaben, Butylparaben, Hydroxyisohexyl 3-Cyclohexene Carboxaldehyde, Hexyl Cinnamal Isobutylparaben, Propylparaben, Olea Europaea/Olive Fruit Oil, Simmondsia Chinensis/Jojoba Seed Oil, Butyrospermum Parkii/Shea Butter, Persea Gratissima/Avocado Oil, Panthenol, CI 19140/Yellow 5, CI 14700/Red 4, CI 17200/Red 33,CI 42090/Blue 1, Parfum/Fragrance, Après ouverture, à conserver pendant 12 mois]|"
7,51€ / Pce"|"
7,51 €"
3266|Résistant aux shampooings 6 semaines, Inspirée du lissage japonais|La boite de 140g|[Origine : FRANCE, Votre volume est parfaitement maîtrisé. Les boucles & frisures mal définies laissent place à un lissage au tombé raide, soyeux, impeccable. Vos cheveux restent lisses & déliés jusqu'à 6 semaines.Transformer durablement un volume indomptable ou des boucles et frisures irrégulières et mal définies, en cheveux parfaitement lisses et faciles à coiffer: c'est possible ! Inspiré des techniques de lissage professionnel, Jean Louis David crée la révolution dans l'univers du coiffage à domicile : le nouveau Kit de Lissage résistant aux shampooings 6 semaines permet une maîtrise durable du volume et une détente optimale des ondulations qui durent jusqu'à 6 semaines., 3 étapes faciles à faire soi-même à la maison : après avoir réalisé votre mèche test, séparez votre chevelure en 4 parties égales. 1 kit = 1 application. Sur cheveux humides, répartissez la crème lissante (1), à la main ou à l'aide d'un peigne en plastique, mèche à mèche, sur toute la longueur du cheveu. Laissez agir 30 mn puis rincez soigneusement. Sur cheveux humides, appliquez la crème fixatrice de lissage (2), en plaquant les cheveux avec les paumes de vos mains jusqu'aux pointes. Laissez agir 10mn. Rincez soigneusement. Appliquez le soin nutrition et brillance (3) des racines jusqu'aux pointes. Laissez agir 5mn. Rincez soigneusement. Ne pas utiliser chez l'enfant. Ce produit peut ne pas être adapté à tous types de cheveux : il est impératif de faire une mèche test avant application. Utiliser la force du produit adaptée à votre nature de cheveux. Pour une utilisation sur cheveux colorés, attendre au moins 15 jours après la coloration avant d'utiliser le défrisant et appliquer exclusivement la force cheveux sensibilisés Pour une utilisation sur cheveux traités au henné, réaliser impérativement une mèche test. Ne pas utiliser sur des cheveux décolorés, méchés à plus de 30 %, traités avec des sels métalliques, ne pas utiliser surdes cheveux défrisés avec une crème défrisante alcaline à base de sodium hydroxyde (soude) ou avec un produit sans soude, qu'il soit à base de potassium hydroxyde (potasse), de lithium hydroxyde (lithine), de guanidine carbonate ou de potassium ci, Crème lissante : aqua/water, cetearyl alcohol, ammonium thioglycolate, ammonium bicarbonate, oleth-30, diammonium dithiodiglycolate, ethanolamine, parfum/fragrance, ammonium lauryl sulfate, pentasodium pentetate (F.I.L. C46409/2). Crème fixatrice delissage : aqua/water, steareth-2, hydrogen peroxide, glycerin, behentrimonium chloride, isopropyl alcohol, tetrasodium etidronate, tetrasodium pyrophosphate, sodium salicylate, phosphoric acid, parfum/fragrance (F.I.L. C46900/1). Soin nutrition & brillance : aqua/water, cetearyl alcohol, paraffinum liquidum/mineral oil, glycerin, dipalmitoylethyl hydroxyethylmonium, methosulfate, cetyl esters, olea europaea oil/olive fruit oil, methylparaben, cetrimonium chloride, citric acid, persea gratissimaoil/avocado oil, butyrospermum parkii butter/shea butter, parfum/fragrance (F.I.L. C47619/1). Formulé sans formaldéhyde.]|"
70,80€ / L"|"
14,16 €"
3267|2 barrettes automatiques 5,5 cm|Le blister de 2 barrettes|[Origine : FRANCE]|"
3,08€ / Pce"|"
3,08 €"
3268|Bandeau fin double|La pièce|[Origine : FRANCE]|"
4,07€ / Pce"|"
4,07 €"
3269|Bandeau noir large basique|La pièce|[Origine : FRANCE]|"
4,07€ / Pce"|"
4,07 €"
3270|Barettes|Les 12 barrettes|[Origine : FRANCE]|"
3,19€ / Pce"|"
3,19 €"
3271|Barettes clic clac, 5cm|Les 8 pièces|[Origine : FRANCE]|"
3,40€ / Pce"|"
3,40 €"
3272|Barrettes|Les 8 barrettes|[Origine : FRANCE]|"
3,40€ / Pce"|"
3,40 €"
3273|Elastiques|Les 12 élastiques|[Origine : FRANCE]|"
3,66€ / Pce"|"
3,66 €"
3274|Elastiques|Les 20 élastiques|[Origine : FRANCE]|"
3,55€ / Pce"|"
3,55 €"
3275|Elastiques fins noirs x20|Le blister de 20 élastiques|[Origine : FRANCE]|"
3,55€ / Pce"|"
3,55 €"
3276|Elastiques larges x6|Le blister de 6 élastiques|[Origine : FRANCE, Couleurs assorties]|"
3,61€ / Pce"|"
3,61 €"
3277|Elastiques miracles|Le blister de 250 élastiques|[Origine : FRANCE]|"
3,50€ / Pce"|"
3,50 €"
3278|Elastiques moyens noirs x12|Le blister de 12 élastiques|[Origine : FRANCE]|"
3,66€ / Pce"|"
3,66 €"
3279|La pince|La pince|[Origine : FRANCE]|"
3,08€ / Pce"|"
3,08 €"
3280|La pince|La pince|[Origine : FRANCE]|"
3,81€ / Pce"|"
3,81 €"
3281|Pince 8 cm|Le blister de 1 pince|[Origine : FRANCE]|"
3,81€ / Pce"|"
3,81 €"
3282|Pince 9cm coloris assortis|La pièce|[Origine : FRANCE]|"
3,81€ / Pce"|"
3,81 €"
3283|Pince chignon|La pièce|[Origine : FRANCE]|"
4,94€ / Pce"|"
4,94 €"
3284|Pinces 1,5 cm 2X5|Le blister de 10 pinces|[Origine : FRANCE, Les 10 pinces assorties (5 noires/5 marrons)]|"
3,40€ / Pce"|"
3,40 €"
3285|Pinces 2 cm|Le blister de 10 pinces|[Origine : FRANCE, Marron]|"
4,43€ / Pce"|"
4,43 €"
3286|Pinces 5 cm|Le blister de 2 pinces|[Origine : FRANCE, Marron]|"
3,55€ / Pce"|"
3,55 €"
3287|Pinces à cheveux|Le blister de 4|[Origine : FRANCE]|"
3,45€ / Pce"|"
3,45 €"
3288|Pinces clic clac 7cm|Les 4 pinces|[Origine : FRANCE]|"
3,40€ / Pce"|"
3,40 €"
3289|Pinces clic-clac epoxy  7 cm|Le blister de 4 pinces|[Origine : FRANCE, Marron]|"
3,40€ / Pce"|"
3,40 €"
3290|Les minis pinces|Les 24 pinces|[Origine : FRANCE]|"
3,61€ / Pce"|"
3,61 €"
3291|Bigoudis thermiques, Diamètre 40mm|Le sachet de 4|[Origine : FRANCE, Les bigoudis thermiques Monoprix sont des bigoudis professionnels. Grâce à leur structure en alu la chaleur se répartit uniformément sur le bigoudi ce qui permet une meilleure tenue de la boucle., S'utilise sur cheveux secs ou mouillés avec un sèche-cheveux. Bien laisser refroidir les bigoudis avant de les enlever.]|"
185,45€ / Kg"|"
10,20 €"
3292|Brosse noire brushing ronde grand modèle|La brosse|[Origine : FRANCE, Retirer soigneusement les cheveux avec un peigne. Laver dans une eau tiède et savonneuse sans laisser tremper la brosse. Rincer à l'eau claire, bien secouer. Laisser sécher à l'air (jamais sur source de chaleur).]|"
5,67€ / Pce"|"
5,67 €"
3293|Brosse noire pneumatique ovale grand modèle|La brosse|[Origine : FRANCE, Retirer soigneusement les cheveux avec un peigne. Laver dans une eau tiède et savonneuse sans laisser tremper la brosse. Rincer à l'eau claire, bien secouer. Laisser sécher à l'air (jamais sur source de chaleur).]|"
11,23€ / Pce"|"
11,23 €"
3294|Brosse noire pneumatique ovale petit modèle|La brosse|[Origine : FRANCE, Retirer soigneusement les cheveux avec un peigne. Laver dans une eau tiède et savonneuse sans laisser tremper la brosse. Rincer à l'eau claire, bien secouer. Laisser sécher à l'air (jamais sur source de chaleur).]|"
9,79€ / Pce"|"
9,79 €"
3295|Brosse noire pneumatique ovale sanglier grand modèle|La brosse|[Origine : FRANCE, Retirer soigneusement les cheveux avec un peigne. Laver dans une eau tiède et savonneuse sans laisser tremper la brosse. Rincer à l'eau claire, bien secouer. Laisser sécher à l'air (jamais sur source de chaleur).]|"
12,26€ / Pce"|"
12,26 €"
3296|Brosse noire pneumatique ovale sanglier petit modèle|La brosse|[Origine : FRANCE, Retirer soigneusement les cheveux avec un peigne. Laver dans une eau tiède et savonneuse sans laisser tremper la brosse. Rincer à l'eau claire, bien secouer. Laisser sécher à l'air (jamais sur source de chaleur).]|"
10,20€ / Pce"|"
10,20 €"
3297|Brosse pneumatique mini|La brosse|[Origine : FRANCE, Retirer soigneusement les cheveux avec un peigne. Laver dans une eau tiède et savonneuse sans laisser tremper la brosse. Rincer à l'eau claire, bien secouer. Laisser sécher à l'air libre (jamais sur source de chaleur).]|"
10,20€ / Pce"|"
10,20 €"
3298|Brosse pneumatique ovale grand modèle|La brosse|[Origine : FRANCE, Retirer soigneusement les cheveux avec un peigne. Laver dans une eau tiède et savonneuse sans laisser tremper la brosse. Rincer à l'eau claire, bien secouer. Laisser sécher à l'air libre (jamais sur source de chaleur).]|"
13,29€ / Pce"|"
13,29 €"
3299|Brosse squelette céramique|La brosse|[Origine : FRANCE, La brosse en céramique accentue la brillance & donne un éclat magnifique à vos cheveux.]|"
8,23€ / Pce"|"
8,23 €"
3300|Ciseaux coiffeur qualité inox|Les ciseaux|[Origine : FRANCE, Pour couper égaliser les cheveux., Inoxydables, ils peuvent être utilisés sur des cheveux mouillés.]|"
11,32€ / Pce"|"
11,32 €"
3301|Peignes de côté 7 cm|Le blister de 2 peignes|[Origine : FRANCE, Marron]|"
3,19€ / Pce"|"
3,19 €"
3302|Brosse démêlante cheveux fins|L'unité|[Origine : ISRAEL, Quand la technologie est au service de la beauté !                        Une brosse innovante pour démêler les cheveux fins grâce à la distribution géométrique de ses 428 picots de différentes tailles.                    Cela permet une répartitionde la pression effectuée sur les cheveux lors du brossage pour une sensation agréable et sans douleur.                  Une utilisation quotidienne permet de rendre les cheveux moins cassants et moins fragiles.Cette brosse à cheveux peut également être utilisée pour les enfants. En effet, grâce à la technologie innovante, les picots de cette brosse à cheveux sont étudiés pour le brossage des cheveux adultes et ceux des enfants., Pour de meilleurs résultats, placer la brosse en parallèle des cheveux et poursuivre le mouvement dans le sens vertical sans effectuer de mouvements vers l'intérieur ou l'extérieur à la pointe des cheveux.                               Cela permet uncontact optimal avec l'ensemble des cheveux, grâce aux différents points de pression effectués sur chaque noeud existant.]|"
20,55€ / Pce"|"
20,55 €"
3303|Brosse démêlante cheveux normaux|L'unité|[Origine : ISRAEL, Produit primé au Victoires de la Beauté 2011-2012.                        Quand la technologie est au service de la beauté !                        Une brosse innovante pour démêler les cheveux normaux grâce à la distribution géométrique de ses 428 picots de différentes tailles.                 Cela permet une répartition de la pression effectuée sur les cheveux lors du brossage pour une sensation agréable et sans douleur.                  Une utilisation quotidienne permet de rendre les cheveuxmoins cassants et moins fragiles.                                                          Brossez les cheveux de telle manière que les picots de la brosse soit complètement en contact avec les cheveux., Pour de meilleurs résultats, placer la brosse en parallèle des cheveux et poursuivre le mouvement dans le sens vertical sans effectuer de mouvements vers l'intérieur ou l'extérieur à la pointe des cheveux.                               Cela permet uncontact optimal avec l'ensemble des cheveux, grâce aux différents points de pression effectués sur chaque noeud existant.]|"
20,55€ / Pce"|"
20,55 €"
3304|Brosse démêlante pour cheveux épais|L'unité|[Origine : ISRAEL, Quand la technologie est au service de la beauté !                        Une brosse innovante pour démêler les cheveux épais grâce à la distribution géométrique de ses 428 picots de différentes tailles.                   Cela permet une répartitionde la pression effectuée sur les cheveux lors du brossage pour une sensation agréable et sans douleur.                  Une utilisation quotidienne permet de rendre les cheveux moins cassants et et moins fragiles.Brossez les cheveux de telle manière que les picots de la brosse soit complètement en contact avec les cheveux.]|"
20,55€ / Pce"|"
20,55 €"
3305|Crème de douche, Nourrissante, Lait de coco|Le flacon de 500ml|[Origine : FRANCE, Enrichie en lait de noix de coco, la crème de douche et bain nourrissante Monoprix nettoie et hydrate votre peau sans l'agresser. Sa mousse onctueuse et son parfum gourmand vous procurent une véritable sensation de plaisir aussi bien sous la douche que dans votre bain et laissent votre peau souple, douce et délicatement parfumée. Formulée sur une base lavante douce, elle préserve votre peau du dessèchement., Evitez le contact avec les yeux. En cas de contact avec les yeux, rincez immédiatement et abondamment avec de l'eau. Ne pas utiliser chez l'enfant de moins de 36 mois., Aqua, sodium laureth sulfate, cocamidopropyl betaine, glycerin, decyl glucoside, sodium chloride, peg-7 glycerin, decyl glucoside, sodium chloride, peg-7 glyceryl cocoate, parfum, citric acid, sodium benzoate, styrene/acrylates copolymer, potassium sorbate, polyquaternium-39, tetrasodium edta, cocos nucifera fruit extract, sodium lauryl sulfate, phenoxyethanol, xanthan gum, sodium hydroxide., 18 mois après ouverture.]|"
6,08€ / L"|"
3,04 €"
3306|Crème de douche adoucissante, Vanille|Le flacon de 250ml|[Origine : BELGIQUE, Enrichie à l'extrait de vanille de Madagascar, la crème de douche adoucissante Monoprix nettoie et nourrit votre peau sans l'agresser. Sa mousse onctueuse et son parfum gourmand éveillent vos sens et vous procurent un moment de bien-être et de plaisir. Votre peau est souple, douce et délicatement parfumée. Formulée sur une base lavante douce, elle aide à apaiser votre peau., Utilisation quotidienne. Eviter le contact avec les yeux. En cas de contact avec les yeux, rincer immédiatement et abondamment avec de l'eau. Ne pas utiliser chez l'enfant de moins de 36 mois., 18 mois après ouverture.]|"
7,88€ / L"|"
1,97 €"
3307|Créme de douche amande karité hydratante.|Le flacon de 100ml|[Origine : FRANCE, En cas de contact avec les yeux, rincer immédiatement et abondamment avec de l'eau. Testé sous contrôle dermatologique., 12 mois après ouverture.]|"
11,00€ / L"|"
1,10 €"
3308|Crème de douche dermo protecteur, Peaux sensibles|Le flacon de 500ml|[Origine : FRANCE, Enrichie à l'extrait de Néroli, cette crème de douche Monoprix dépose un film protecteur sur votre peau, afin de la protéger du dessèchement et éviter les tiraillements. Sa mousse et son parfum vous procurent une sensation de bien-être, la peau restedouce. pH neutre pour la peau. Convient aux peaux sensibles. Testé sous contrôle dermatologique., S'utilise aussi bien sous la douche que dans un bain En cas de contact avec les yeux, rincer immédiatement et abondamment avec de l'eau. Tenir hors de portée des enfants. Ne pas utiliser chez l'enfant de moins de 36 mois., 12 mois après ouverture.]|"
6,02€ / L"|"
3,01 €"
3309|Crème de douche gommante, Abricot pêche|Le flacon de 250ml|[Origine : FRANCE, Enrichie en éclats de noyaux d'abricot et en extrait de pêche, la crème de douche gommante nettoie et purifie votre peau en douceur. Ses grains exfoliants très fins permettent une utilisation quotidienne pour une peau lisse et douce., Tenir hors de la portée des enfants. Ne pas avaler. Usage externe uniquement. Eviter le contact avec les yeux. En cas de contact avec les yeux, rincer abondamment à l'eau claire. Pour adultes., Aqua, sodium laureth sulfate, glycerin, decyl glucoside, acrylates copolymer cocamidopropyl betaine, sodium chloride, parfum, peg-40 hydrogenated castor oil, polyethylene, styrene/acrylates copolymer, sucrose cocoate, prunus armeniaca seed powder, sodium benzoate, polyquaternium-7, coconut acid, propylene glycol, methylisothiazolinone, prunus persica fruit extract, citric acid, sodium hydroxide, potassium sorbate, sorbic acid, CI77891, CI14700, CI19140., 12 mois après ouverture.]|"
8,08€ / L"|"
2,02 €"
3310|Crème de douche gourmande, Rhubarbe|Le flacon de 250ml|[Origine : BELGIQUE, Au parfum acidulé de rhubarbe, la crème de douche gourmande Monoprix nettoie et nourrit votre peau sans l'agresser. Sa mousse onctueuse et son parfum gourmand éveillent vos sens et vous procurent une véritable sensation de vitalité et de plaisir. Votre peau est souple, douce et délicatement parfumée. Formulée sur une base lavante douce, elle procure une sensation de confort., Utilisation quotidienne. Eviter le contact avec les yeux. En cas de contact avec les yeux, rincer immédiatement et abondamment avec de l'eau. Ne pas utiliser chez l'enfant de moins de 36 mois., 18 mois après ouverture.]|"
6,80€ / L"|"
1,70 €"
3311|Crème de douche hydratante, Amande karite|Le flacon de 250ml|[Origine : FRANCE, Enrichie en extrait d'amande douce et en beurre de karité, la crème de douche nettoie et hydrate votre peau sans l'agresser. Sa mousse onctueuse et son parfum délicat transforment votre douche en un véritable moment de bien-être et de plaisir. Formulée sur une base lavante douce, elle préserve votre peau du dessèchement. Votre peau est hydratée, soyeuse et éclatante., Eviter le contact avec les yeux. En cas de contact avec les yeux, rincer immédiatement et abondamment avec de l'eau., Aqua, sodium laureth sulfate, cocamidopropyl betaine, glycerin, sodium chloride, glycol distearate, parfum, peg-40 hydrogenated castor oil, laureth-4, coconut acid, polyquaternium-7, potassium sorbate, peg-60 almond glycérides, butyrospermum parkii butter, sodium benzoate, formic acid, methylisothiazolinone, tocopherol., 12 mois après ouverture.]|"
7,88€ / L"|"
1,97 €"
3312|Crème de douche sur gras, Tout type de peaux|Le flacon de 500ml|[Origine : FRANCE, Enrichie à l'extrait de calendula, la Crème de douche Surgras Monoprix, hydrate et nettoie en respectant l'équilibre de la peau. Sa mousse délicatement parfumée et onctueuse vous enveloppe de douceur, votre peau est hydratée et protégée. S'utilise aussi bien sous la douche que dans un bain. pH neutre pour la peau. Testé sous contrôle dermatologique., Convient aux peaux sensibles. En cas de contact avec les yeux, rincez immédiatement et abondamment avec de l'eau. Tenir hors de portée des enfants. Ne pas utiliser chez l'enfant de moins de 36 mois., 12 mois après ouverture.]|"
6,02€ / L"|"
3,01 €"
3313|Crème douche, Nourrissante au lait de coco|Le flacon de 250ml|[Origine : BELGIQUE, Enrichie en lait de coco, la crème de douche nourrissante Monoprix hydrate et nettoie votre peau sans l'agresser. Formulée sur une base lavante douce, elle préserve votre peau du dessèchement. Sa mousse onctueuse et son parfum gourmand vous procurentune véritable sensation de plaisir et laissent votre peau souple, douce et délicatement parfumée. pH neutre pour la peau. Testé sous contrôle dermatologique., Eviter le contact avec les yeux. En cas de contact avec les yeux, rincer immédiatement et abondamment avec de l'eau. Ne pas utiliser chez l'enfant de moins de 36 mois., Aqua, sodium laureth sulfate, cocamidopropyl betaine, glycerin, decyl glucoside, sodium chloride, peg-7 glyceryl cocoate, parfum, citric acid, sodium benzoate, styrene/acrylates copolymer, potassium sorbate, polyquaternium-39, tetrasodium edta, cocosnucifera fruit extract, sodium lauryl sulfate, phenoxyethanol, xanthan gum, sodium hydroxyde., 18 mois après ouverture.]|"
6,80€ / L"|"
1,70 €"
3314|Crème douche, Nourrissante au lait de noix de coco|Le flacon de 100ml|[Origine : BELGIQUE, Eviter le contact avec les yeux. En cas de contact avec les yeux, rincer immédiatement et abondamment avec de l'eau. Ne pas utiliser chez l'enfant de moins de 36 mois., Aqua, sodium laureth sulfate, cocamidopropyl betaine, glycerin, decyl glucoside, sodium chloride, peg-7 glyceryl cocoate, parfum, citric acid, sodium benzoate, styrene/acrylates copolymer, potassium sorbate, polyquaternium-39, tetrasodium edta, cocosnucifera fruit extract, sodium lauryl sulfate, phenoxyethanol, xanthan gum, sodium hydroxyde., 18 mois après ouverture.]|"
11,00€ / L"|"
1,10 €"
3315|Crème douche et bain, Douceur aux extraits d'abricot et d'avoine|Le flacon de 500ml|[Origine : FRANCE, Enrichie en extraits d'abricot et d'avoine, la Crème douche et bain Douceur Monoprix, nettoie et hydrate votre peau sans l'agresser. Votre peau est hydratée, apaisée et délicatement parfumée.Formulée avec une base lavante douce, elle s'utilise aussibien sous la douche que dans un bain et laisse votre peau souple et douce. Son agent lamesoft contribue à protéger votre peau du dessèchement en formant un film à la surface de l'épiderme. pH neutre pour la peau., Rincez abondamment. Tenir hors de la portée des enfants. Ne pas avaler. Evitez le contact avec les yeux. En cas de contact avec les yeux, rincez immédiatement et abondamment à l'eau., Aqua, sodium laureth sulfate, cocamidopropyl betaine, cocamide mipa, peg-7 glyceryl cocoate, parfum, glycerin, sodium benzoate, citric acid, tetrasodium edta, styrene/acrylates copolymer, glyceryl oleate, coco-glucoside, polyquaternium-7, alcohol, salicylic acid, avena sativa kernel extract, prunus armeniaca fruit extract., 12 mois après ouverture.]|"
6,08€ / L"|"
3,04 €"
3316|Gel de douche sans savon, Peaux sensibles|Le flacon de 500ml|[Origine : FRANCE, Le gel douche sans savon Monoprix nettoie en douceur chaque jour votre peau sans l'agresser. Sa base lavante douce, préserve l'équilibre naturel de votre peau et aide à lutter contre le dessèchement, votre peau est propre et douce. S'utilise aussi bien sous la douche que dans un bain. pH neutre pour la peau. Testé sous contrôle dermatologique., Convient aux peaux sèches et sensibles. En cas de contact avec les yeux, rincer immédiatement et abondamment avec de l'eau. Tenir hors de portée des enfants. Ne pas utiliser chez l'enfant de moins de 36 mois., 12 mois après ouverture.]|"
6,02€ / L"|"
3,01 €"
3317|Gel douche, Fleur d'oranger, Délassant|Le flacon de 250ml|[Origine : BELGIQUE, Le gel douche et bain délassant Monoprix vous enveloppe d'un parfum apaisant et relaxant. Sa mousse onctueuse, son parfum délicat et raffiné éveillent vos sens et vous procurent une véritable sensation de bien-être., Usage externe uniquement. Ne pas avaler. En cas de contact avec les yeux, rincer immédiatement et abondamment avec de l'eau. Ne pas utiliser chez l'enfant de moins de 36 mois., 12 mois après ouverture.]|"
6,80€ / L"|"
1,70 €"
3318|Gel douche, Fleur d'oranger délassant|Le flacon de 100ml|[Origine : BELGIQUE, usage externe uniquement. Ne pas avaler. En cas de contact avec les yeux, rincer immédiatement et abondamment avec de l'eau. Ne pas utiliser chez l'enfant de moins de 36 mois., Aqua, sodium laureth sulfate, cocamidopropyl betaine, glycerin, decyl glucoside, sodium chloride, parfum, peg-7 glyceryl cocoate, sodium benzoate, citric acid, potassium sorbate, polyquaternium-10, ethylhexyl methoxycinnamate, tetrasodium edta, citrus aurantium amara flower extract, sodium hydroxide, peg-18 glyceryl oleate/cocoate, hexyl cinnamal, limonene, CI19140, CI17200., 12 mois après ouverture.]|"
11,00€ / L"|"
1,10 €"
3319|Gel douche, Fleur d'oranger délassant|Le flacon de 500ml|[Origine : FRANCE, Enrichi en extrait de fleur d'oranger, le gel douche et bain délassant monoprix vous enveloppe d'un parfum apaisant et relaxant. Sa mousse onctueuse, son parfum délicat et raffiné éveillent vos sens et vous procurent une véritable sensation de bien être., Usage externe uniquement. Ne pas avaler. En cas de contact avec les yeux, rincer immédiatement et abondamment avec de l'eau. Ne pas utiliser chez l'enfant de moins de 36 mois., Aqua, sodium laureth sulfate, cocamidopropyl betaine, glycerin, decyl glucoside, sodium chloride, parfum, peg-7 glyceryl cocoate, sodium benzoate, citric acid, potassium sorbate, polyquaternium-10, ethylhexyl methoxycinnamate, tetrasodium edta, citrus aurantium amara flower extract, sodium hydroxide, peg-18 glyceryl oleate/cocoate, hexyl cinnamal, limonene, CI19140, CI17200., 12 mois après ouverture.]|"
6,08€ / L"|"
3,04 €"
3320|Gel douche, Gourmand nuage de sucre rose|Le flacon de 250ml|[Origine : FRANCE, Enrichi en extrait de fraise et au sucre, le gel douche gourmand Monoprix vous procure confort et plaisir. Laissez-vous envahir par son parfum gourmand.Sa formule douce nettoie votre peau sans l'agresser et la laisse souple, douce et délicatement parfumée. Son agent Lamesoft contribue à protéger votre peau du dessèchement en formant un film à la surface de l'épiderme. pH neutre pour la peau., Aqua, sodium laureth sulfate, cocamidopropyl betaine, cocoamide mipa, polysorbate 20, glycerin, sodium benzoate, sodium chloride, citric acid, tetrasodium edta, parfum, coco-glucoside, glyceryl oleate, polyquaternium-7, sorbitol, salicylic acid, fragaria vesca fruit extract, sucrose, methylpropanediol, denatonium benzoate, potassium sorbate, Cl17200., 12 mois après ouverture.]|"
6,80€ / L"|"
1,70 €"
3321|Gel douche, Iris fève tonka|Le flacon de 100ml|[Origine : BELGIQUE, Gel hydratant aux extraits d'iris et de fève Tonka., Utilisation quotidienne. Eviter le contact avec les yeux. En cas de contact avec les yeux, rincer immédiatement et abondamment avec de l'eau. Ne pas utiliser chez l'enfant de moins de 36 mois., 18 mois après ouverture.]|"
11,00€ / L"|"
1,10 €"
3322|Gel douche, Rafraîchissant, Minéraux marins|Le flacon de 250ml|[Origine : BELGIQUE, Enrichi en minéraux marins, le gel douche rafraîchissant Monoprix vous enveloppe d'un parfum frais et marin. Il laisse votre peau douce, souple et délicatement parfumée. Formulé avec une base lavante douce, il nettoie votre peau sans l'agresser et vous rafraîchit. pH neutre pour la peau. Tolérance testée sous contrôle dermatologique., Utilisation quotidienne. Usage externe uniquement. Ne pas avaler. En cas de contact avec les yeux, rincer immédiatement et abondamment avec de l'eau. Ne pas utiliser chez l'enfant de moins de 36 mois., Aqua, sodium laureth sulfate, cocamidopropyl betaine, glycerin, decyl glucoside, sodium chloride, parfum, peg-7 glyceryl cocoate, laureth-2, sodium benzoate, citric acid, potassium sorbate, polyquaternium-10, maris sal, benzotriazolyl dodecyl p-cresol, tetrasodium edta, sodium hydroxide, Cl 19140, Dl 42051., 12 mois après ouverture.]|"
7,68€ / L"|"
1,92 €"
3323|Gel douche grenade|Le flacon de 250ml|[Origine : BELGIQUE, Enrichi aux extraits de grenade et de fruit du dragon, le gel douche Monoprix nettoie et nourrit votre peau sans l'agresser. Sa mousse onctueuse et son parfum exotique éveillent vos sens et vous procurent un véritable moment de bien-être et de détente. Votre peau est douce et satinée. Formulé sur une base lavante douce, il respecte votre peau. pH neutre pour la peau., Utilisation quotidienne. Testé sous contrôle dermatologique. Eviter le contact avec les yeux. En cas de contact avec les yeux, rincer immédiatement et abondamment avec de l'eau. Ne pas utiliser chez l'enfant de moins de 36 mois., 18 mois après ouverture.]|"
6,80€ / L"|"
1,70 €"
3324|Gel douche hydratant, citron|Le flacon de 500ml|[Origine : FRANCE, Grâce à son parfum agréable et son extrême douceur, ce gel douche respecte votre peau. Sa mousse onctueuse et facile à rincer nettoie votre peau en douceur et la laisse souple et douce., Faire mousser puis rincer abondamment. Eviter le contact avec les yeux. En cas de contact avec les yeux, rincer immédiatement et abondamment à l'eau claire. Ne pas avaler et tenir hors de la portée des enfants., Aqua, anthemis nobilis flower extract*, ammonium lauryl sulfate, aloe barbadensis leaf juice*, cocamidopropyl betaine, glycerin, decyl glucoside, benzyl alcohol, sodium chloride, glyceryl oleate, parfum, coco glucoside, glyceryl laurate, coconut acid, citric acid, benzoic acid, dehydroacetic acid, potassium sorbate, sodium benzoate, tocophérol, hydrogenated palm glycerides citrate, limonene, citral, linalool., 12 mois après ouverture.]|"
8,22€ / L"|"
4,11 €"
3325|Gel douche hydratant, citron|Le flacon de 500ml|[Origine : FRANCE, Grâce à son parfum agréable et son extrême douceur, ce gel douche respecte votre peau. Sa mousse onctueuse et facile à rincer nettoie votre peau en douceur et la laisse souple et douce., Faire mousser puis rincer abondamment. Eviter le contact avec les yeux. En cas de contact avec les yeux, rincer immédiatement et abondamment à l'eau claire. Ne pas avaler et tenir hors de la portée des enfants., Aqua, anthemis nobilis flower extract*, ammonium lauryl sulfate, aloe barbadensis leaf juice*, cocamidopropyl betaine, glycerin, decyl glucoside, benzyl alcohol, sodium chloride, glyceryl oleate, parfum, coco glucoside, glyceryl laurate, coconut acid, citric acid, benzoic acid, dehydroacetic acid, potassium sorbate, sodium benzoate, tocophérol, hydrogenated palm glycerides citrate, limonene, citral, linalool., 12 mois après ouverture.]|"
8,22€ / L"|"
4,11 €"
3326|Gel douche hydratant, Iris fève tonka|Le flacon de 250ml|[Origine : BELGIQUE, Le gel douche Monoprix nettoie votre peau en douceur et la nourrit. Sa mousse onctueuse et généreuse vous enveloppe de notes florales et fruitées. Formulé sur une base lavante douce, il respecte votre peau et la protège. pH neutre pour la peau., Utilisation quotidienne. Eviter le contact avec les yeux. En cas de contact avec les yeux, rincer immédiatement et abondamment avec de l'eau. Ne pas utiliser chez l'enfant de moins de 36 mois., 18 mois après ouverture.]|"
7,88€ / L"|"
1,97 €"
3327|Gel douche hydratant, Parfum jasmin & fleur de tiaré|Le flacon de 500ml|[Origine : FRANCE, Grâce à son parfum agréable et son extrême douceur, ce gel douche respecte votre peau. Sa mousse onctueuse et facile à rincer nettoie votre peau en douceur et la laisse souple et douce., Faire mousser puis rincer abondamment. Eviter le contact avec les yeux. En cas de contact avec les yeux, rincer immédiatement et abondamment à l'eau claire. Ne pas avaler et tenir hors de la portée des enfants., Aqua, anthemis nobilis flower extract*, ammonium lauryl sulfate, aloe barbadensis leaf juice*, cocamidopropyl betaine, glycerin, decyl glucoside, benzyl alcohol, sodium chloride, glyceryl oleate, parfum, coco-glucoside, glyceryl laurate, coconut acid, citric acid, benzoic acid, dehydroacetic acid, potassium sorbate, sodium benzoate, tocopherol, hydrogenated palm glycerides citrate, limonene, linalool. *Ingrédients issus de l'agriculture biologique., 12 mois après ouverture.]|"
8,22€ / L"|"
4,11 €"
3328|Gel douche hydratant, Parfum jasmin & fleur de tiaré|Le flacon de 500ml|[Origine : FRANCE, Grâce à son parfum agréable et son extrême douceur, ce gel douche respecte votre peau. Sa mousse onctueuse et facile à rincer nettoie votre peau en douceur et la laisse souple et douce., Faire mousser puis rincer abondamment. Eviter le contact avec les yeux. En cas de contact avec les yeux, rincer immédiatement et abondamment à l'eau claire. Ne pas avaler et tenir hors de la portée des enfants., Aqua, anthemis nobilis flower extract*, ammonium lauryl sulfate, aloe barbadensis leaf juice*, cocamidopropyl betaine, glycerin, decyl glucoside, benzyl alcohol, sodium chloride, glyceryl oleate, parfum, coco-glucoside, glyceryl laurate, coconut acid, citric acid, benzoic acid, dehydroacetic acid, potassium sorbate, sodium benzoate, tocopherol, hydrogenated palm glycerides citrate, limonene, linalool. *Ingrédients issus de l'agriculture biologique., 12 mois après ouverture.]|"
8,22€ / L"|"
4,11 €"
3329|Gel douche relaxante, Ylang-ylang|Le flacon de 250ml|[Origine : FRANCE, Enrichi en huile essentielle d'ylang ylang et en extrait de néroli, le gel douche relaxant Monoprix nettoie et nourrit votre peau sans l'agresser. Sa mousse onctueuse et son parfum relaxant éveillent vos sens et vous procurent un véritable moment dedétente et de plaisir. Votre peau est souple, douce et délicatement parfumée., Eviter le contact avec les yeux. En cas de contact avec les yeux, rincez immédiatement et abondamment avec de l'eau. Ne pas utiliser chez l'enfant de moins de 36 mois., Aqua, sodium laureth sulfate, cocamidopropyl betaine, glycerin, decyl glucoside, sodium chloride, parfum, peg-7 glyceryl cocoate, citric acid, sodium benzoate, panthenol, potassium sorbate, polyquaternium-10, benzotriazolyl dodecyl p-cresol, tetrasodium edta, propylene glycol, citrus aurantium amara flower extract, pantolactone, sorbitol, polysorbate 20, sodium hydroxide, phenoxyethanol, cananga odorata flower oil, ethylhexylglycerin, CI17200, CI42090., 18 mois après ouverture.]|"
6,80€ / L"|"
1,70 €"
3330|Huile de douche hydratante, D'argan|Le flacon de 250ml|[Origine : FRANCE, Enrichie en huile d'argan et en extrait de fleur d'oranger, l'huile de douche Monoprix nourrit et protège votre peau. Sa mousse onctueuse et son parfum délicat vous enveloppent de douceur et vous procurent un véritable moment de détente et de plaisir. Votre peau est hydratée, satinée et retrouve toute sa beauté et son éclat., Utilisation quotidienne. En cas de contact avec les yeux, rincer immédiatement et abondamment avec de l'eau., Aqua, sodium laureth sulfate, glycerin, cocamidopropyl betaine, lauryl glucoside, peg-6 caprylic/capric glycerides, peg-60 almond glycerides, laureth-3, parfum, sodium chloride, glyceryl oleate, coco-glucoside, peg-120 methyl glucose dioleate, ppg-26-buteth-26, peg-40 hydrogenated castor oil, citric acid, polysorbate 20, potassium sorbate, coconut acid, argania spinosa kernel oil, propylene glycol, peg-35 castor oil, polyquaternium-7, tocopheryl acetate, benzotriazolyl dodecyl p-cresol, methylisothiazolinone, sorbitol, sodium benzoate, citrus aurantium dulcis flower extract, Cl15510, tocopherol, Cl16255, hydrogenated palm glycerides citrates., 12 mois après ouverture.]|"
7,88€ / L"|"
1,97 €"
3331|Huile de douche nourrissante, Plaisir de monoï|Le flacon de 250ml|[Origine : FRANCE, Enrichie en monoï, l'huile de douche nourrissante Monoprix nourrit et protège votre peau du dessèchement sans laisser de film gras. Sa formule douce nettoie votre peau sans l'agresser et la laisse souple, douce et délicatement parfumée. pH neutre pour la peau., Pour adulte. Utilisation quotidienne. Tenir hors de portée des enfants. Ne pas avaler. Usage externe uniquement. Eviter le contact avec les yeux. En cas de contact avec les yeux, rincer abondamment à l'eau claire., 12 mois après ouverture.]|"
7,88€ / L"|"
1,97 €"
3332|Amande douce bio, gel douceur corps et cheveux|Le flacon de 750ml|[Origine : FRANCE, Le Gel CORPS ET CHEVEUX Cadum est sans savon pour laver la peau et les cheveux avec une extrême douceur. Les cheveux sont brillants de santé. A l'huile d'amandes douces bio. Agents nettoyants doux, Ph neutre.  Sans paraben, sans EDTA, Hypoallergénique.  Contre les tests sur les  animaux., Aqua, cocamidopropyl betaine, sodium laureth sulfate, sodium laureth8-sulfate, glycerin, coco-glucoside, PEG-200 hydrogenated glyceryl palmate, parfum, PEG-40 hydrogenated castor oil, prunus amygdalus dulcis oil (sweet almong oil), PEG-7 glycerylcocoate, magnesium laureth sulfate, polyquaternium-10, magnesium laureth 8-sulfate, polyquaternium-7, sodium oleth sulfate, magnesium oleth sulfate, styrene/acrylates copolymer, citric acid, sodium benzoate, potassium sorbate, tetrasodium glutamate diacetate, sodium chloride., 12 mois après ouverture.]|"
9,00€ / L"|"
6,75 €"
3333|Crème douche, A l'huile d'amandes douces bio|Le flacon de 400ml|[Origine : FRANCE, Cadum, spécialiste de la douceur depuis 1907, a mis tout son savoir-faire dans la Crème Douche Douceur Velours l'huile d'amandes douces bio et à la fleur d'oranger bio.Idéale au quotidien, elle nettoie, apaise votre peau et son délicat parfum vous enveloppe de douceur. Votre peau se sent bien et vous aussi. Depuis toujours, Cadum garantit le choix des ingrédients les plus respectueux entrant dans la composition de cette Crème Douche Douceur Velours et exclut les ingrédients jugés indésirables. Douceur : fleur d'oranger bio, huile d'amandes douces bio, agents nettoyants doux, pH neutre pour la peau, testé dermatologiquement., Aqua (water), sodium laureth sulfate, sorbitol, cocamidopropyl betaine, laureth-2, coco-glucoside, glyceryl oleate, parfum (fragrance), benzyl alcohol, acrylates copolymer, sodium chloride, styrene/acrylates copolymer, sodium benzoate, citric acid, polyquaternium-7, peg-75 shea butter glycerides, prunus amygdalus dulcis (sweet almond) oil*, citrus aurantium amara (bitter orange) flower water*, tetrasodium glutamate diacetate, caramel, sodium hydroxide, dehydroacetic acid. *ingrédients issus de l'agriculture biologique. Sans paraben. Sans EDTA. Sans BHT. Sans DMDM. Sans phénoxyéthanol. Contre les tests sur les animaux., 12 mois après ouverture.]|"
8,48€ / L"|"
3,39 €"
3334|Crème douche, Douceur velours|Le flacon de 400ml|[Origine : FRANCE, Cadum spécialiste de la douceur depuis 1907, a mis tout son savoir-faire dans cette crème douche adoucissante à l'huile d'amandes douces bio et à la fleur de cerisier. Idéale au quotidien, sa formule douce, au délicat parfum poudré, nettoie apaise etadoucit votre peau. Elle retrouve le toucher velouté d'une peau de bébé., Ne pas avaler, ne pas laisser à la portée des enfant sans surveillance, en cas de contact avec les yeux, les rincer immédiatement., Aqua (water), sodium laureth sulfate, sorbitol, cocamidopropyl betaine, laureth-2, coco-glucoside, ppg-5-ceteth-20, glyceryl oleate, glycerin, parfum, (fragrance), sodium chloride, sodium benzoate, salicylic acid, sodium hydroxide , prunus amygdalusdulcis oil (sweet almond) oil, prunus avium (sweet cherry) flower extract, styrene/acrylates copolymer, tetrasodium glutamate diacetate, citric acid, acrylates copolymer, polyquaternium-7, hexyl cinnamal, benzyl alcohol (f.i.l c164289/2)., 12 mois après ouverture.]|"
8,38€ / L"|"
3,35 €"
3335|Crème douche, douceur velours, à l'huile d'amandes douces bio et fleur de coton|Le flacon de 400ml|[Origine : FRANCE, Cadum, spécialiste de la douceur depuis 1907, a mis tout son savoir-faire dans cette crème douche adoucissante à l'huile d'amandes douces bio et à la fleur de coton. Idéale au quotidien, sa formule douce, au parfum délicat, nettoie, apaise et adoucitvotre peau. Elle retrouve le toucher velouté d'une peau de bébé., Appliquer sous la douche puis rincer. Ne pas avaler. Ne pas laisser à la portée des enfants sans surveillance. En cas de contact avec les yeux, les rincer immédiatement., Aqua (water), sodium laureth sulfate, sorbitol, cocamidopropyl betaine, parfum (fragrance), laureth-2, coco-glucoside, ppg-5-ceteth-20, linalool, glyceryl oleate, alpha-isomethyl ionone, sodium chloride, sodium benzoate, salicylic acid, sodium hydroxide, prunus amygdalus dulcis oil (sweet almond) oil, styrene/acrylates copolymer, tetrasodium glutamate diacetate, hydroxyisohexyl 3-cyclohexene carboxaldehyde, citric acid, gossypium herbaceum (cotton extract), maltodextrin, acrylates copolymer, polyquaternium-7, hexyl cinnamal, benzyl alcohol (FIL C163577/2)., 12 mois après ouverture.]|"
9,15€ / L"|"
3,66 €"
3336|Crème douche et bain surgras, aux huiles d'amandes douces bio et de coco bio vierge, peaux sèches|La pompe de 750ml|[Origine : FRANCE, Idéale pour les peaux sèches, elle est l'alliance parfaite entre la douceur d'un soin surgras et le plaisir du parfum délicat de la noix de coco.Sa formule unique nettoie la peau de toute la famille en douceur et laisse un film protecteur non gras. La peau est protégé, souple et éclatante comme celle d'un bébé., Aqua (water), sodium laureth sulfate, cocamidopropyl betaine, laureth-2, glycerin, sorbitol, coco-glucoside, glyceryl oleate, parfum (fragrance), prunus amygdalus dulcis oil (sweet almond) oil*, cocos nucifera oil (coconut oil)*, tocopheryl acetate,polyquaternium-7, peg-7 glyceryl cocoate, tetrasodium glutamate diacetate, styrene/acrylates copolymer, sodium hydroxide, acrylates copolymer, citric acid, caramel, sodium benzoate, benzyl alcohol, benzyl salicylate, coumarin, butylphenyl methylpropional, linalool, hexyl cinnamal. *Ingrédients issus de l'agriculture biologique. Sans paraben, EDTA, BHT, DMDM, phenoxyethanol. Contre les tests sur les animaux., 12 mois après ouverture.]|"
8,23€ / L"|"
6,17 €"
3337|Crème douche Hydratation Longue Durée|Les 2 flacons de 400ml|[Origine : FRANCE]|"
7,91€ / L"|"
6,33 €"
3338|Crème douche surgras à l'huile d'amandes douces bio et au lait   d'avoine bio, peaux sèches|Le flacon de 400ml|[Origine : FRANCE, Son parfum délicat d'avoine vous procure un véritable instant de plaisir. Votre peau est douce, souple et éclatante comme la peau d'un bébé. Cadum, spécialiste de la douceur depuis 1907, a développé un savoir faire unique : une sélection des ingrédients aux vertus naturellement nourrissantes pour en faire une formule idéale pour les peaux sèches, qui nettoie en douceur et lutte contre le dessèchement en laissant un voile protecteur non gras., 12 mois après ouverture.]|"
8,48€ / L"|"
3,39 €"
3339|Crème douche surgras à l'huile d'amandes douces bio et au lait   d'avoine bio, peaux sèches|Le flacon de 400ml|[Origine : FRANCE, Son parfum délicat d'avoine vous procure un véritable instant de plaisir. Votre peau est douce, souple et éclatante comme la peau d'un bébé. Cadum, spécialiste de la douceur depuis 1907, a développé un savoir faire unique : une sélection des ingrédients aux vertus naturellement nourrissantes pour en faire une formule idéale pour les peaux sèches, qui nettoie en douceur et lutte contre le dessèchement en laissant un voile protecteur non gras., 12 mois après ouverture.]|"
8,48€ / L"|"
3,39 €"
3340|Crème douche surgras à l'huile d'amandes douces bio et au miel   de fleurs bio, peaux sèches|Le flacon de 400ml|[Origine : FRANCE, Son parfum délicat de miel vous procure un véritable instant de plaisir. Votre peau est douce, souple et éclatante comme la peau d'un bébé. Cadum, spécialiste de la douceur depuis 1907, a développé un savoir faire unique : une sélection des ingrédients aux vertus naturellement nourrissantes pour en faire une formule idéale pour les peaux sèches, qui nettoie en douceur et lutte contre le dessèchement en laissant un voile protecteur non gras., 12 mois après ouverture.]|"
8,48€ / L"|"
3,39 €"
3341|Crème douche surgras à l'huile d'amandes douces bio et au miel   de fleurs bio, peaux sèches|Le flacon de 400ml|[Origine : FRANCE, Son parfum délicat de miel vous procure un véritable instant de plaisir. Votre peau est douce, souple et éclatante comme la peau d'un bébé. Cadum, spécialiste de la douceur depuis 1907, a développé un savoir faire unique : une sélection des ingrédients aux vertus naturellement nourrissantes pour en faire une formule idéale pour les peaux sèches, qui nettoie en douceur et lutte contre le dessèchement en laissant un voile protecteur non gras., 12 mois après ouverture.]|"
8,48€ / L"|"
3,39 €"
3342|Crème douche surgras à l'huile d'amandes douces bio et lait de vanille, peaux sèches|Le flacon de 400ml|[Origine : FRANCE, Une sélection d'ingrédients aux vertus naturellement nourrissantes dans une formule douche Surgras idéale pour protéger les peaux sèches. Sa crème généreuse, à l'huile d'amandes douces bio et au lait de vanille*, nettoie en douceur votre peau et l'enveloppe d'un voile protecteur non gras. Elle parfume délicieusement la peau et la laisse hydratée, douce et souple, comme la peau d'un bébé. *Emulsion glycérinée à l'extrait de vanille., Peaux sèches. Appliquer sous la douche puis rincer. Ne pas avaler. Ne pas laisser à la portée des enfants sans surveillance. En cas de contact avec les yeux, les rincer immédiatement. Testé dermatologiquement., Aqua (water), sodium laureth sulfate, sorbitol, cocamidopropyl betaine, laureth-2, glyceryl oleate , parfum (fragrance), sodium chloride, sodium benzoate, salicylic acid, sodium hydroxide, vanilla tahitensis fruit extract, prunus amygdalus dulcis oil(sweet almond) oil, coco-glucoside, styrene/acrylates copolymer, tetrasodium glutamate diacetate, citric acid, polysorbate 20, acrylates copolymer, hexyl cinnamal, polyquaternium-7 (FIL C163569/2)., 12 mois après ouverture.]|"
8,38€ / L"|"
3,35 €"
3343|Douche, Peaux sensibles, Sans paraben|Le flacon de 400ml|[Origine : FRANCE, Toute la douceur Cadum, toute la pureté de l'eau thermale pour les peaux sensibles et sèches., Aqua, sodium laureth sulfate, cocamidopropyl betaine, glycerin, coco glucoside, peg-40 hydrogenated castor oil, parfum, sodium chloride, sodium benzoate, citric acid, peg-200 hydrogenated glyceryl palmate, peg-7, glyceryl cocoate, polyquaternium-7, tetrasodium glutamate diacetate, polysorbate 20, sodium hydroxide, linalool, limonene., 12 mois après ouverture.]|"
10,28€ / L"|"
4,11 €"
3344|Douche à l'eau thermale des Alpes naturellement pure             Sans paraben, peaux sencibles et très sèches|Le flacon de 400ml|[Origine : FRANCE, Toute la douceur de Cadum, toute la pureté de l'eau thermale pour les peaux sensibles et très sèches. 1/3 de lait hydratant. Cadum a sélectionné au coeur des Alpes une source thermale dont l'eau, pure et riche en minéraux, est reconnue pour ses vertus thérapeutiques., L'utilisation d'ingrédients d'origine naturelle peut provoquer un léger jaunissement qui n'altère en rien les qualités du produit., Aqua (water)*, sodium laureth sulfate, cocamidopropyl betaine, glycerin, sorbitol, parfum (fragrance), laureth-2, sodium chloride, coco-glucoside, sodium benzoate, styrene/acrylates copolymer, citric acid, peg-40 hydrogenated castor oil, polyquaternium-7, sodium lactate, tetrasodium glutamate diacetate, prunus amygdalus dulcis (sweet almond) oil, maltodextrin, sodium lauryl sulfate, sodium hydroxide, gossypium herbaceum (cotton) extract. *Contient de l'eau thermale. Sans paraben/phtalate. Sans colorant. Sans phénoxyéthanol. Sans DMDM., 12 mois après ouverture.]|"
10,18€ / L"|"
4,07 €"
3345|Douche sans savon à l'huile d'amandes douces bio, peaux dél icates|Le flacon pompe de 750ml|[Origine : FRANCE, Sa formule sans savon, spécialement développée pour les peaux sensibles et délicates, nettoie votre peau en douceur et la laisse nette et protégée.Votre peau est douce, souple, éclatante comme celle d'un bébé. Huile d'amandes douces bio. Agents nettoyants doux., Aqua (water), sodium laureth sulfate, cocamidopropyl betaine, glycerin, laureth-2, parfum (fragrance), peg-40 hydrogenated castor oil, prunus amygdalus dulcis oil (sweet almond) oil*, polyquaternium-7, sodium chloride, citric acid, tetrasodium glutamate diacetate, sodium hydroxide, sodium benzoate, alpha isomethyl ionone, geraniol, hexyl cinnamal, butylphenyl methylpropional, hydroxyisohexyl-3-cyclohexene carboxaldehyde, benzyl salicylate, citronellol, coumarin, Cl17200 (red 33). *Ingrédient issu de l'agriculture biologique. Sans paraben. Sans savon. Sans EDTA. Sans BHT. Sans DMDM. Sans phénoxyéthanol. Contre les tests sur les animaux., 12 mois après ouverture.]|"
7,59€ / L"|"
5,69 €"
3346|Douche sans savon à l'huile d'amandes douces bio, peaux délicates adoucies|Le flacon de 400ml|[Origine : FRANCE, Nettoie en douceur et se rince facilement. La douche Cadum Sans Savon nettoie parfaitement la peau de toute la famille en laissant la peau nette et protégée. Une utilisation quotidienne de Cadum contribue à garder une peau douce come la peau d'un bébé., Aqua (water), sodium laureth sulfate, cocamidopropyl betaine, glycerin, polyquaternium-7, laureth-2, parfum (fragrance), peg-40 hydrogenated castor oil, sodium benzoate, prunus amygdalus dulcis oil (sweet almond oil), citric acid, tetrasodium glutamate diacétate, sodium chloride, benzyl salicylate, coumarin, geraniol, hydroxyisohexyl 3-cyclohexene carboxaldehyde, butylphenyl methylpropional, citronellol, hexyl cinnamal, alpha methyl ionone, Cl17200 (red N33). Sans savon. Sans paraben. Sans edta.Contre les tests sur les animaux., A utiliser dans les 12 mois après ouverture.]|"
8,48€ / L"|"
3,39 €"
3347|Gel corps et cheveux, Hypoallergénique|Le flacon pompe de 750ml|[Origine : FRANCE, Un gel 2 en 1 extra doux qui ne pique pas les yeux pour laver un en seul geste le corps et les cheveux. Une formule si douce que tout le monde peut l'utiliser., Aqua, sodium laureth sulfate, cocamidopropyl betaine, glycerin, coco glucoside, parfum, peg-200 hydrogenated glyceryl palmate, peg-40 hydrogenated castor oil, sodium chloride, sodium benzoate, peg-7 glyceryl cocoate, citric acid, prunus amygdalus dulcis (sweet almond) oil*, polyquaternium-7. *Ingrédient issu de l'agriculture biologique., 12 mois après ouverture.]|"
8,77€ / L"|"
6,58 €"
3348|Huile d'amandes douces bio et beurre de karité, peaux sèches, bain surgras, crème de douche|Le flacon pompe de 750ml|[Origine : FRANCE, Idéale pour les peaux sèches, elle nettoie votre peau en douceur, laisse un film protecteur non gras et lutte contre le dessèchement de la peau.Votre peau est protégée, souple et éclatante comme celle d'un bébé., Aqua (water), sodium laureth sulfate, sorbitol, cocamidopropyl betaine, laureth-2, coco-glucoside, glyceryl oleate, parfum (fragrance), sodium chloride, benzyl alcohol, styrene/acrylates copolymer, sodium benzoate, citric acid, polyquaternium-7, peg-75 shea butter glycerides, prunus amygdalus dulcis (sweet almond) oil*, tetrasodium glutamate diacetate, benzyl salicylate, butylphenyl methylpropional, linalool, limonene, hydroxyisohexyl 3-cyclohexene carboxaldehyde, hexyl cinnamal. *Ingrédient issu de l'agriculture biologique. Sans paraben, sans edta, sans bht, sans dmdm, sans phénoxyéthanol. Contre les tests sur les animaux., 12 mois après ouverture.]|"
7,56€ / L"|"
5,67 €"
3349|Huile d'amandes douces bio et beurre de karité, peaux sèches, crème douche surgras|Le flacon de 400ml|[Origine : FRANCE, Cadum, spécialiste de la douceur depuis 1907, a mis tout son savoir-faire dans la Crème Douche Surgras à l'huile d'amandes douces bio et au beurre de karité.Idéale pour les peaux sèches, elle nettoie votre peau en douceur, laisse un film protecteur non gras et lutte contre le dessèchement de la peau. Votre peau est protégée, souple et éclatante comme celle d'un bébé., Aqua (water), sodium laureth sulfate, sorbitol, cocamidopropyl betaine, laureth-2, coco-glucoside, glyceryl oleate, parfum (fragrance), sodium chloride, benzyl alcohol, styrene/acrylates copolymer, sodium benzoate, citric acid, polyquaternium-7, peg-75 shea butter glycerides, prunus amygdalus dulcis (sweet almond) oil*, tetrasodium glutamate diacetate, benzyl salicylate, butylphenyl methylpropional, linalool, limonene, hydroxyisohexyl 3-cyclohexene carboxaldehyde, hexyl cinnamal. *Ingrédient issu de l'agriculture biologique. Sans paraben. Sans EDTA. Sans BHT. Sans DMDM. Sans phénoxyéthanol. Contre les tests sur les animaux., 12 mois après ouverture.]|"
7,85€ / L"|"
3,14 €"
3350|Huile d'amandes douces bio et ginseng, peaux très sèches, douche & bain gras non moussant|Le flacon de 400ml|[Origine : FRANCE, Cadum douche et bain huile tonifiante adoucit, prend soin et maintient l'élasticité de la peau de toute la famille, sans laisser de film gras.Sa formule riche en Acides Gras Essentiels est recommandée pour les peaux très sèches., Aqua (water), glycerin, sodium laureth sulfate, peg-6 caprylic capric glycerides, cocamidopropyl betaine, coco-glucoside, peg-200 hydrogenated glyceryl palmate, polyquaternium-7, parfum (fragrance), prunus amygdalus dulcis oil (sweet almond oil), propylene glycol, panax ginseng root extract, citric acid, sodium benzoate, peg-7 glyceryl cocoate, citral, butylphenyl methylpropional, linalool, hexyl cinnamal, limonene, Cl19140 (yellow n°5), Cl17200 (red n°33). Sans paraben, sans EDTA. Contre les tests sur les animaux., 12 mois après ouverture.]|"
10,18€ / L"|"
4,07 €"
3351|Au Monoï, Douche huile précieuse extra nourrissante|Le flacon de 560ml|[Origine : FRANCE]|"
7,02€ / L"|"
3,93 €"
3352|Caramel, lait de douche gourmand|Le flacon de 250ml|[Origine : FRANCE, Pour une peau douce à croquer : douceur, gourmandise et respect de la peau., Ne pas laisser à la portée des enfants, Aqua, sodium laureth sulfate, sodium chloride, TEA lauryl sulfate, lauryl betaine, decyl glucoside, glycerin, parfum, styrene/acrylates copolymer, cetyl palmitate, lactose, beheneth-10, sodium caséinate, hydrogenated castor oil, glyceryl stearate, coumarine, citric acid, glycoproteins, methylchloroisothiazolinone, methylisothiazolinone, Cl19140, Cl14700, Cl17200.]|"
9,68€ / L"|"
2,42 €"
3353|Douche à l'huile de mangue extra nourrissante, peaux sèches et sensibles|Le flacon de 560ml|[Origine : FRANCE, Riche en huiles réparatrices, elle nourrit la peau intensément sans laisser de film gras. L'huile de mangue réhydrate en profondeur les peaux asséchées et les protège durablement., Ne pas laisser à la portée des enfants., 12 mois après ouverture.]|"
7,27€ / L"|"
4,07 €"
3354|Douche huile précieuse, Extra nourrissante|Le flacon de 560ml|[Origine : FRANCE, Découvrez la douche huile Cottage extra nourrissante. Elle respecte l'origine de la peau et nettoie les plus délicates sans les agresser.Riche en huiles réparatrices, elle nourrit la peau intensément sans laisser de film gras. Goûtez au plaisir authentique d'un parfum gourmand et offrez à votre peau tous les bienfaits de l'huile de Macadamia. Originaire d'Australie et appelée 'Reine des Noix', la noix de Macadamia produit une huile noble, unique et précieuse. Naturellement riche en lipides protecteurs des cellules, elle renforce la barrière cutanée et répare les peaux sèches., Ne pas laisser à la portée des enfants., Aqua, ammonium lauryl sulfate, cocamidopropyl betaine, decyl glucoside, glycerin, parfum, sodium benzoate, coco-glucoside, glyceryl oleate, citric acid, peg-40 hydrogenated castor oil, benzoic acid, macadamia seed oil polyglyceryl-6 esters, hydrogenated palm glycerides citrate, tocopherol, Cl 19140, Cl 15510. 98% d'ingrédients d'origine naturelle. Sans paraben., 12 mois après ouverture.]|"
7,34€ / L"|"
4,11 €"
3355|Douche lait adoucissante, Coing & Lait vanillé|Le flacon de 250ml|[Origine : FRANCE, Goûtez au plaisir authentique d'un parfum juteux et délicatement vanillé et offrez à votre peau tous les bienfaits du coing et du lait. Douceur et respect de la peau., Ne pas laisser à la portée des enfants., Aqua (water), sodium laureth sulfate, sodium chloride, tea-lauryl sulfate, lauryl betaine, glycerin, decyl glucoside, parfum (fragrance), styrene/acrylates copolymer, cetyl palmitate, peg-200 hydrogenated glyceryl palmate, potassium sorbate, peg-7 glyceryl cocoate, citric acid, beheneth-10, citral, limonene, linalool, glyceryl stearate, hydrogenated castor oil, methylisothiazolinone, lactoglobulin, formic acid, pyrus cydonia fruit extract, sodium hydroxide, Cl 15985 (yellow 6), Cl 19140 (yellow5). Sans paraben. Aux extraits de coing et au lait., 12 mois après ouverture.]|"
9,84€ / L"|"
2,46 €"
3357|Lait corps extra nourrissant au monoï|Le flacon de 250ml|[Origine : FRANCE]|"
16,84€ / L"|"
4,21 €"
3358|Lait corps hydratant à la violette|Le flacon de 250ml|[Origine : FRANCE]|"
16,84€ / L"|"
4,21 €"
3359|Lait corps hydratant au caramel|Le flacon de 250ml|[Origine : FRANCE]|"
16,84€ / L"|"
4,21 €"
3360|Bain de beauté, crème hydratante|le flacon de 500ml|[Origine : FRANCE, Le secret d'une belle peau, c'est l'hydratation. D'où l'idée de ce produit : la rencontre d'une mousse crémeuse et d'un parfum aromatique associés à 1/4 de crème hydratante Dove.Le résultat ? Un bain aux sensations délicieuses, une peau douce et chouchoutée. Offrez-vous ce plaisir au quotidien. Dove chaque jour, une belle peau pour toujours., Aqua, sodium laureth sulfate, glycerin, cocamidopropyl betaine, parfum, cocamide mea, isopropyl palmitate, guar hydroxypropyltrimonium chloride, acrylates copolymer, styrene/acrylates copolymer, ppg-12, sodium lauryl sulfate, sodium chloride, citricacid, sodium benzoate, benzyl alcohol, butylphenyl methylpropional, citronellol, hexyl cinnamal, limonene, linalool., 12 mois après ouverture.]|"
10,96€ / L"|"
5,48 €"
3361|Douche, soin de beauté|Le flacon de 250ml|[Origine : ALLEMAGNE, Dove Lumière & Soie est l'alliance délicieuse d'une crème soyeuse avec l'hydra nutrium, une association unique d'agents hydratants & lipides pour nourrir intensément la peau pendant votre douche.Vous sortez de votre douche chaque jour avec une peau nourrie, douce et rayonnante comme de la soie. Bon pour votre peau. Parfait pour votre éclat., Aqua, glycerin, helianthus annuus hybrid oil, cocamidopropyl betaine, sodium hydroxypropyl starch phosphate, sodium laureth sulfate, sodium cocoyl glycinate, lauric acid, parfum, sodium lauroyl isethionate, stearic acid, sodium palmitate, sodium isethionate, sodium chloride, guar hydroxypropyltrimonium chloride, sodium stearate, sodium palm kernelate, zinc oxide, citric acid, tetrasodium edta, tetrasodium etidronate, alumina, bht, sodium benzoate, methylisothiazolinone, dmdm hydantoin, alpha-isomethyl ionone, benzyl alcohol, benzyl benzoate, benzyl salicylate, butylphenyl methylpropional, geraniol, hexyl cinnamal, limonene, linalool, Cl17200, Cl19140, Cl77891., 12 mois après ouverture.]|"
11,92€ / L"|"
2,98 €"
3362|Douche soin nourrissante, Hydra nutrium|Le flacon de 750ml|[Origine : FRANCE, Seules les douches Dove allient nos agents nettoyants les plus doux à l'Hydra Nutrium, une combinaison unique d'hydratants qui sont absorbés par la peau pour la nourrir en profondeur., 12 mois après ouverture.]|"
10,69€ / L"|"
8,02 €"
3363|Douche soin nourrissante, Hypoallergénique|Le flacon de 400ml|[Origine : ALLEMAGNE, Pourquoi Dove est différent ? La différence, c'est la nutrition Dove. Seules les douches Dove allient nos agents nettoyants les plus doux à l'Hydranutrium, une combinaison unique d'hydratants enrichis en lipides naturellement présents dans la peau, qui sont absorbés par la peau pour la nourrir en profondeur (couches supérieures de l'épiderme) durant la douche. Utilisée quotidiennement cette douche aide à retrouver une peau plus belle plus longtemps., Pour les peaux sensibles, cette douche est hypoallergénique et testée cliniquement., Aqua, glycerin, cocamidopropyl betaine, sodium hydroxypropyl starch phosphate, sodium laureth sulfate, helianthus annuus hybrid oil, sodium cocoyl glycinate, hydrogenated soybean oil, lauric acid, guar hydroxypropyltrimonium chloride, parfum, sodiumchloride, stearic acid, sodium palmitate, sodium lauroyl isethionate, sodium isethionate, sodium stearate, tetrasodium edta, sodium palm kernelate, tetrasodium etidronate, citric acid, dmdm hydantoin, sodium benzoate, methylisothiazolinone, bht, zincoxide, alumina, Cl 77891. Sans paraben., 12 mois après ouverture.]|"
12,33€ / L"|"
4,93 €"
3364|Douche soin nourrissante, Mon soin cocooning|Le flacon de 250ml|[Origine : FRANCE, Nourrissez et chouchoutez votre corps en vivant une véritable expérience sensorielle sous la douche. La douche-crème Dove au lait de coco et au subtil parfum de pétales de jasmin savoureusement mariés à l'hydra nutrium créera un délicieux nuage de mousse onctueuse pour vous apporter, ainsi qu'à votre peau, la sensation d'être nourrie et apaisée., Aqua, sodium hydroxypropyl starch phosphate, sodium laureth sulfate, cocamidopropyl betaine, petrolatum, sodium cocoyl glycinate, lauric acid, sodium lauroyl isethionate, glycerin, helianthus annuus hybrid oil, parfum, cocos nucifera fruit extract, sine adipe lac, guar hydroxypropyltrimonium chloride, sodium chloride, stearic acid, sodium palmitate, sodium isethionate, sodium stearate, sodium palm kernelate, zinc oxide, tetrasodium edta, tetrasodium etidronate, alumina, bht, pentylene glycol, propylene glycol, peg-40 hydrogenated castor oil, trideceth-9, citric acid, dmdm hydantoin, sodium benzoate, methylisothiazolinone, phenoxyethanol, methylparaben, ethylparaben, propylparaben, butylparaben, alpha-isomethyl ionone, benzyl alcohol, benzylsalicylate, butylphenyl methylpropional, coumarin, hexyl cinnamal, limonene, linalool, CI 17200, CI 19140, CI 77891., 12 mois après ouverture.]|"
12,96€ / L"|"
3,24 €"
3365|Douche soin nourrissante, Nutrition intense|Le flacon de 250ml|[Origine : ALLEMAGNE, Utilisée chaque jour, elle favorise le bon renouvellement des couches supérieures de l'épiderme aidant ainsi à reconstituer la beauté de la peau de l'intérieur pour une peau + belle + longtemps.Seules les douches soin Dove contiennent de l'Hydra Nutrium, une association unique d'agents hydratants et de lipides naturellement présents dans la peau qui sont absorbés pour nourrir intensément la peau pendant votre douche. Nutrition Intense. Belle tous les jours., Se rince facilement. Pour un résultat optimal, utilisez chaque jour., Aqua, glycerin, helianthus annuus hybrid oil, cocamidopropyl betaine, sodium hydroxypropyl starch phosphate, sodium laureth sulfate, sodium cocoyl glycinate, lauric acid, parfum, sodium lauroyl isethionate, stearic acid, sodium palmitate, sodium isethionate, sodium chloride, guar hydroxypropyltrimonium chloride, sodium stearate, sodium palm kernelate, zinc oxide, citric acid, tetrasodium edta, tetrasodium etidronate, alumina, bht, sodium benzoate, methylisothiazolinone, dmdm  hydantoin, benzyl alcohol, butylphenyl methylpropional, citronellol, hexyl cinnamal, limonene, linalool, Cl77891., 12 mois après ouverture.]|"
8,76€ / L"|"
2,19 €"
3366|Douche soin nourrissante, Nutrition intense|Le flacon de 400ml|[Origine : ALLEMAGNE, L'Hydra Nutrium, une association unique d'agents hydratants et lipides naturellement présents dans la peau qui sont absorbés pour nourrir intensément la peau pendant votre douche.Utilisée chaque jour, elle favorise le bon renouvellement des couches supérieures de l'épiderme aidant ainsi à reconstituer la beauté de la peau de l'intérieur pour une peau plus belle plus longtemps., Se rince facilement. Pour un résultat optimal, utilisez chaque jour., Aqua, glycerin, helianthus annuus hybrid oil, hydrogenated soybean oil, cocamidopropyl betaine, sodium hydroxypropyl starch phosphate, sodium laureth sulfate, sodium cocoyl glycinate, lauric acid, parfum, sodium lauroyl isethionate, stearic acid, sodium palmitate, sodium isethionate, sodium chloride, guar hydroxypropyltrimonium chloride, sodium stearate, sodium palm kernelate, zinc oxide, citric acid, tetrasodium edta, tetrasodium etidronate, alumina, bht, sodium benzoate, methylisothiazolinone,dmdm hydantoin, benzyl alcohol, butylphenyl methylpropional, citronellol, hexyl cinnamal, limonene, linalool, Cl 77891., 12 mois après ouverture.]|"
8,73€ / L"|"
3,49 €"
3367|Douche soin nourrissante, Nutrition intense|Le flacon de 750ml|[Origine : FRANCE, Les douches soin Dove contiennent de l'Hydra Nutrium une association unique d'agents hydratants et de lipides présent dans la peau qui sont absorbés pour nourrir intensément la peau., Pour un résultat optimal, utilisez chaque jour., Aqua, glycerin, cocamidopropyl betaine, sodium hydroxypropyl starch phosphate, sodium laureth sulfate, helianthus annuus hybrid oil, sodium glycinate, hydrogenated soybean oil, lauric acid, parfum, sodium lauroyl isethionate, stearic acid, sodium palmitate, sodium isethionate, sodium chloride, guar hydroxypropyltrimonium chloride, sodium stearate, sodium palm kernelate, zinc oxide, citric acid, tetrasodium edta, tetrasodium etidronate, alumina, bht, sodium benzoate, methylisothiazolinone, dmdm hydantoin, benzyl alcohol, butylphenyl methylpropional, citronellol, hexyl cinnamal, limonene, linalool, CI77891., 12 mois après ouverture.]|"
8,60€ / L"|"
6,45 €"
3368|Douche soin nourrissante, Surgras|Le flacon de 250ml|[Origine : FRANCE]|"
12,72€ / L"|"
3,18 €"
3369|Huile, crème douche|Le flacon 400ml|[Origine : FRANCE, Dove a pris tout ce que vous adorez dans l'huile et tout ce que vous adorez dans la crème et  les a réunis. Le résultat est un gel douche 10 fois  plus riche en huiles de soin qu'un gel douche classique. Riche en huiles mais sans effet gras. Intensément hydratant* tout en restant léger. Plaisir voluptueux et soin intense. Une magnifique contradiction. *hydratation des couches supérieures de l'épiderme, Aqua, Helianthus Annuus Seed Oil, Sodium Laureth Sulfate (A)/Sodium C12-13 Pareth Sulfate (B)* Glycerin, Cocamidopropyl Betaine, Lauric Acid, Cocamide  MEA, Parlum, Petrolalum, Lanolin Alcohol, Macadamia Ternifolia Seed Oil, Serica, Guar Hydroxypropyltrimonium Chloride, Citric Acid, Tocopherol, BHT, Disodium EDTA, Benzophenone-4, Sodium  Benzoate, Alpha-isomethyl Ionone, Butylphenyl Methylpropional, Citronellol, Geraniol, Limonene, CI 16255, CI 47005., 12 mois après ouverture.]|"
11,55€ / L"|"
4,62 €"
3370|Douche & Bain, Crème extra doux, Abricot & Noisette|Le flacon de 650ml|[Origine : ITALIE, Sa formule lave en douceur et hydrate la peau. Abondante et facile à rincer, sa mousse libère un parfum qui s'inspire de la douce odeur de l'abricot et des noisettes fraîchement cueillies. Variez les plaisirs avec le Douche & Bain Crème Le Petit Marseillais qui s'utilise aussi bien sous la douche que pour un bain moussant., Aqua, sodium laureth sulfate, glycerin, cocamidopropyl betaine, sucrose cocoate, corylus avellana seed extract, prunus armeniaca fruit extract, propylene glycol, cocamide mea, lauryl glucoside, disodium cocoamphodiacetate, ceteareth-60 myristyl glycol, sodium lauryl sulfate, sodium chloride, styrene/acrylates copolymer, polyquaternium-7, polysorbate 20, citric acid, sodium glycolate, sodium benzoate, parfum, hexyl cinnamal, geraniol, linalool, benzyl salicylate, butylphenyl methylpropional. Sansparaben., 12 mois après ouverture.]|"
8,95€ / L"|"
5,82 €"
3371|Douche & Bain, Crème extra doux, Fleur de cerisier|Le flacon de 650ml|[Origine : ITALIE, Sa formule lave en douceur et s'utilise aussi bien sous la douche que pour un bain moussant. Abondante et facile à rincer, sa mousse libère un parfum floral. Votre peau est douce et hydratée. Révélez votre côté nature avec les Douches & Bain Extra Doux Le Petit Marseillais : des ingrédients simples et de parfums vrais pour faire de la douche et du bain un moment de plaisir., Aqua, sodium laureth sulfate, glycerin, cocamidopropyl betaine, sucrose cocoate, prunus cerasus flower extract, propylene glycol, cocamide mea, lauryl glucoside, disodium cocoamphodiacetate, ceteareth-60 myristyl glycol, sodium lauryl, sodium chloride, sodium sulfate, styrene/acrylates copolymer, polyquaternium-7, polysorbate 20, citric acid, sodium glycolate, sodium benzoate, parfum, butylphenyl methylpropional, hexyl cinnamal, CI 14720. Sans paraben., 12 mois après ouverture.]|"
9,49€ / L"|"
6,17 €"
3372|Douche & Bain, Extra doux, Aloe vera|Le flacon de 650ml|[Origine : ITALIE, Sa formule lave en douceur, hydrate et rafraîchit la peau. Abondante et facile à rincer, sa mousse libère un parfum doux et rafraîchissant. Variez les plaisirs avec le Douche & Bain Crème Le Petit Marseillais qui s'utilise aussi bien sous la douche que pour un bain moussant., Aqua, ammonium lauryl sulfate, glycerin, cocamidopropyl betaine, lauryl glucoside, aloe barbadensis leaf juice, hydrogenated palm glycerides citrate, lauryl alcohol, glyceryl oleate, alcohol, coco-glucoside, polyquaternium-7, benzotriazolyl dodecyl p-cresol, tris (tetramethylhydroxypiperidinol) citrate, sodium chloride, ammonium sulfate, ammonium chloride, citric acid, tocopherol, sodium sulfite, sodium benzoate, potassium sorbate, parfum, hexyl cinnamal, limonene, linalool, citronellol, alpha isomethyl ionone, CI 19140, CI 42090., 12 mois après ouverture.]|"
9,49€ / L"|"
6,17 €"
3373|Douche & Bain, Extra doux, Huile d'olive & Tilleul|Le flacon de 650ml|[Origine : ITALIE, Sa formule lave en douceur et s'utilise aussi bien sous la douche que pour un bain moussant. Abondante et facile à rincer, sa mousse libère un parfum de Provence. La peau est douce et hydratée. Révélez votre côté nature avec les Douches & Bain ExtraDoux Le Petit Marseillais : des ingrédients simples et de parfums vrais pour faire de la douche et du bain un moment de plaisir., Aqua, sodium laureth sulfate, glycerin, cocamidopropyl betaine, sucrose cocoate, tilia cordata flower extract, peg-10 olive glycerides, cocamide mea, lauryl glucoside, disodium cocoamphodiacetate, polysorbate 20, ceteareth-60 myristyl glycol, polyquaternium-7, sodium chloride, sodium sulfate, tetrasodium edta, citric acid, sodium glycolate, sodium benzoate, methylisothiazolinone, parfum, hexyl cinnamal, limonene, benzyl salicylate, butylphenyl methylpropional, geraniol, linalool, caramel, CI 19140, CI 42051. Sans paraben., 12 mois après ouverture.]|"
9,49€ / L"|"
6,17 €"
3374|Douche & Bain, Extra doux, Orange & Pamplemousse|Le flacon de 650ml|[Origine : ITALIE, Sa formule lave en douceur et hydrate la peau. Abondante et facile à rincer, sa mousse libère un parfum tonique et ensoleillé. Variez les plaisirs avec le Douche & Bain Crème Le Petit Marseillais qui s'utilise aussi bien sous la douche que pour un bain moussant., Aqua, sodium laureth sulfate, glycerin, cocamidopropyl betaine, sucrose cocoate, citrus aurantium dulcis fruit extract, citrus grandis fruit extract, propylene glycol, cocamide mea, lauryl glucoside, disodium cocoamphodiacetate, ceteareth-60 myristylglycol, polysorbate 20, polyquaternium-7, sodium chloride, tetrasodium edta, citric acid, sodium glycolate, methylisothiazolinone, potassium sorbate, sodium benzoate, parfum, limonene, linalool, CI 15985, CI 19140. Sans paraben., 12 mois après ouverture.]|"
9,49€ / L"|"
6,17 €"
3375|Douche & bain crème, sève d'aloe vera & fleur d'amandier|Le flacon de 650ml|[Origine : ITALIE, Aqua, Ammonium lauryl sulfate, Glycerin,  Cocamidoprapyl betaine,  Aloe Barbadensis Leaf Juice, Prunus Amygdalus dulcis Flower Extract, Lauryl Alcohol, Ammonium Chloride, Ammonium Sulfate,  Sodium Chloride, Acrylates  copolymer, Polyquaternium-7, Styrene/acrylates Copolymer, Citric Acid, Sodium Benzaote, Sodium Sulfite, Parfum. SANS PARABEN]|"
9,49€ / L"|"
6,17 €"
3376|Douche & bain crème, Sève d'aloe vera & fleur de pommier|Le flacon de 650ml|[Origine : ITALIE, Aqua, Ammonium lauryl sulfate,  Cocamidoprapyl betaine, Glycerin ,  Aloe Barbadensis Leaf Juice, Pyrus Malus Flower Extract, Hydroxypropyl guar hydroxypropyltrimonium Chloride, Lauryl Alcohol, Sodium Chloride,  , Ammonium Sulfate, Polyquaternium-7,Ammonium Chloride, , Acrylates , Citric Acid , Sodium benzoate, Sodium Sulfite, Parfum. SANS PARABEN]|"
9,49€ / L"|"
6,17 €"
3377|Douche & bain extra doux aux lait d'acacia|Bouteille 650ml|[Origine : ITALIE, Le Douche & Bain au lait d'Acacia lave en douceur votre peau. Sa mousse onctueuse et facile à rincer libère un parfum lacté et délicieusement sucré., Aqua, ammonium lauryl sulfate, cocamidopropyl betaine, sodium chloride, acacia saligna leaf extract, polyquaternium-7, glyceryl oleate, hydrogenated palm glycerides citrate, lauryl alcohol, sodium lauryl sulfate, coco glucoside, zea mays starch, styrene/acrylates copolymer, xanthan gum, acrylates copolymer, ammonium chloride, ammonium sulfate, hydroxypropyl guar hydroxypropyltrimonium chloride, citric acid, tocophérol, sodium benzoate, potassium sorbate, parfum, hexyl cinnamal, linalool, limonène, géraniol. Sans paraben., 12 mois après ouverture.]|"
9,49€ / L"|"
6,17 €"
3378|Douche baume de soin, Huile aux pétales de rose|Le flacon de 250ml|[Origine : GRECE, Sa texture baume, riche et onctueuse, vous enveloppe d'une légère mousse délicatement parfumée. Lavée en douceur, votre peau nourrie et hydratée pendant 24h., Aqua, ammonium lauryl sulfate, glycerin, cocamidopropyl betaine, hydroxypropyl starch phosphate, sodium chloride, rosa damascena flower extract, hydrogenated argania spinosa kernel oil, cera alba, cetyl alcohol, lauryl alcohol, caprylic/capric triglycéride, sodium lauryl sulfate, polyquaternium-7, acrylates copolymer, ammonium chloride, ammonium sulfate, stearyl alcohol, myristyl alcohol, glycol distearate, styrene/acrylates copolymer, citric acid, tocopherol, sodium benzoate, parfum, hexyl cinnamal. Sans paraben., 12 mois après ouverture.]|"
12,96€ / L"|"
3,24 €"
3379|Douche baume de soin, Huile d'amande douce|Le flacon de 250ml|[Origine : GRECE, Sa texture baume, riche et onctueuse, vous enveloppe d'une légère mousse délicatement parfumée. Lavée en douceur, votre peau nourrie et hydratée pendant 24h., Aqua, ammonium lauryl sulfate, glycerin, cocamidopropyl betaine, hydroxypropyl starch phosphate, prunus amygdalus dulcis oil, cera alba, olea europaea fruit oil, hydrogenated olive oil, cetyl alcohol, lauryl alcohol, caprylic/capric triglyceride, sodium lauryl sulfate, polyquaternium-7, acrylates copolymer, sodium chloride, ammonium chloride, ammonium sulfate, myristyl alcohol, stearyl alcohol, glycol distearate, styrene/acrylates copolymer, citric acid, tocopherol, sodium benzoate, parfum, coumarin. Sans paraben., 12 mois après ouverture.]|"
11,48€ / L"|"
2,87 €"
3380|Douche crème extra doux, fleur d'oranger|Le flacon de 250ml|[Origine : ITALIE, Aqua Sodium Laureth Sulfate Glycerin Cocamidopropyl Betaine Helianthus Annuus Seed Oil Citrus Aurantium Dulcis Flower Extract Cinnamic Acid Levulinic Acid Sodium Levulinate Sucrose Cocoate Polyglyceryl-3 Diisostearate Glyceryl Stearate Glyceryl Caprylate Lecithin Polysorbate 20 Cocamide MEA Lauryl Glucoside Disodium Cocoamphodiacetate Ceteareth-60 Myristyl Glycol Sodium Lauryl Sulfate Styrene/Acrylates Copolymer Polyquaternium-7 Xanthan Gum Sodium Chloride Sodium Glycolate Disodium EDTA Sodium Phytate Citric Acid Tocopherol Potassium Sorbate Sodium Benzoate Parfum Hexyl Cinnamal Limonene Linalool. SANS PARABEN]|"
10,52€ / L"|"
2,63 €"
3381|Douche crème extra doux, hydrate et nourrit                      Lait d'amande douce|L'éco-recharge de 500ml|[Origine : FRANCE, Sans paraben et au pH neutre pour la peau, la Douche crème au lait d'Amande Douce Le Petit Marseillais lave en douceur votre peau. Sa mousse onctueuse et facile à rincer libère un parfum enveloppant et gourmand. Votre peau est douce, hydratée et nourrie. Un produit malin. Un format généreux. Un emballage moins gourmand., Ceci n'est pas un jouet. Ne laissez pas votre enfant jouer avec., Aqua, sodium, laureth sulfate, glycerin, cocamidopropyl betaine, sodium chloride, prunus amigdalus dulcis oil, cinnamic acid levulinic acid, sodium levulinate, lecithin, sucrose cocoate, polyglyceryl-3 diisostearate, glyceryl stearate, glyceryl caprylate, polysorbate 20, cocamide MEA, lauryl glucoside, disodium cocoamphodiacetate, ceteareth-60 myristyl glycol, sodium lauryl sulfate, styrene/acrylates copolymer, polyquaternium-7, xanthan gum, disodium EDTA, sodium phytate, sodium glycolate, citric acid, tocopherol, potassium sorbate, sodium benzoate, parfum, alpha-isomethyl ionone, eugenol. Sans paraben., 12 mois après ouverture.]|"
10,20€ / L"|"
5,10 €"
3382|Douche crème extra doux, lait d'amande douce|Le flacon de 250ml|[Origine : ITALIE, Aqua Sodium Laureth Sulfate Glycerin Cocamidopropyl Betaine Sodium Chloride Prunus Amygdalus Dulcis Oil Cinnamic Acid Levulinic Acid Sodium Levulinate Lecithin Sucrose Cocoate Polyglyceryl-3 Diisostearate Glyceryl Stearate Glyceryl Caprylate Polysorbate 20 Cocamide MEA Lauryl Glucoside Disodium Cocoamphodiacetate Ceteareth-60 Myristyl Glycol Sodium Lauryl Sulfate Styrene/Acrylates Copolymer Polyquaternium-7 Xanthan Gum Disodium EDTA Sodium Phytate Sodium Glycolate Citric Acid Tocopherol Potassium Sorbate Sodium Benzoate Parfum Alpha-Isomethyl Ionone Eugenol. SANS PARABEN]|"
10,52€ / L"|"
2,63 €"
3383|Douche crème extra doux, lait de coton & coquelicot|Le flacon de 250ml|[Origine : ITALIE, La Douche Crème Le Petit Marseillais lave en douceur et hydrate la peau. Onctueuse et facile à rincer, sa mousse libère un parfum raffiné et gourmand procurant une intense sensation de douceur., Aqua, sodium laureth sulfate, glycerin, cocamidopropyl betaine, sodium chloride, gossypium herbaceum seed oil, papaver rhoeas petal extract, sucrose cocoate, lecithin, sodium levulinate, levulinic acid, cinnamic acid, glyceryl caprylate, glyceryl stearate, polyglyceryl-3 diisostearate, ceteareth-60 myristyl glycol, cocamide mea, disodium cocoamphodiacetate, lauryl glucoside, polysorbate 20, sodium lauryl sulfate, polyquaternium-7, xanthan gum, styrene/acrylates copolymer, disodium edta, sodium phytate, citric acid, sodium glycolate, tocopherol, sodium benzoate, potassium sorbate, parfum, butylphenyl methylpropional, linalool. Sans paraben., 12 mois après ouverture.]|"
10,52€ / L"|"
2,63 €"
3384|Douche crème extra doux, lait de vanille|Le flacon de 250ml|[Origine : ITALIE, Aqua Sodium Laureth Sulfate Glycerin Sodium Chloride Cocamidopropyl Betaine Vanilla Planifolia Fruit Extract Helianthus Annuus Seed Oil Cinnamic Acid Levulinic Acid Sodium Levulinate Sucrose Cocoate Polyglyceryl-3 Diisostearate Glyceryl Stearate Glyceryl Caprylate Lecithin Polysorbate 20 Cocamide MEA Lauryl Glucoside Disodium Cocoamphodiacetate Ceteareth-60 Myristyl Glycol Styrene/Acrylates Copolymer Polyquaternium-7 Xanthan Gum Sodium Sulfate Disodium EDTA Sodium Phytate Sodium Glycolate CitricAcid Tocopherol Potassium Sorbate Sodium Benzoate Parfum Benzyl Salicylate Coumarin CI 19140 Caramel. SANS PARABEN]|"
10,52€ / L"|"
2,63 €"
3385|Douche crème extra doux, lilas|Le flacon de 250ml|[Origine : ITALIE, Aqua Sodium Laureth Sulfate Glycerin Cocamidopropyl Betaine Sucrose Cocoate Syringa Vulgaris Flower Extract Cocamide MEA Lauryl Glucoside Disodium Cocoamphodiacetate Polysorbate 20 Ceteareth-60 Myristyl Glycol Polyquaternium-7 Sodium Chloride Styrene/Acrylates Copolymer Sodium Lauryl Sulfate Citric Acid Sodium Glycolate Sodium Benzoate Potassium Sorbate Parfum Butylphenyl Methylpropional Citronellol Hydroxycitronellal Linalool. SANS PARABEN]|"
10,24€ / L"|"
2,56 €"
3386|Douche crème extra doux, miel de lavande|Le flacon de 250ml|[Origine : ITALIE, La Douche Crème Le Petit Marseillais lave en douceur et hydrate la peau. Onctueuse et facile à rincer, sa mousse libère un parfum authentique de Provence. Ses notes intenses évoquent la gourmandise du miel et la lavande fraîchement cueillie. Votre peau est douce, hydratée et nourrie., Aqua, sodium laureth sulfate, glycerin, cocamidopropyl betaine, sucrose cocoate, mel extract, butylene glycol, cocamide mea, lauryl glucoside, disodium cocoamphodiacetate, ceteareth-60 myristyl glycol, sodium chloride, styrene/acrylates copolymer, polyquaternium-7, polysorbate 20, citric acid, sodium glycolate, sodium benzoate, parfum, linalool, coumarin, butylphenyl methylpropional, limonene. Sans paraben., 12 mois après ouverture.]|"
10,52€ / L"|"
2,63 €"
3387|Douche extra doux, lait|Le flacon de 250ml|[Origine : ITALIE, Aqua Sodium Laureth Sulfate Glycerin Cocamidopropyl Betaine Cinnamic Acid Levulinic Acid Prunus Amygdalus Dulcis Oil Sodium Levulinate Glyceryl Caprylate Glyceryl Stearate Polyglyceryl-3 Diisostearate Sucrose Cocoate Glycol Distearate Lecithin Cocamide MEA Ceteareth-60 Myristyl Glycol Disodium Cocoamphodiacetate Laureth-10 Lauryl Glucoside Polysorbate 20 Polyquaternium-7 Sodium Chloride Xanthan Gum Sodium Phytate Tetrasodium EDTA Sodium Glycolate Citric Acid Tocopherol Methylisothiazolinone Sodium Benzoate Potassium Sorbate Benzoic Acid Parfum Alpha-Isomethyl Ionone Coumarin Geraniol Linalool Citronellol. SANS PARABEN]|"
10,52€ / L"|"
2,63 €"
3388|Douche huile, Nourrissante|Le flacon de 250ml|[Origine : FRANCE, Riche en sucres, l'extrait de gelée royale est reconnu pour ses vertus hydratantes et protectrices. Véritable soin de la peau, l'huile de noisette est réputée pour ses propriétés nourrissantes.La Douche Huile Nourrissante lave en douceur, hydrate etnourrit durablement la peau en un seul geste. Sous la douche, sa texture fluide, non grasse, respecte votre peau et se transforme en une mousse généreuse. Facile à rincer, elle laisse sur votre peau un parfum gourmand et délicieusement miellé., Aqua, ammonium lauryl sulfate, cocamidopropyl betaine, glycerin, corylus avellana seed oil, royal jelly extract, glyceryl oleate, hydrogenated palm glycerides citrate, lauryl alcohol, coco-glucoside, polyquaternium-7, ammonium chloride, ammonium sulfate, sodium chloride, citric acid, sodium benzoate, parfum, Cl 15985. Sans paraben., 12 mois après ouverture.]|"
11,32€ / L"|"
2,83 €"
3389|Gel douche extra doux, mandarine & citron vert|Le flacon de 250ml|[Origine : ITALIE, Aqua Sodium Laureth Sulfate Glycerin Cocamidopropyl Betaine Sucrose Cocoate Citrus Aurantifolia Fruit Extract Citrus Nobilis Fruit Extract Propylene Glycol Polysorbate 20 Cocamide MEA Lauryl Glucoside Disodium Cocoamphodiacetate Ceteareth-60 MyristylGlycol Polyquaternium-7 Sodium Chloride Sodium Sulfate Tetrasodium EDTA Citric Acid Sodium Glycolate Methylisothiazolinone Sodium Benzoate Parfum Limonene CI 19140 CI 42051 CI 47005. SANS PARABEN]|"
10,52€ / L"|"
2,63 €"
3390|Gel douche extra doux, pêche blanche & nectarine|Le flacon de 250ml|[Origine : ITALIE, Aqua Sodium Laureth Sulfate Glycerin Cocamidopropyl Betaine Prunus Persica Nectarina Fruit Extract Prunus Persica Fruit Extract Sucrose Cocoate Polysorbate 20 Butylene Glycol Propylene Glycol Ceteareth-60 Myristyl Glycol Cocamide MEA Disodium Cocoamphodiacetate Lauryl Glucoside Polyquaternium-7 Sodium Chloride Tetrasodium EDTA Citric Acid Sodium Glycolate Sodium Benzoate Methylisothiazolinone Parfum Benzyl Salicylate Limonene CI 14700 CI 19140. SANS PARABEN]|"
10,52€ / L"|"
2,63 €"
3391|Gel douche extra doux, pin & criste marine|Le flacon de 250ml|[Origine : ITALIE, Aqua Sodium Laureth Sulfate Glycerin Cocamidopropyl Betaine Sucrose Cocoate Crithmum Maritimum Extract Pinus Pinaster Bark Extract Cocamide MEA Lauryl Glucoside Disodium Cocoamphodiacetate Polysorbate 20 Ceteareth-60 Myristyl Glycol Polyquaternium-7Sodium Chloride Sodium Sulfate Tetrasodium EDTA Citric Acid Sodium Glycolate Sodium Benzoate Methylisothiazolinone Potassium Sorbate Parfum Butylphenyl Methylpropional Hexyl Cinnamal Linalool Benzyl Salicylate Limonene Hydroxycitronellal CI 14720 CI42051. SANS PARABEN]|"
10,68€ / L"|"
2,67 €"
3392|Gel douche extra doux, verveine & citron|Le flacon de 250ml|[Origine : ITALIE, Aqua Sodium Laureth Sulfate Glycerin Cocamidopropyl Betaine Sucrose Cocoate Verbena Officinalis Leaf Extract Citrus Limon Peel Oil Polysorbate 20 Cocamide MEA Lauryl Glucoside Disodium Cocoamphodiacetate Ceteareth-60 Myristyl Glycol Polyquaternium-7Sodium Chloride Sodium Sulfate Disodium EDTA Sodium Glycolate Citric Acid Sodium Benzoate Potassium Sorbate Parfum Citral Limonene Linalool CI 14720 CI 19140. SANS PARABEN]|"
10,52€ / L"|"
2,63 €"
3393|Gel mousse extra doux lait d'amande douce|Le berlingot de 250 ml|[Origine : FRANCE, Aqua-sodium laureth sulfate-laureth 3-lauryl glucoside-sodium chloride-cocamidopropyl betaine-polyquaternium 7-PEG 40-hydrogenated castor oil-styrene acrylates-copolymer-prunus dulcis oil-hydrogenated lecithin-polyglyceryl 3-disostearate-glycerin-glyceryl stearate-xanthan gum-parfum-alpha=isomethyl ionone-eugenol-tetrasodium EDTA-DMDM hydantoin-iodopropynyl butylcarbamate-citric acid-sodium hydroxide.]|"
4,08€ / L"|"
1,02 €"
3394|Lait d'amandes & miel du Péloponnèse, douche hydratante|Le flacon de 250ml|[Origine : FRANCE, La douche au lait hydratante lave en douceur, hydrate intensément et nourrit la peau en un seul geste. Facile à rincer, cette douche enveloppe votre peau d'un parfum doux et gourmand.Sous la douche, sa texture lactée se transforme en une mousse onctueuse, adaptée aussi au rasage., Aqua, sodium laureth sulfate, glycerin, cocamidopropyl betaine, sorbitol, sucrose cocoate, prunus amygdalus dulcis oil, mel extract, lecithin, butylene glycol, lauryl glucoside, disodium laureth sulfosuccinate, ceteareth-60 myristyl glycol, laureth-3, sodium lauryl sulfate, polyglyceryl-3 diisostearate, glyceryl stearate, styrene/acrylates copolymer, polyquaternium-7, cocamide mea, sodium chloride, sodium sulfate, tetrasodium edta, citric acid, trisodium sulfosuccinate, sodium benzoate, methylisothiazolinone, parfum, benzyl salicylate, coumarin, hexyl cinnamal, limonene., 12 mois après ouverture.]|"
11,76€ / L"|"
2,94 €"
3395|Jambon cuit supérieur au torchon, cuisiné à l'os, sans couenne|4 tranches +1 gratuite, 160g|[Origine : FRANCE]|"
15,90€ / Kg"|"
3,18 €"
3396|Douche crème hydratante, Lait, Mûre & fleur de cerisier|Le flacon de 500ml|[Origine : FRANCE, Le gel douche Monsavon 100% essentiel Lait, mûre et fleur de cerisier contient uniquement les ingrédient essentiels pour respecter l'équilibre naturel de votre peau. Et vous offrir un moment de douceur et de bien-être parfumé sous la douche. Une texture crème au lait, comme une caresse sur la peau pour l'hydrater tout en douceur, une formule douce sans paraben, sans colorant et sans phtalate, le plaisir d'une parfum doux et fleuri pour une agréable sensation de naturel sous la douche. Toutes nosformules 100% essentiel ont été testées dermatologiquement., Retrouvez Monsavon 100% essentiel en flacon 500 ml : ce format économique s'utilise aussi bien sous la douche que pour le bain et convient à toute la famille !, 12 mois après ouverture.]|"
8,22€ / L"|"
4,11 €"
3397|Crème douche douceur|Le flacon de 250ml|[Origine : ALLEMAGNE, Grâce à la technologie brevetée Hydra IQ et les agents hydratants, sa formule apporte un soin optimal à votre peau.La texture légère enrichie à l'huile d'amande douce enveloppe votre peau d'une mousse onctueuse pour une pure sensation de douceur. Sonparfum doux et discret laisse votre peau délicatement parfumée., Aqua, sodium laureth sulfate, cocamidopropyl betaine, peg-7 glyceryl cocoate, parfum, glycerin, glyceryl glucoside, prunus amygdalus dulcis oil, sodium chloride, peg-40 hydrogenated castor oil, polyquaternium-7, styrene/acrylates copolymer, citric acid, peg-200 hydrogenated glyceryl palmate, sodium benzoate, sodium salicylate, methylparaben, propylparaben, linalool., 12 mois après ouverture.]|"
10,68€ / L"|"
2,67 €"
3398|Crème douche nourrissante|Le flacon de 500ml|[Origine : FRANCE, Sa formule se transforme en une mousse généreuse qui nettoie en douceur et nourrit la peau. Le parfum unique et réconfortant de la crème Nivea éveille vos sens., Aqua, sodium laureth sulfate, glycerin, cocamidopropyl betaine, peg-7 glyceryl cocoate, glyceryl glucoside, lanolin alcohol (eucerit®), panthenol, octyldodecanol, helianthus annuus seed oil, sodium chloride, polyquaternium-7, citric acid, peg-40  hydrogenated castor oil, styrène/acrylates copolymer, peg-200 hydrogenated glyceryl palmate, sodium benzoate, linalool, limonène, géraniol, citronellol, benzyl alcohol, alpha-isomethyl ionone, parfum., 12 mois après ouverture.]|"
7,94€ / L"|"
3,97 €"
3399|Huile de douche pour peaux sèches|Le flacon de 200ml|[Origine : ALLEMAGNE, Grâce aux 55% d'huiles naturelles de soin, sa formule apporte une nutrition intense et renforce la barrière protectrice de la peau.La texture veloutée vous enveloppe d'une mousse onctueuse et nettoie votre peau en douceur., Bien rincer la baignoire après utilisation pour éviter de glisser. Eviter le contact avec les yeux, si nécessaire, rincer à l'eau claire., Glycine soja oil, mipa laureth sulfate, ricinus communis seed oil, laureth-4, cocamide dea, parfum, citric acid, aqua, bht, propyl gallate, limonene, linalool, citronellol, coumarin, benzyl alcohol, alpha-isomethyl ionone, farnesol, geraniol., 12 mois après ouverture.]|"
21,05€ / L"|"
4,21 €"
3400|Lait corps sous la douche hydratant, à utiliser après le gel douche, à rincer. Peaux normales, minéraux marins.|Le flacon de 400ml|[Origine : FRANCE, Une toute nouvelle façon de s'hydrater à la fois douce et simple ! Un vrai moment de plaisir ! Votre peau mouillée assimile rapidement la formule hydratante, elle est vite absorbée. Résultat : une peau douce et veloutée à la sortie de la douche. Pasbesoin d'appliquer un lait pour le corps classique après. Testé sous contrôle dermatologique., Utilisez votre gel douche habituel et rincez le. Appliquez ce lait sur tout le corps sous la douche (une noisette par zone d'application suffit). Rincez. Séchez vous comme d'habitude. S'il reste du produit, pensez à bien rincer la baignoire après utilisation pour éviter de glisser., Aqua, cera microcristallina, paraffinum liquidum, glycerin, cetearyl alcohol, hydrogenated coco-glycerides, stearyl alcohol, myristyl alcohol, maris sal, sodium carbomer, sodium acrylates/C10-30 alkyl acrylate crosspolymer, aluminum starch octenylsuccinate, phenoxyethanol, methylisothiazolinone, linalool, benzyl alcohol, butylphenyl methylpropional, geraniol, limonene, alpha-isomethyl ionone, parfum. Sans colorants et silicones., 12 mois après ouverture.]|"
16,70€ / L"|"
6,68 €"
3401|Douche crème, Vanille & jojoba|Le flacon de 250ml|[Origine : ALLEMAGNE, Découvrez les secrets de beauté des sublimes femmes des îles dans cette crème de douche hydratante et délicieusement parfumée, enrichie en extraits naturels de vanille et de jojoba., 12 mois après ouverture.]|"
10,24€ / L"|"
2,56 €"
3402|Douche hydratante, Lait de vanille|Le flacon de 250ml|[Origine : FRANCE]|"
10,52€ / L"|"
2,63 €"
3403|Douche nourrissante, Lait de coco|Le flacon de 250ml|[Origine : FRANCE, Avec la nouvelle douche Tahiti Nourrissante, plongez dans le plaisir et la douceur du Paradis !Grâce à sa formule au pH neutre pour la peau enrichie en agents hydratants et en extrait naturel de noix de coco, vous sentez votre peau douce et nourrie.Son parfum gourmand aux notes orientales de coco laisse votre peau délicieusement parfumée., Aqua, sodium C12-13 pareth sulfate (*A)/sodium laureth sulfate (*B), cocamidopropyl betaine, glycerin, parfum, sodium chloride, cocamide mea, sodium benzoate, styrene/acrylates copolymer, sodium salicylate, polyquaternium-7, glycol distearate, citricacid, tetrasodium edta, laureth-4, poloxamer 124, cocos nucifera extract, cedrus atlantica oil, coumarin, hexyl cinnamal, hydroxyisohexyl 3-cyclohexene carboxaldehyde, Cl 19140, Cl 16255. *A/B : voir code de production., 12 mois après ouverture.]|"
10,52€ / L"|"
2,63 €"
3404|Douche secret, à l'huile d'argan & hibiscus|Le flacon de 250ml|[Origine : FRANCE, Découvrez les secrets de beauté des sublimes femmes des îles dans ce gel douche incroyablement sensuel enrichi en huile d'argan., 12 mois après ouverture.]|"
10,52€ / L"|"
2,63 €"
3405|Douche secret, à l'huile de monoï & frangipanier|Le flacon de 250ml|[Origine : FRANCE, Découvrez les secrets de beauté des sublimes femmes des îles dans ce gel douche incroyablement sensuel enrichi en huile de monoï., 12 mois après ouverture.]|"
10,24€ / L"|"
2,56 €"
3406|Douche secret, Coco & aloé véra|Le flacon de 250ml|[Origine : FRANCE, Découvrez les secrets de beauté des sublimes femmes des îles dans cette crème de douche hydratante et délicieusement parfumée, enrichie en extraits naturels de coco et d'aloe vera., 12 mois après ouverture.]|"
10,24€ / L"|"
2,56 €"
3407|Douche secret, Coco paradise|Le flacon de 250ml|[Origine : FRANCE, La douceur gourmande du coco se mêle à la fraîcheur des notes de citron vert : sous la douche, un délicieux voyage pour vos sens ! Plongez dans l'ambiance survoltée des paradis tropicaux avec la amme de douche Tahiti Coco Paradise !, 12 mois après ouverture.]|"
8,44€ / Pce"|"
2,11 €"
3408|Douche secret, Magnolia & karité|Le flacon de 250ml|[Origine : FRANCE, Découvrez les secrets de beauté des sublimes femmes des îles dans cette crème de douche hydratante et délicieusement parfumée, enrichie en extraits naturels de magnolia et de beurre de karité., 12 mois après ouverture.]|"
10,24€ / Pce"|"
2,56 €"
3409|Douche secret, Passion & monoï|Le flacon de 250ml|[Origine : FRANCE, Découvrez les secrets de beauté des sublimes femmes des îles dans cette crème de douche hydratante et délicieusement parfumée, enrichie en extraits naturels de passion et de monoï., 12 mois après ouverture.]|"
10,52€ / L"|"
2,63 €"
3410|Douche tonifiante, Bois des tropiques|Le flacon de 250ml|[Origine : FRANCE, Avec la nouvelle douche Tahiti Tonifiante, plongez dans le plaisir et la douceur du Paradis !Grâce à sa formule au pH neutre pour la peau enrichie en agents hydratants et en extraits naturels, vous sentez votre peau douce et hydratée. Son parfum frais et boisé vous donne tonus et vitalité !, Aqua, sodium C12-13 pareth sulfate (*A)/sodium laureth sulfate (*B), cocamidopropyl betaine, sodium sulfate, parfum, cocamide mea, sodium benzoate, peg-40 hydrogenated castor oil, sodium salicylate, cocos nucifera oil, glycol distearate, polyquaternium-7, peg-120 methyl glucose trioleate, citric acid, tetrasodium edta, laureth-4, pinus sylvestris cone oil, pogostemon cablin oil, gardenia tahitensis flower extract, hexyl cinnamal, limonene, linalool, Cl42090, Cl47005. *A/B : voir code de production., 12 mois après ouverture.]|"
10,52€ / L"|"
2,63 €"
3411|Gel douche, Gommant|Le tube de 225ml|[Origine : ROYAUME UNI, Nos soins sont merveilleux pour chouchouter votre peau et garder votre moral au beau fixe., Masser délicatement sur la peau humide, rincez et séchez sans frotter., Aqua, silica, paraffinum liquidum, petrolatum, cetearyl alcohol, glyceryl stearate SE, stearic acid, hydrogenated jojoba oil, parfum, citral, eugenol, geraniol, limonene, linalool, acrylates/C10-30 alkyl acrylate crosspolymer, denatonium benzoate, sodium hydroxide, phenoxyethanol, methylparaben, butylparaben, ethylparaben, isobutylparaben, propylparaben, CI 77499 (iron oxides), CI 47005 (yellow 10), CI 42090 (blue 1)., 12 mois après ouverture.]|"
22,84€ / L"|"
5,14 €"
3412|Gel douche & bain|Le flacon de 500ml|[Origine : ROYAUME UNI, Sous la douche, appliquez, massez sur peau humide, rincez. Pour le bain, détendez vous pendant 10 minutes., Aqua, sodium laureth sulfate, cocamidopropyl betaine, cocamide dea, glycerin, sodium chloride, parfum, styrene/acrylates copolymer, polyquaternium-7, magnesium nitrate, benzyl alcohol, citric acid, magnesium chloride, methylparaben, methylchloroisothiazolinone, methylisothiazolinone, propylparaben, CI16035 (red 40), CI17200 (red 33)., 12 mois après ouverture.]|"
12,34€ / L"|"
6,17 €"
3413|Gel douche & bain, Coconut island|Le flacon de 500ml|[Origine : ROYAUME UNI, Nous aimons imaginer des produits qui vous sortent de l'ordinaire. Les parfums sont sublimes, les textures fabuleuses, et les packagings à rendre vos amies jalouses., Sous la douche, appliquez, massez sur peau humide, rincez. Pour le bain, détendez-vous pendant 10 minutes., Aqua (water), sodium laureth sulfate, cocamidopropyl betaine, cocamide DEA, glycerin, parfum (fragrance), coumarin, styrene/acrylates copolymer, polyquaternium-7, denatonium benzoate, xanthan gum, sodium chloride, citric acid, magnesium nitrate, magnesium chloride, benzyl alcohol, methylchloroisothiazolinone, methylisothiazolinone, methylparaben, propylparaben., 12 mois après ouverture.]|"
12,34€ / L"|"
6,17 €"
3414|Gel douche & Bain, Pomegranate Secret|Le flacon de 500ml|[Origine : ROYAUME UNI]|"
12,34€ / L"|"
6,17 €"
3415|Gel douche & bain one ginger morning|Le flacon de 500ml|[Origine : ROYAUME UNI, Nos soins sont merveilleux pour chouchouter votre peau et garder votre moral au beau fixe., Sous la douche, appliquez, massez sur peau humide, rincez. Pour le bain, détendez vous pendant 10 min., Aqua, sodium laureth sulfate, cocamidopropyl betaine, cocamide dea, glycerin, sodium chloride, parfum, citral, eugenol, geraniol, limonene, linalool, xanthan gum, styrene/acrylates copolymer, polyquaternium-7, denatonium benzoate, citric acid, magnesium nitrate, magnesium chloride, benzyl alcohol, methylchloroisothiazolinone, methylisothiazolinone, methylparaben, propylparaben, CI 47005 (yellow 10), CI 42090 (blue 1)., 12 mois après ouverture.]|"
12,34€ / L"|"
6,17 €"
3416|Gel douche & vain, Melon|Le flacon de 500ml|[Origine : ROYAUME UNI, Nos soins sont merveilleux pour chouchouter votre peau et garder votre moral au beau fixe. Mais rappelez-vous toujours que la vraie beauté vient du coeur. Pour pétiller, utilisez le vôtre non stop !, Sous la douche, appliquez, massez sur peau humide, rincez. Pour le bain, détendez-vous pendant 10 minutes., Aqua (water), sodium laureth sulfate, cocamidopropyl betaine, cocamide DEA, sodium chloride, glycerin, parfum (fragrance), styrene/acrylates copolymer, xanthan gum, citric acid, polyquaternium-7, magnesium nitrate, benzyl alcohol, sodium benzoate, magnesium chloride, methylchloroisothiazolinone, methylisothiazolinone, Cl 14700 (red 4), Cl 15985 (yellow 6)., 12 mois après ouverture.]|"
12,34€ / L"|"
6,17 €"
3417|Gel douche et bain, raspberry kiss|Le flacon de 500ml|[Origine : ROYAUME UNI, Nos soins sont merveilleux pour chouchouter votre peau et garder votre moral au beau fixe., Sous la douche, appliquez, massez sur peau humide, rincez. Pour le bain, détendez vous pendant 10 minutes., Aqua (water), sodium laureth sulfate, cocamidopropyl betaine, cocamide DEA, glycerin, sodium chloride, parfum (fragrance), linalool, styrene/acrylates copolymer, polyquaternium-7, denatonium benzoate, xanthan gum, citric acid, magnesium nitrate, magnesium chloride, benzyl alcohol, methylchloroisothiazolinone, methylisothiazolinone, methylparaben, propylparaben, CI 14700 (red 4), CI 17200 (red 33), CI 42090 (blue 1)., Se conserve 12 mois après ouverture.]|"
12,34€ / L"|"
6,17 €"
3418|Gel douche gommant, Coconut island|Le tube de 225ml|[Origine : ROYAUME UNI, Nous aimons imaginer des produits qui vous sortent de l'ordinaire. Les parfums sont sublimes, les textures fabuleuses, et les packagings à rendre vos amies jalouses., Masser délicatement sur peau humide, rincez et séchez sans frotter., Aqua (water), silica, paraffinum liquidum (mineral oil), petrolatum, cetearyl alcohol, glyceryl stearate SE, stearic acid, hydrogenated jojoba oil, parfum (fragrance), coumarin, acrylates/C10-30 alkyl acrylate crosspolymer, denatonium benzoate, sodium hydroxide, phenoxyethanol, methylparaben, butylparaben, ethylparaben, isobutylparaben, propylparaben, CI77499 (iron oxides)., 12 mois après ouverture.]|"
22,84€ / L"|"
5,14 €"
3419|Baume de douche, vanille & beurre de jojoba|Le flacon de 250ml|[Origine : FRANCE, La recherche Ushuaïa a sélectionné la Vanille au parfum suave et gourmand et l'a associée au Beurre de Jojoba pour ses vertus nourrissantes et protectrices. Jour après jour, la peau est nourrie, veloutée et délicieusement parfumée., En cas de contact avec les yeux, les rincer immédiatement., Aqua/water, sodium laureth sulfate, coco-betaine, glycerin, sodium chloride ppg-5-ceteth-20, Cl 19140 /yellow 5, Cl 14700, red 4, linalool, ceteareth-60 myristyl glycol, parfum/fragrance, sodium benzoate, salicylic acid, vanilla tahitensis fruit extract, sodium hydroxide, disodium laureth sulfosuccinate, limonene, styrene/acrylates copolymer, hydrogenated jojoba oil, citric acid, anise alcohol, polyquaternium-7, benzyl salicylate, benzyl alcohol., 12 mois après une ouverture.]|"
11,92€ / L"|"
2,98 €"
3420|Crème de douche, Anti-Dessèchement|Le flacon de 250ml|[Origine : FRANCE, La recherche Ushuaïa a sélectionné le Savon d'Alep reconnu pour adoucir la peau, l'embellir et prévenir son dessèchement.Elle l'a associé au Miel d'Acacia au parfum enveloppant et gourmand dans une texture crème ultra généreuse au pH neutre qui offreune mousse onctueuse et se rince en un clin d'oeil. Véritable caresse, la peau est nourrie, satinée, veloutée. Le temps d'une douche vous êtes transportée dans la plus pure tradition de beauté orientale., En cas de contact avec les yeux, les rincer immédiatement., Aqua/water, sodium laureth sulfate, glycerin, coco-betaine, glycol distearate, mel/honey, ppg-5-ceteth-20, peg-55 propylene glycol oleate, Cl 19140/yellow 5, Cl 14700/red 4, Cl 75810/copper chlorophylle, cocamide mea, potassium cocoate, potassium oleate, potassium olivate, parfum/fragrance, sodium chloride, sodium benzoate, sodium hydroxide, propylene glycol, laurus nobilis fruit oil, citric acid, acrylates copolymer, polyquaternium-7. (FIL C50315/1)., 12 mois après ouverture.]|"
11,00€ / L"|"
2,75 €"
3421|Crème de douche purifiante, rhassoul & fleur de jasmin|Le flacon de 250ml|[Origine : FRANCE, La recherche Ushuaïa a sélectionné le Rhassoul, argile orientale naturelle qui absorbe les impuretés, traditionnellement utilisé pour son pouvoir purifiant. Le temps d'une douche vous êtes transportée dans la plus pure tradition de beauté orientale., En cas de contact avec les yeux, les rincer immédiatement., Aqua, sodium laureth sulfate, coco betaine, glycerin, sodium chloride, parfum, ppg-5-ceteth-20, CI19140/yellow5, CI14700/red4, linalool, ceteareth-60 myristyl glycol, sodium benzoate, sodium styrene/acrylates copolymer, salicylic acid, sodium laurylsulfate, sodium hydroxide, jasmin officinale extract/jasmin flower extract, disodium laureth sulfosuccinate, moroccan lava clay, citric acid, polyquaternium-7, benzyl salicylate, benzyl alcohol (FIL C159289/1)., 12 mois après ouverture.]|"
11,76€ / L"|"
2,94 €"
3422|Douche hammam soin gommante, savon noir & éclats de noix d'argan|Le flacon de 250ml|[Origine : FRANCE, La recherche Ushuaïa a sélectionné un ingrédient magique et ancestral le savon noir, reconnu pour son pouvoir exfoliant et adoucissant pour la peau.Mêlé à des éclats de Noix d'Argan dans une texture gommante douce, il purifie la peau au quotidien pour la laisser lisse, douce et éclatante de beauté. Le temps d'une douche vous êtes transportée dans la plus pure tradition de beauté orientale., En cas de contact avec les yeux, les rincer immédiatement., Aqua/water, sodium laureth sulfate, sodium chloride, acrylates copolymer, polyethylene, coco-betaine, PPG-5-ceteth-20, CI14700/red4, CI19140/yellow 5, CI42090/blue 1, potassium olivate, argania spinosa/argania spinosa kernel extratc, glycerin, parfum/fragrance, sodium benzoate, sodium hydroxide, salicylic acid, theobroma grandeflorum/theobroma grandiflorum seed, powder, citric acid. (F.I.L. C47098/1)., 12 mois après ouverture.]|"
10,36€ / L"|"
2,59 €"
3423|Douche régénérante, huile d'argan bio du Maroc|Le flacon de 250ml|[Origine : FRANCE, Au Maroc, la Recherche Ushuaïa a sélectionné I'huile d'argan issue de l'agriculture biologique, reconnue pour ses vertus régénérantes. Elle l'a intégré à une formule de douche régénérante qui nettoie votre peau en la laissant parfaitement douce. Plaisir des sens et respect de la peau. Son parfum oriental et sa texture généreuse à la mousse onctueuse vous procurent un intense moment de bien être. Sa formule a été élaborée pour un respect optimal de la peau., En cas de contact avec les yeux, les rincer immédiatement., Aqua/water, sucrose*, sodium lauryl sulfate, sodium chloride, decyl glucoside, linalool, argania spinosa oil*/argania spinosa kernel oil*, glycerin, parfum/fragrance, salicylic acid, sodium benzoate, sodium hydroxide, limonene, citric acid, polyglyceryl-10 laurate. (F.I.L B31499/1). *ingrédients issus de l'agriculture biologique. Sans colorant., A utiliser dans les 12 mois après ouverture.]|"
16,44€ / L"|"
4,11 €"
3424|Douche régénérante, huile d'argan bio du Maroc|Le flacon de 250ml|[Origine : FRANCE, Au Maroc, la Recherche Ushuaïa a sélectionné I'huile d'argan issue de l'agriculture biologique, reconnue pour ses vertus régénérantes. Elle l'a intégré à une formule de douche régénérante qui nettoie votre peau en la laissant parfaitement douce. Plaisir des sens et respect de la peau. Son parfum oriental et sa texture généreuse à la mousse onctueuse vous procurent un intense moment de bien être. Sa formule a été élaborée pour un respect optimal de la peau., En cas de contact avec les yeux, les rincer immédiatement., Aqua/water, sucrose*, sodium lauryl sulfate, sodium chloride, decyl glucoside, linalool, argania spinosa oil*/argania spinosa kernel oil*, glycerin, parfum/fragrance, salicylic acid, sodium benzoate, sodium hydroxide, limonene, citric acid, polyglyceryl-10 laurate. (F.I.L B31499/1). *ingrédients issus de l'agriculture biologique. Sans colorant., A utiliser dans les 12 mois après ouverture.]|"
16,44€ / L"|"
4,11 €"
3425|Huile de douche, huile de monoî&fleur de tiare|Le flacon de 250ml|[Origine : FRANCE, La recherche Ushuaïa a sélectionné l'huile de Monoï au pouvoir nourrissant et illuminant et l'a associée au parfum solaire et envoûtant de la fleur de Tiaré pour sublimer la peau., En cas de contact avec les yeux, les rincer immédiatement., Aqua/water, sodium laureth sulfate, glycerin, coco-betaine, sodium chloride, peg-7 glyceryl cocoate, parfum/fragrance, ppg-5-ceteth-20, Cl 14700/red 4, Cl 47005/acid yellow 3, gardenia tahitensis flower extract, sodium benzoate, salicylic acid, sodium hydroxide, cocos nucifera oil/coconut oil, citric acid, polyquaternium-7., 12 mois après une ouverture.]|"
11,76€ / L"|"
2,94 €"
3426|Huile de douche, Nourrissante|Le flacon de 250ml|[Origine : FRANCE, La Recherche Ushuaïa a sélectionné en Orient l'Huile d'Argan, élixir reconnu pour ses propriétés nutritives exceptionnelles pour la peau.Elle l'a associé à la douceur parfumée de l'Huile de Rose et l'a intégré à une huile de douche au pH neutre qui offre une mousse généreuse et se rince facilement pour un fini non gras. Nourrie, la peau est délicatement parfumée et infiniment douce. Le temps d'une douche vous êtes transportée dans la plus pure tradition de beauté orientale., En cas de contact avec les yeux, les rincer immédiatement., Aqua/water, sodium laureth sulfate, glycerin, coco-betaine, peg-7 glyceryl cocoate, peg-55 propylene glycol oleate, ppg-5-ceteth-20, Cl 17200/red33, Cl 19140/yellow5, geraniol, linalool, rosa rubiginosa seed oil, argania spinosa oil, eugenol, parfum/fragrance, sodium chloride, sodium benzoate, salicylic acid, sodium hydroxide, propylene glycol, citronellol, citric acid, polyquaternium-7, benzyl salicylate, benzyl alcohol (FIL C51168/1)., 12 mois après ouverture.]|"
10,92€ / L"|"
2,73 €"
3427|Huile de douche protectrice, huile d'amande & fleur de figue de   barbarie|Le flacon de 250ml|[Origine : FRANCE, La recherche Ushuaïa a sélectionné l'huile d'amande, ingrédient ancestral reconnu pour ses vertus nourrissantes et son parfum doux et enveloppant. Le temps d'une douche vous êtes transportée dans la plus pure tradition de beauté orientale., En cas de contact avec les yeux, les rincer immédiatement., Aqua, sodium laureth sulfate, glycerin, coco betaine, peg-7 glyceryl cocoate, peg-60 hydrogenated castor oil, ppg-5-ceteth-20, peg-55 propylene glycol oleate, CI17200/red33, CI42090/blue1, linalool, parfum, sodium chloride, sodium benzoate, salicylicacid, sodium hydroxide, prunus amygdalus dulcis oil/sweet almond oil, propylene glycol, hydrolyzed opuntia ficus indica flower extract, citric acid, polyquaternium-7, ethylhexylglycerin (FIL C15978/1)., 12 mois après ouverture.]|"
11,32€ / L"|"
2,83 €"
3428|Huile de douche satinante, huile de monoï et goyave|Le flacon de 250ml|[Origine : POLOGNE]|"
11,76€ / L"|"
2,94 €"
3429|Huile de douche satinante à l'huile d'orange et fleur d'oranger|Le flacon de 250ml|[Origine : FRANCE, La recherche Ushuaïa a associé le pouvoir nourrissant et satinant de l'huile d'onagre au parfum délicat, sensuel et envoûtant de la fleur d'oranger.Elle les a intégrés à une huile de douche au pH neutre à la texture enveloppante qui développe une mousse généreuse et se rince facilement pour un fini non gras. La peau est nourrie, satinée, lumineuse., En cas de contact avec les yeux, les rincer immédiatement., En cas de contact avec les yeux, les rincer immédiatement. Aqua/water, sodium laureth sulfate, betaine, peg-7 glyceryl cocoate, peg-55 propylene glycol oleate, ppg-5-ceteth-20, Cl19140/yellow 5, Cl14700/red 4, parfum/fragrance, sodium chloride, sodium benzoate, salicylic acid, sodium hydroxide, oenotherabiennis oil/evening primrose oil, propylene glycol, citrus aurantium amara flower extract/bitter orange flower extract, citric acid, polyquaternium-7. (F.I.L. C46144/2)., 12 mois après ouverture.]|"
11,32€ / L"|"
2,83 €"
3430|Lait de douche détoxifiant au thé vert et à la feuille de menthe|Le flacon de 250ml|[Origine : FRANCE, La Recherche Ushuaïa a sélectionné le Thé Vert pour ses propriétés détoxifiantes et la Feuille de Menthe au pouvoir adoucissant et rafraîchissant pour la peau.Elle les a intégrés à un lait de douche au pH neutre qui développe une mousse onctueuse, etlaisse votre peau régénérée, délicatement parfumée et d'une infinie douceur., En cas de contact avec les yeux, les rincer immédiatement., Aqua/water, sodium laureth sulfate, glycerin, coco-betaine, glycol distearate, sodium chloride, ppg-5-ceteth-20, cocamide mea, linalool, geraniol, camellia sinensis extract/camellia sinensis leaf extract, parfum/fragrance, sodium benzoate, salicylicacid, sodium hydroxide, disodium cocoamphodiacetate, citric acid, mentha piperita extract/peppermint leaf extract, acrylates copolymer, polyquaternium-7. (F.I.L. B46006/1)., 12 mois après ouverture.]|"
11,32€ / L"|"
2,83 €"
3431|Douche & bain, Zero% kids corps & cheveux|Le flacon de 500ml|[Origine : FRANCE, La formule douce et biodégradable du gel douche et bain Sanem 0% Kids contient un nombre réduit d'ingrédients chimiques. Il est adaptée à la peau délicate des enfants et conçu pour minimiser les risques d'allergies., Douche et bain., 12 mois après ouverture.]|"
9,16€ / L"|"
4,58 €"
3432|Gel de douche et bain, zero %, peaux sensibles|Le flacon de 500ml|[Origine : ESPAGNE, La formule hypoallergénique et biodégradable de Sanex Zero%, 0% parfum contient un nombre réduit d'ingrédients chimiques.Spécialement formulé pour les peaux sensibles, Sanex Zero%, 0% parfum contribue à mieux respecter votre peau et l'environnement.Il contient seulement les ingrédients essentiels pour une peau propre et saine., Aqua, glycerin, sodium laureth sulfate, sodium chloride, cocamidopropyl betaine, coco-glucoside, sodium lactate, lactic acid, sodium benzoate. 0% parfum. 0% parabens. 0% colorants. 0% phthalates. 0% phenoxyethanol., 12 mois après ouverture.]|"
12,26€ / L"|"
6,13 €"
3433|Gel douche, dermo protector|Le flacon de 250ml|[Origine : FRANCE, (FR) Votre peau est vivante. La formule Sanex agit activement avec votre peau, pas seulement sur votre peau, pour stimuler ses défenses naturelles. Ce gel douche très doux aide votre peau à renforcer sa barrière de protection naturelle et à maintenirson hydratation. - Testé dermatologiquement. - Formule aux éléments dermo essentiels. - Sans savon. Utiliser les gels douches Sanex quotidiennement vous aide à garder une peau saine., Evitez tout contact avec les yeux. En cas de contact avec les yeux rincez immédiatement à l'eau claire., Aqua, sodium laureth sulfate, coco-glucoside, cocamidopropyl betaine, sodium chloride, lactic acid, parfum, styrene/acrylates copolymer, sodium lactate, caprytyl glycol, polyquatemium-7, zinc sulfate, sodium benzoate.]|"
12,32€ / L"|"
3,08 €"
3434|Gel douche, Zéro%, Nutritive éco pack|La recharge de 500ml|[Origine : FRANCE, Sanex zéro % nutritive contient les ingrédients essentiels pour une peau nourrie, hydratée et saine., Aqua, sodium laureth sulfate, glycerin, cocamidopropyl betaine, sodium chloride, coco glucoside, parfum, sodium lactate, lactic acid, glyceryl oleate, glycol distearate, laureth-4, sodium benzoate., 12 mois après ouverture.]|"
11,22€ / L"|"
5,61 €"
3435|Gel douche & bain, dermo protector|Le flacon de 500ml|[Origine : FRANCE, Les gels douches et bains Sanex ont été spécialement formulés pour stimuler votre flore cutanée et aider votre peau à rester naturellement protégée.Sa formule aux éléments dermo-essentiels garde la peau saine, renforce les défenses naturelles de votre peau., Aqua, sodium laureth sulfate, coco-glucoside, cocamidopropyl betaine, lactic acid, caprylyl glycol, zinc sulfate, polyquaternium-7, parfum, sodium chloride, styrene/acrylates copolymer, sodium lactate, sodium benzoate. Sans savon.]|"
11,10€ / L"|"
5,55 €"
3436|Gel douche dermo pure clean, Peaux normales à grasse|Le flacon de 500ml|[Origine : FRANCE, Adapté aux peaux normales à grasses, le gel moussant purifiant Sanex dermo Pure Clean nettoie activement la peau tout en laissant une sensation de fraîcheur après la douche. Le complexe dermo Active 3 procure les 3 bienfaits nécessaires pour garder une peau saine : hydratation intense, protection, équilibre du PH., Peaux normales à grasses. Ce gel douche convient pour la peau du corps et du visage. En cas de contact avec les yeux rincez immédiatement à l'eau claire., 12 mois après ouverture.]|"
11,22€ / L"|"
5,61 €"
3437|Gel douche dermo pure clean, Peaux normales à grasses|Le flacon de 250ml|[Origine : FRANCE, Adapté aux peaux normales à grasses, le gel moussant purifiant Sanex dermo Pure Clean nettoie activement la peau tout en laissant une sensation de fraîcheur après la douche. Le complexe dermo Active 3 procure les 3 bienfaits nécessaires pour garder une peau saine : hydratation intense, protection, équilibre du PH., Peaux normales à grasses. Ce gel douche convient pour la peau du corps et du visage. En cas de contact avec les yeux rincez immédiatement à l'eau claire., 12 mois après ouverture.]|"
13,80€ / L"|"
3,45 €"
3438|Gel douche et bain, dermo-protecteur|Le flacon de 750ml|[Origine : FRANCE, Ce gel douche & bain a été spécialement développé pour les peaux normales.Sa formule aux ingrédients dermo essentiels aide a renforcer les défenses naturelles de la peau et maintient sa barrière de protection naturelle. Le complexe Sanex dermo active3 procure les 3 bienfaits nécessaires pour garder une peau saine : protection, hydratation, équilibre., Eviter le contact avec les yeux, En cas de projection dans les yeux, rincer immédiatement à l'eau claire., aqua, sodium laureth sulfate, glycerin, coco-glucoside, cocamidopropyl betaine, sodium chloride, parfum, sodium lactate, styrene/Acrylates copolymer, lactic acid, caprylyl glycol, polyquaternium-7, zinc sulfate, sodium benzoate, benzoic acid. Formulesans paraben et sans savon., 12 mois après ouverture.]|"
9,19€ / L"|"
6,89 €"
3439|Gel douche peaux normales,|L'éco-recharge de 500ml|[Origine : FRANCE, Rechargez votre gel douche Sanex Zéro % : c'est plus économique. La recharge contient 73% de plastique en moins que votre pack de 500ml habituel : c'est meilleur pour l'environnement.Sanex Zéro % contient uniquement les ingrédients nécessaires à unepeau propre et saine., Aqua, sodium laureth sulfate, glycerin, cocamidopropyl betaine, sodium chloride, coco-glucoside, parfum, sodium lactate, lactic acid, sodium benzoate. 0% parabens, 0% colorants, 0% phtalates, 0% phenoxyethanol., 12 mois après ouverture.]|"
11,30€ / L"|"
5,65 €"
3440|Gel douche peaux sèches|L'éco-recharge de 500ml|[Origine : FRANCE, Rechargez votre gel douche Sanex 0% : c'est plus économique. La recharge contient 73% de plastique en moins qu'un flacon Sanex classique de 500ml : cela contribue au respect de l'environnement.Sanex 0% contient seulement les ingrédients essentiels pour une peau saine et hydratée., Aqua, glycerin, sodium laureth sulfate, cocamidopropyl betaine, sodium chloride, coco-glucoside, parfum, sodium lactate, lactic acid, glyceryl oleate, sodium benzoate .0% parabens, 0% colorants, 0% phthalates, 0% phenoxyethanol., 12 mois après ouverture.]|"
11,30€ / L"|"
5,65 €"
3441|Gel douche zero%, peaux normales|Le flacon de 750ml|[Origine : FRANCE]|"
10,43€ / L"|"
7,82 €"
3442|Sanex Crème douche Surgras Nourrissant - Peaux Sèches            Activ surgas complex|La bouteille de 500ml|[Origine : FRANCE, Cette crème de douche surgras à l'huile de germe de blé a été spécialement formulée pour nourrir les peaux sèches. Utilisée au quotidien elle aide à restaurer et renforcer le niveau d'hydratation naturel de la peau., Evitez tout contact avec les yeux. En cas de contact avec les yeux, rincez immédiatement à l'eau claire., 12 mois après ouverture.]|"
12,14€ / L"|"
6,07 €"
3443|Sanex Crème douche Surgras Réparateur - Peaux Sensibles          Activ surgas complex|La bouteille de 500ml|[Origine : FRANCE, Aide à restaurer et renforcer le niveau d'hydratation naturel de la peau. Cette crème de douche Surgras aide à réparer les petites agressions quotidiennes de la peau., Evitez tout contact avec les yeux. En cas de contact avec les yeux, rincez immédiatement à l'eau claire., 12 mois après ouverture.]|"
12,14€ / L"|"
6,07 €"
3444|Gel douche, peau douce et hydratée, parfum réconfortant lait et fleur de cerisier|Le flacon de 250ml|[Origine : FRANCE, Peau douce et hydratée. Parfum réconfortant lait & fleur de cerisier., Aqua, sodium laureth sulfate, glycerin, cocamidopropyl betaine, disodium lauryl sulfosuccinate, citric acid, cocamide mea, parfum, sodium benzoate, sodium chloride, disodium cocoamphodiacetate, styrene/acrylates copolymer, acrylates copolymer, sucrose cocoate, ceteareth-60 myristyl glycol, polyquaternium-10, polyquaternium-7, disodium edta, propylene glycol, linalool, glycine soja (soybean) seed extract, polysorbate 20, sodium lauryl sulfate, sodium acetate, prunus cerasus (bitter cherry) extract, isopropyl alcohol, CI14700 (red4), CI19140 (yellow5). 12bhc016-1. Sans paraben., 12 mois après ouverture.]|"
11,12€ / L"|"
2,78 €"
3445|Gel douche, peau éclatante et soyeuse, parfum poudré, Fleur de Lys|Le flacon de 250ml|[Origine : FRANCE, Peau éclatante & soyeuse. Parfum poudré fleur de Lys., Aqua, sodium laureth sulfate, glycerin, cocamidopropyl betaine, disodium lauryl sulfosuccinate, cocamide mea, parfum, citric acid, sodium chloride, sodium benzoate, styrene/acrylates copolymer, disodium cocoamphodiacetate, acrylates copolymer, sucrose cocoate, ceteareth-60 myristyl glycol, polyquaternium-10, polyquaternium-7, mica, propylene glycol, hexyl cinnamal, limonene, linalool, benzyl salicylate, polysorbate 20, sodium lauryl sulfate, sodium acetate, lilium candidum, flower extract, isopropyl alcohol, ci17200 (red33), CI19140 (yellow5), potassium sorbate, mother of pearl extract, CI14700 (red4). 12bhc015-1. Sans paraben., 12 mois après ouverture.]|"
11,52€ / L"|"
2,88 €"
3446|Gel douche, peau hydratée et ressourcée, parfum aquatique, fleurs des lagons, sans paraben|Le flacon de 250ml|[Origine : FRANCE, Peau hydratée et ressourcée. Parfum aquatique, fleur des lagons., Aqua, sodium laureth sulfate, glycerin, cocamidopropyl betaine, cocamide mea, parfum, sodium chloride, sodium benzoate, coco glucoside, glyceryl oleate, glycol distearate, citric acid, laureth-4, benzyl salicylate, hexyl cinnamal, menthol, linalool,citronellol, limonene, lactic acid, polysorbate 20, hydrogenated palm glycerides citrate, tocopherol, gardenia tahitensis flower extract, CI42090 (blue1), potassium sorbate, CI19140 (yellow5). 12bhc013-1. Sans paraben., 12 mois après ouverture.]|"
11,12€ / L"|"
2,78 €"
3447|Gel douche au bois de rose et fève tonka|Le flacon de 250ml|[Origine : FRANCE]|"
11,92€ / L"|"
2,98 €"
3448|Gel douche s{rum hydratant|Le flacon de 250ml|[Origine : FRANCE, Parfum vivifiant Jasmin d'eau., Aqua (water), sodium laureth sulfate, glycerin, cocamidopropyl betaine, cocamide mea, parfum (fragrance), sodium chloride, sodium benzoate, citric acid, coco-glucoside, glyceryl oleate, sucrose cocoate, peg-40 hydrogenated castor oil, hexyl cinnamal,linalool, disodium edta, polyquaternium-10, benzyl salicylate, polysorbate 20, hydrogenated palm glycerides citrate, tocopherol, Cl 19140 (yellow5), Cl 42090 (blue 1)., 12 mois après ouverture.]|"
11,92€ / L"|"
2,98 €"
3449|Huile de douche, Nutrition optimale|Le flacon de 250ml|[Origine : FRANCE, Enrichie en béta-carotène reconnu pour ses propriétés d'intensificateur de bronzage, et en vitamine E, l'Huile de Douche Délices de Soleil nourrit la peau. Son parfum aux accords de vanille des îles et de mangue transforme la douche en un peu momentde bien-être estival !, Aqua (water), sodium laureth sulfate, glycerin, cocamidopropyl betaine, sodium chloride, parfum (fragrance), peg-7 glyceryl cocoate, ceteareth-60 myristyl glycol, cocamide mea, sodium benzoate, sucrose cocoate, citric acid, propylene glycol, panthenol, linalool, limonene, hexyl cinnamal, benzyl salicylate, coumarin, tocopherol, polysorbate 20, ficus carica (fig) extract, Cl 15985 (yellow 6), zea mays (corn) starch, Cl 75130 (beta-carotene), Cl 42090 (blue 1). Ne contient pas d'huile de palme. Sans savon. Sans paraben., 12 mois après ouverture.]|"
11,92€ / L"|"
2,98 €"
3450|Gel douche relaxant, tilleul, fleur d'oranger, cosmétique bio|Le flacon de 1l|[Origine : FRANCE, Ce Gel Douche Relaxant, à utiliser sous la douche ou dans le bain, nettoie en douceur et préserve l'équilibre naturel de l'épiderme. L'extrait de tilleul et l'eau de fleur d'oranger relaxent et apaisent la peau., Aqua, citrus aurantium amara flower*, ammonium lauryl sulfate, glycerin, cocamidopropyl betaine, sodium chloride, glycerin, tilia platiphyllos flower extract*, hydrolyzed wheat protein, parfum, sodium benzoate, benzyl alcohol, lactic acid, linalool.*Ingrédients issus de l'agriculture biologique. 20% du total des ingrédients sont issus de l'agriculture biologique. 99% du total des ingrédients sont d'origine naturelle. Garanti sans paraben et sans phenoxyethanol., 12 mois après ouverture.]|"
11,94€ / L"|"
11,94 €"
3451|Gel douche relaxant, tilleul, fleur d'oranger, cosmétique bio|Le flacon de 1l|[Origine : FRANCE, Ce Gel Douche Relaxant, à utiliser sous la douche ou dans le bain, nettoie en douceur et préserve l'équilibre naturel de l'épiderme. L'extrait de tilleul et l'eau de fleur d'oranger relaxent et apaisent la peau., Aqua, citrus aurantium amara flower*, ammonium lauryl sulfate, glycerin, cocamidopropyl betaine, sodium chloride, glycerin, tilia platiphyllos flower extract*, hydrolyzed wheat protein, parfum, sodium benzoate, benzyl alcohol, lactic acid, linalool.*Ingrédients issus de l'agriculture biologique. 20% du total des ingrédients sont issus de l'agriculture biologique. 99% du total des ingrédients sont d'origine naturelle. Garanti sans paraben et sans phenoxyethanol., 12 mois après ouverture.]|"
11,94€ / L"|"
11,94 €"
3452|Gel douche tonifiant, Lavande et romarin|Le flacon 1l|[Origine : FRANCE, Ce Gel Douche Tonifiant, à utiliser sous la douche ou dans le bain, nettoie en douceur et préserve l'équilibre naturel de l'épiderme.L'eau florale de lavande et les huiles essentielles de lavande et de romarin stimulent et tonifient la peau adoucie par la présence des protéines de blé, aux propriétés hydratantes et nourrissantes. Enveloppant la peau d'un parfum délicat, ce gel douche apporte fraîcheur et bien-être., Aqua, lavandula angustifolia extract*, ammonium lauryl sulfate, glycerin, cocamidopropyl betaine, hydrolyzed wheat protein, rosmarinus officinalis leaf oil*, lavandula angustifolia oil*, sodium benzoate, benzyl alcohol, sodium chloride, lactic acid,linalool. *Ingrédients issus de l'agriculture biologique. Sans paraben, sans phénoxyéthanol., 12 mois après ouverture.]|"
11,94€ / L"|"
11,94 €"
3453|Gel douche tonifiant, Lavande et romarin|Le flacon 1l|[Origine : FRANCE, Ce Gel Douche Tonifiant, à utiliser sous la douche ou dans le bain, nettoie en douceur et préserve l'équilibre naturel de l'épiderme.L'eau florale de lavande et les huiles essentielles de lavande et de romarin stimulent et tonifient la peau adoucie par la présence des protéines de blé, aux propriétés hydratantes et nourrissantes. Enveloppant la peau d'un parfum délicat, ce gel douche apporte fraîcheur et bien-être., Aqua, lavandula angustifolia extract*, ammonium lauryl sulfate, glycerin, cocamidopropyl betaine, hydrolyzed wheat protein, rosmarinus officinalis leaf oil*, lavandula angustifolia oil*, sodium benzoate, benzyl alcohol, sodium chloride, lactic acid,linalool. *Ingrédients issus de l'agriculture biologique. Sans paraben, sans phénoxyéthanol., 12 mois après ouverture.]|"
11,94€ / L"|"
11,94 €"
3454|Moussant familial sans savon, au lactosérum, eau de bleuet bio, corps et cheveux|Le flacon de 500ml|[Origine : FRANCE, Produit fini non testé sur les animaux. Grâce à l'extrait de saponaire, agent doux tonifiant et moussant, et aux propriétés moussantes d'un dérivé de coco, le Moussant Familial Cattier nettoie en douceur corps et cheveux. L'extrait de yogourt, adoucissant et hydratant, apporte tous les éléments nutritifs nécessaires à la beauté de la peau et des cheveux. Les protéines de yogourt renforcent les défenses naturelles de la peau, redonnent brillance à la chevelure et facilitent son démêlage., Appliquer quotidiennement le moussant au lactosérum sur le corps et les cheveux, faire mousser et rincer à l'eau claire. Riche en eau florale de bleuet bio, adoucissante et apaisante, ce gel lavant est idéal en usage quotidien pour l'enfant comme pour l'adulte., Aqua, centaurea cyanus extract*, ammonium lauryl sulfate, glycerin, cocamidopropyl betaine, sodium chloride, benzyl alcohol, saponaria officinalis, yogourt extract, parfum, citrus paradisi*, citric acid, sodium benzoate, limonene. *11.5% du total desingrédients sont issus de l'agriculture biologique. 98.9% du total des ingrédients sont d'origine naturelle. Sans colorant artificiel., A utiliser dans les 12 mois après ouverture.]|"
18,02€ / L"|"
9,01 €"
3455|Moussant familial sans savon, au lactosérum, eau de bleuet bio, corps et cheveux|Le flacon de 500ml|[Origine : FRANCE, Produit fini non testé sur les animaux. Grâce à l'extrait de saponaire, agent doux tonifiant et moussant, et aux propriétés moussantes d'un dérivé de coco, le Moussant Familial Cattier nettoie en douceur corps et cheveux. L'extrait de yogourt, adoucissant et hydratant, apporte tous les éléments nutritifs nécessaires à la beauté de la peau et des cheveux. Les protéines de yogourt renforcent les défenses naturelles de la peau, redonnent brillance à la chevelure et facilitent son démêlage., Appliquer quotidiennement le moussant au lactosérum sur le corps et les cheveux, faire mousser et rincer à l'eau claire. Riche en eau florale de bleuet bio, adoucissante et apaisante, ce gel lavant est idéal en usage quotidien pour l'enfant comme pour l'adulte., Aqua, centaurea cyanus extract*, ammonium lauryl sulfate, glycerin, cocamidopropyl betaine, sodium chloride, benzyl alcohol, saponaria officinalis, yogourt extract, parfum, citrus paradisi*, citric acid, sodium benzoate, limonene. *11.5% du total desingrédients sont issus de l'agriculture biologique. 98.9% du total des ingrédients sont d'origine naturelle. Sans colorant artificiel., A utiliser dans les 12 mois après ouverture.]|"
18,02€ / L"|"
9,01 €"
3456|Sels de bain marins aux algues marines|Pot de 1,3kg|[Origine : FRANCE]|"
3,79€ / Kg"|"
4,93 €"
3457|Douche lait apaisante au réglisse|La bouteille de 250ml|[Origine : FRANCE, Laissez vous emporter par la douceur extrême de la douche lait Cottage. Sa mousse onctueuse et sa texture lactée, enrichie en complexes hydratants, préservent l'hydratation de votre peau. Goûtez au plaisir authentique d'un parfum gourmand et offrez àvotre peau tous les bienfaits du lait de réglisse., Ne pas laisser à la portée des enfants., 12 mois après ouverture.]|"
9,44€ / L"|"
2,36 €"
3458|Douche crème au parfum de l'authentique madeleine                PH neutre, sans paraben|Le flacon de 250ml|[Origine : FRANCE, 744073 01 - INGREDIENTS : AQUA / WATER, SODIUM LAURETH SULFATE, COCO BETAINE, GLYCERIN, SODIUM CHLORIDE, PARFUM / FRAGRANCE, PPG-5-CETETH-20, CETEARETH-60 MYRISTYL GLYCOL,SODIUM BENZOATE, SODIUM STYRENE/ACRYLATES COPOLYMER, SALICYLIC ACID, SODIUM LAURYL SULFATE, SODIUM HYDROXIDE, DISODIUM LAURETH SULFOSUCCINATE, LIMONENE, CITRIC ACID, HEXYL CINNAMAL,POLYQUATERNIUM-7 (F.I.L. C158552/1).]|"
9,44€ / L"|"
2,36 €"
3459|Douche crème au parfum du caramel à l'ancienne                   PH neutre, sans paraben|Le flacon de 250ml|[Origine : FRANCE, 744072 01 - INGREDIENTS : AQUA / WATER, SODIUM LAURETH SULFATE, COCO BETAINE, GLYCERIN, SODIUM CHLORIDE, PARFUM / FRAGRANCE, PPG-5-CETETH-20, CETEARETH-60 MYRISTYL GLYCOL,SODIUM BENZOATE, SODIUM STYRENE/ACRYLATES COPOLYMER, SALICYLIC ACID, SODIUM LAURYL SULFATE, SODIUM HYDROXIDE, COUMARIN, DISODIUM LAURETH SULFOSUCCINATE, CITRIC ACID, POLYQUATERNIUM-7 (F.I.L. C158554/1).]|"
9,68€ / L"|"
2,42 €"
3460|Gel douche, Active sport cap tonique|Le flacon de 500ml|[Origine : ALLEMAGNE, Chaque jour sa formule énergisante dynamise votre peau et vous aide à retrouver toute votre énergie. Son parfum dynamisant aux notes marines vous fait vivre une véritable sensation de bien-être., Aqua, sodium laureth sulfate, cocamidopropyl betaine, sodium chloride, niacinamide, polyquaternium-7, parfum, cocamide mea, laureth-10, peg-7 glyceryl cocoate, glycol distearate, citric acid, linalool, limonene, coumarin, butylphenyl methylpropional,sodium benzoate, sodium salicylate, CI42090, CI17200., 12 mois après ouverture.]|"
8,42€ / L"|"
4,21 €"
3461|Gel douche à la vitamine C + pamplemousse rose|Le flacon de 250ml|[Origine : ALLEMAGNE]|"
9,44€ / L"|"
2,36 €"
3462|Crème lavante haute protection, Peaux fragiles et sensibles|Le flacon de 500ml|[Origine : FRANCE, Un soin douche pour les peaux fragiles et sensibles de toute la famille (enfants et adultes). Enrichi en complexe hydratant à l'allantoïne et au sorbitol pour apaiser et réhydrater la peau. Sans parfum pour minimiser les risques d'allergie. pH neutrepour la peau. Convient aux enfants à partir de 3 ans., En cas de contact avec les yeux, les rincer immédiatement. Ne pas avaler. Ne pas laisser à la portée des enfants sans surveillance., 12 mois après ouverture.]|"
12,14€ / L"|"
6,07 €"
3463|Gel douche & Bain surgras, Peaux sèches|Le flacon de 500ml|[Origine : FRANCE, Un soin douche pour les peaux sèches : enrichi de 50% de crème hydratante, contient un actif anti-calcaire pour une peau douce et protégée., Testé dermatologiquement., Aqua/water, sodium laureth sulfate, glycerin, coco-betaine, sodium chloride, glycol distearate, cocamide mea, sodium benzoate, sodium hydroxide, ppg-5-ceteth-20, salicylic acid, polyquaternium-7, parfum/fragrance, acrylates copolymer, disodium cocoamphodiacetate, citric acid (FIL C37589/1). Sans paraben. Sans savon. Sans colorant., 12 mois après ouverture.]|"
12,14€ / L"|"
6,07 €"
3464|Crème douche extra douce, Fleur d'oranger|Le flacon de 500ml|[Origine : FRANCE, AQUA (WATER), SODIUM LAURETH SULFATE, GLYCERIN, DISODIUM LAURETH SULFOSUCCINATE, COCAMIDOPROPYL BETAINE, LAURETH-2, PARFUM (FRAGRANCE), CITRUS AURANTIUM AMARA (BITTER ORANGE) FLOWER EXTRACT, POLYQUATERNIUM-, SODIUM CHLORIDE, STYRENE/ACRYLATES COPOLYMER, POTASSIUM SORBATE, METHYLISOTHIAZOLINONE, SODIUM BENZOATE, METHYLCHLOROISOTHIAZOLINONE, CITRIC ACID, LINALOOL]|"
8,54€ / L"|"
4,27 €"
3465|Crème douche extra douce, Lait de karité|Le flacon de 750ml|[Origine : FRANCE, Idéale pour les peaux fragiles de toute la famille, elle respecte et nettoie votre peau en douceur sans la dessécher. Sous la douche ou dans un bain, la crème douche Le Petit Olivier au lait de karité libère une mousse au parfum doux et gourmand quisaura séduire toute la famille., Ne pas avaler. Eviter le contact avec les yeux. En cas de contact avec les yeux, rincer abondamment à l'eau claire. Ne pas laisser à la portée des enfants. Ne pas utiliser chez les enfants de moins de 36 mois., Aqua (water), sodium laureth sulfate, glycerin, disodium laureth sulfosuccinate, cocamidopropyl betaine, laureth-2, parfum (fragrance), sodium chloride, polyquaternium-7, glycine soja (soybean) oil, butyrospermum parkii (shea) butter, lecithin, styrene/acrylates copolymer, sodium benzoate, potassium sorbate, citric acid, sodium hydroxide. Sans paraben., 12 mois après ouverture. Conserver à l'abri de la chaleur et de la lumière.]|"
7,95€ / L"|"
5,96 €"
3466|Crème douche extra douce, Verveine citron|Le flacon de 500ml|[Origine : FRANCE, Offrez-vous un véritable moment de plaisir avec les Crèmes Douche Le Petit Olivier. Leur texture généreuse et leur mousse onctueuse nettoient en douceur votre peau. Enrichie en extraits naturels et délicieusement parfumée, la crème douche Le Petit Olivier verveine citron libère un parfum frais et tonique qui procure une sensation de bien-être immédiat. Les Crèmes Douche Le Petit Olivier sont entièrement fabriquées en France., Ne pas avaler. Eviter le contact avec les yeux. En cas de contact avec les yeux, rincer abondamment à l'eau claire. Ne pas laisser à la portée des enfants., Aqua (water), sodium laureth sulfate, glycerin disodium laureth sulfosuccinate, cocamidopropyl betaine, laureth-2 verbena officinalis leaf extract, citrus limon (lemon) peel extract, polyquaternium-7, sodium chloride, styrene/acrylates copolymer, parfum (fragrance), potassium sorbate, methylisothiazolinone, sodium benzoate, methylchloroisothiazolinone, citric acid, citral, limonene, geraniol, citronellol. Sans paraben, sans phénoxyéthanol, sans colorant. Ne contient aucune matière animale. Le Petit Olivier est contre les tests sur les animaux., 12 mois après ouverture. Conserver à l'abri de la chaleur et de la lumière.]|"
8,54€ / L"|"
4,27 €"
3467|Douche-baume relipidante, haute nutrition                        Peaux réactives à sécheresse extrême, bébé, enfant, adulte|Le flacon de 400ml|[Origine : FRANCE, Concentrée à 5% de Glycérine et allantoïne, cette douche baume réhydrate et aide à lutter contre le dessèchement des peaux les plus sèches. Facile à rincer, laisse la peau douce et apaisée. Nourries et protégées du dessèchement, les peaux réactives àsécheresse extrême de toute la famille sont souples et confortables tout au long de la journée., A utiliser en douche ou dans le bain. En cas de contact avec les yeux, les rincer immédiatement. Ne pas avaler. Ne pas laisser à la portée des enfants sans surveillance., Aqua/water, sodium laureth sulfate, glycerin, peg-200 hydrogenated glyceryl palmate, coco-betaine, glycol distearate, polysorbate 20, peg-7 glyceryl cocoate, ppg-5-ceteth-20, peg-60 hydrogenated castor oil, peg-55 propyle glycol oleate, cocamide mea,allantoin, parfum/fragrance, sodium chloride, sodium benzoate, sodium hydroxide, propylene glycol, citric acid, acrylates copolymer (FIL C160853/2). Sans paraben., 6 mois après ouverture.]|"
10,43€ / L"|"
4,17 €"
3468|Douche-Soin antidessèchement, Surgras|Le flacon de 400ml|[Origine : FRANCE, Fort de son expertise des peaux sensibles, Mixa crée la Douche-Soin Antidessèchement Surgras : l'association d'une Base lavante au pH neutre et d'huile relipidante.Hydratées et protégées du dessèchement, les peaux sensibles extra-sèches de toute la famille sont souples et confortables tout au long de la journée. En un seul geste, vos cheveux sont doux et soyeux., Pour les peaux sensibles de toute la famille : bébé, enfant et adulte. A utiliser sur le corps et les cheveux. En cas de contact avec les yeux, les rincer immédiatement. Ne pas avaler. Ne pas laisser à la portée des enfants sans surveillance., Aqua/water, sodium laureth sulfate, peg-200 hydrogenated glyceryl palmate, polysorbate 20, glycerin, coco-betaine, ppg-5-ceteth-20, glycol distearate, sodium chloride, peg-7 glyceryl cocoate, peg-60 hydrogenated castor oil, cocamide mea, allantoin, parfum/fragrance, sodium benzoate, sodium hydroxide, prunus amygdalus dulcis oil/sweet almond oil, citric acid acrylates copolymer, polyquaternium-10 (FIL C49856/2)., 6 mois après ouverture.]|"
10,43€ / L"|"
4,17 €"
3469|Douche-soin antidessèchement, Surgras|Le flacon de 750ml|[Origine : FRANCE, Fort de son expertise des peaux sensibles, Mixa crée la Douche-Soin Antidessèchement Surgras : l'association d'une Base lavante au pH neutre et d'Huile relipidante.Pour les peaux sensibles de toute la famille : bébé, enfants et adultes. Une base lavante très douce : la Douche-Soin Antidessèchement Surgras Mixa intègre une base lavante au pH neutre pour laver les peaux sensibles et les cheveux fragiles tout en douceur. Le soin en plus : enrichie en Huile relipidante, cette crème lavante lutte enun seul geste contre le dessèchement des peaux sensibles extra-sèches de toute la famille et aide à renforcer leur film hydrolipidique. Sa mousse onctueuse se rince facilement. Une tolérance optimale : testée sous contrôle dermatologique sur 100% depeaux sensibles et hypoallergénique pour minimiser les risques d'allergie, elle est parfaitement adaptée aux peaux délicates des bébés, des enfants et des adultes. Résultats : hydratées et protégées du dessèchement, les peaux sensibles extra-sèches d, A utiliser sur le corps et les cheveux. En cas de contact avec les yeux, les rincer immédiatement. Ne pas avaler. Ne pas laisser à la portée des enfants sans surveillance., Aqua/water, sodium laureth sulfate, peg-200 hydrogenated glyceryl palmate, polysorbate 20, glycerin, coco-betaine, ppg-5-ceteth-20, glycol distearate, sodium chloride, peg-7 glyceryl cocoate, peg-60, hydrogenated castor oil, cocamide mea, allantoin,parfum/fragrance, sodium benzoate, sodium hydroxide, prunus amygdalus dulcis oil/sweet almond oil, citric acid, acrylates copolymer, polyquaternium-10, F.I.L C49856/2. Sans paraben, sans colorant., 6 mois après ouverture.]|"
9,13€ / L"|"
6,85 €"
3470|Douche-Soin apaisante, Sans savon|Le flacon 400ml|[Origine : FRANCE, Fort de son expertise des peaux sensibles, Mixa crée la Douche-Soin Apaisante Sans Savon : l'association d'une base lavante au pH neutre et d'Amande douce., Pour les peaux sensibles de toute la famille : bébé, enfant et adulte. A utiliser sur le corps et les cheveux. En cas de contact avec les yeux, les rincer immédiatement. Ne pas avaler. Ne pas laisser à la portée des enfants sans surveillance., Aqua/water, sodium laureth sulfate, peg-200 hydrogenated glyceryl palmate, glycerin, coco-betaine, sodium chloride, ppg-5-ceteth-20, polysorbate 20, peg-7 glyceryl cocoate, peg-60 hydrogenated castor oil, parfum/fragrance, sodium benzoate, sodium hydroxide, prunus amygdalus dulcis oil/sweet almond oil, citric acid, polyquaternium-10 (FIL C49833/1). Sans paraben., 6 mois après ouverture.]|"
10,43€ / L"|"
4,17 €"
3471|Douche-soin apaisante, Sans savon|Le flacon de 750ml|[Origine : FRANCE, Fort de son expertise des peaux sensibles, Mixa crée la Douche-Soin Apaisante Sans Savon : l'association d'une Base lavante au pH neutre et d'Amande douce.Pour les peaux sensibles de toute la famille : bébé, enfants et adultes. Une base lavante trèsdouce : la Douche-Soin Apaisante Sans Savon Mixa intègre une base lavante au pH neutre sans savon pour laver les peaux réactives et les cheveux fragiles tout en douceur. Le soin en plus : enrichi en Amande douce, ce gel lavant apaise en un seul gesteles peaux réactives de toute la famille et aide à renforcer leur film hydrolipidique. Sa mousse onctueuse se rince facilement. Une tolérance optimale : testée sous contrôle dermatologique sur 100% de peaux sensibles et hypoallergénique pour minimiser les risques d'allergie, elle est parfaitement adaptée aux peaux délicates des bébés, des enfants et des adultes. Résultats : douces et protégées, les peaux réactives de toute la famille ne tiraillent pas et son apaisés pour toute la journée. En un, A utiliser sur le corps et les cheveux. En cas de contact avec les yeux, les rincer immédiatement. Ne pas avaler. Ne pas laisser à la portée des enfants sans surveillance., Aqua/water, sodium laureth sulfate, peg-200 hydrogenated glyceryl palmate, glycerin, coco-betaine, sodium chloride, ppg-5-ceteth-20, polysorbate 20, peg-7 glyceryl cocoate, peg-60 hydrogenated, castor oil, parfum/fragrance, sodium benzoate, sodium hydroxide, prunus amygdalus dulcis oil / sweet almond oil, citric acid, polyquaternium-10 (F.I.L C49833/1). Sans paraben, sans colorant., 6 mois après ouverture.]|"
9,13€ / L"|"
6,85 €"
3472|Huile de douche relipidante, haute nutrition                     Peaux réactives à sécheresse extrême|Le flacon de 400ml|[Origine : FRANCE, Concentrée à 10% de Glycérine et huiles relipidantes, cette huile de douche réhydrate et aide à lutter contre le dessèchement des peaux les plus sèches. Nourries et protégées du dessèchement, les peaux réactives à sécheresse extrême de toute la famille sont souples et confortables tout au long de la journée., A utiliser en douche ou dans le bain. En cas de contact avec les yeux, les rincer immédiatement. Ne pas avaler. Ne pas laisser à la portée des enfants sans surveillance., Aqua/water, glycerin, sodium laureth sulfate, peg-200 hydrogenated glyceryl palmate, coco betaine, polysorbate-20, peg-7 glyceryl cocoate, ppg-5-ceteth-20, peg-60 hydrogenated castor oil, CI14700/red4, CI47005/acid yellow3, cocamide mea, ceteareth-60myristyl glycol, parfum/fragrance, sodium chloride, sodium benzoate, sodium hydroxide, prunus amygdalus dulcis oil/sweet almond oil, citric acid (FIL B160968/2)., 6 mois après ouverture.]|"
10,23€ / L"|"
4,09 €"
3473|Crème douche nourrissante|Le flacon de 250ml|[Origine : FRANCE]|"
10,68€ / L"|"
2,67 €"
3474|Gel douche sensitive 3en1, à l'extrait de bambou|Le flacon de 250ml|[Origine : FRANCE, La formule à l'extrait de Bambou ne dessèche pas la peau et vous procure une sensation de fraicheur longue durée., Pratique, ce gel douche 3 en 1 peut être utilisé pour le corps, le visage et les cheveux. Evitez le contact avec les yeux., Aqua, sodium laureth sulfate, cocamidopropyl betaine, peg-7 glyceryl cocoate, glycerin, glyceryl glucoside, bambusa vulgaris leaf/stem extract, prunus amygdalus dulcis oil, sodium chloride, helianthus annuus seed oil, peg-40 hydrogenated castor oil,polyquaternium-7, styrene/acrylates copolymer, citric acid, peg-200 hydrogenated glyceryl palmate, glyceryl stearate se, sodium benzoate, linalool, limonene, parfum., 12 mois après ouverture.]|"
11,48€ / L"|"
2,87 €"
3475|Gel douche savon noir, A l'huile d'olive, Fleur d'oranger|Le flacon de 500ml|[Origine : FRANCE, AQUA (WATER), POTASSIUM OLIVATE, POTASSIUM COCOATE, GLYCERIN, PARFUM (FRAGRANCE), SODIUM CHLORIDE, OLEA EUROPAEA (OLIVE) FRUIT OIL, CAPRYLYL/CAPRYL GLUCOSIDE, LINALOOL, COCOS NUCIFERA (COCONUT) OIL, TOCOPHEROL, GERANIOL, HELIANTHUS ANNUUS (SUNFLOWER)SEED OIL]|"
17,48€ / L"|"
8,74 €"
3476|Gel douche savon noir, A l'huile d'olive, Tendresse de lavande|Le flacon de 500ml|[Origine : FRANCE, AQUA (WATER), POTASSIUM OLIVATE, POTASSIUM COCOATE, GLYCERIN, SODIUM CHLORIDE, PARFUM (FRAGRANCE), OLEA EUROPAEA (OLIVE) FRUIT OIL, COCOS NUCIFERA (COCONUT) OIL, POLYGLYCERYL-3 CAPRYLATE, LINALOOL, TOCOPHEROL, HELIANTHUS ANNUUS (SUNFLOWER) SEED OIL.]|"
17,48€ / L"|"
8,74 €"
3477|Douche & bain émollient, beurre de karité, surgras, peaux sèches, format familial|Le flacon de 750ml|[Origine : ITALIE, Enrichie en agents surgras, cette crème de douche & bain nourrit, hydrate intensément et laisse un film protecteur sur la peau. Jour après jour, votre peau est protégée du dessèchement.Elle retrouve confort et hydratation. Avec Vendôme, réveillez votre plaisir sous la douche et profitez d'un moment de détente dans le bain. Nettoie en douceur. Se rince facilement. Parfume délicatement la peau., Convient aux peaux sèches et sensibles. Convient à toute la famille (enfants et adultes)., Aqua, sodium laureth sulfate, glycerin, sucrose cocoate, cocamidopropyl betaine, lauryl glucoside, butyrospermum parkii extract, bisabolol, sodium chloride, sodium sulfate, ceteareth-60 myristyl glycol, cocamide mea, disodium laureth sulfosuccinate,laureth-3, sodium lauryl sulfate, polysorbate 20, styrene/acrylates copolymer, peg-150 distearate, polyquaternium-7, trisodium sulfosuccinate, disodium edta, citric acid, sodium benzoate, methylisothiazolinone, parfum. pH neutre pour la peau, hypoallergénique., 12 mois après ouverture.]|"
8,51€ / L"|"
6,38 €"
3478|Douche&Bain surgras, Peaux sèches|Le flacon de 750ml|[Origine : ITALIE, Enrichie en lait d'amande douce et extrait de calendula, cette crème douche & bain hydrate dès la première utilisation, nourrit et laisse votre peau douce. Sa formule surgras apaise et prend soin de votre peau sèche. Jour après jour, elle retrouve confort et hydratation. Nettoie en douceur. Se rince facilement. Parfume délicatement la peau., Convient à toute la famille (enfants à partir de 3 ans et adultes)., Aqua, sodium laureth sulfate, glycerin, polysorbate 20, cocamidopropyl betaine, sucrose cocoate, lauryl glucoside, glycine soja oil, prunus amygdalus dulcis oil, lecithin, calendula officinalis flower extract, cinnamic acid, levulinic acid, sodium levulinate, peg-150 distearate, laureth-3, polyglyceryl-3 diisostearate, glyceryl stearate, glyceryl caprylate, disodium laureth sulfosuccinate, cocamide MEA, ceteareth-60, myristyl glycol, sodium lauryl sulfate, polyquaternium-7, sodium chloride, sodium sulfate, xanthan gum, sodium phytate, styrene/acrylates copolymer, citric acid, sodium hydroxide, tocopherol, bht, sodium benzoate, potassium sorbate, parfum. Sans paraben., 12 mois après ouverture.]|"
8,55€ / L"|"
6,41 €"
3479|Crème lavante dermoprotectrice, au lait d'amande|La pompe de 300ml|[Origine : FRANCE, Enrichie au lait d'amande, la Crème Lavante Dermoprotectrice Monoprix nettoie vos mains sans les dessécher. Sa formule sans savon respecte le pH de votre peau. Enrichie en agents adoucissants, elle laisse votre peau souple, douce et délicatement parfumée., Pour ouvrir, tourner la pompe vers la droite. Appuyer plusieurs fois afin d'amorcer cette dernière. Pour refermer, tourner la pompe vers la gauche. Ne pas avaler. Ne pas utiliser chez un enfant de moins de 36 mois., Aqua, sodium laureth sulfate, glycerin, sodium chloride, cocamidopropyl betaine, peg-7 glyceryl cocoate, parfum, styrene/acrylates copolymer, magnesium laureth sulfate, sodium benzoate, citric acid, potassium sorbate, tetrasodium edta, allantoin, magnesium chloride, sodium citrate, sodium hydroxide, sodium lauryl sulfate, prunus amygdalus dulcis fruit extract, phenoxyethanol, xanthan gum., A utiliser dans les 12 mois après ouverture.]|"
5,53€ / L"|"
1,66 €"
3480|Gel lavant, Hydratant|Le flacon pompe 300ml|[Origine : FRANCE, Enrichi à l'extrait de pamplemousse, le gel lavant nettoie vos mains sans les dessécher. Enrichi en agent hydratant et adoucissant, il laisse votre peau souple, douce et nourrie., Pour ouvrir, débloquer la pompe en la tournant d'un quart de tour vers 'open'. Appuyez plusieurs fois dessus puis appliquez le gel sur vos mains humides. Lavez et rincez vos mains puis refermez la pompe en tournant vers 'stop'. Ne pas avaler. Ne pasutiliser chez les enfants de moins de 36 mois. En cas de projection dans les yeux, rincer immédiatement et abondamment à l'eau claire., Aqua, sodium laureth sulfate, glycerin, sodium chloride, cocamidopropyl betaine, parfum, limonene, sodium benzoate, peg-200 hydrogenated glyceryl palmate, citric acid, potassium sorbate, peg-7 glyceryl cocoate, citrus grandis fruit extract, benzyl benzoate, sodium hydroxide, CI 16255, CI 19140, CI 17200., 12 mois après ouverture.]|"
5,53€ / L"|"
1,66 €"
3481|Gel lavant, Savon de Marseille, à l'extrait d'olivier|La pompe de 300ml|[Origine : FRANCE, Enrichi à l'extrait de feuilles d'olivier, le gel lavant au savon de Marseille nettoie vos mains sans les dessécher. Il laisse la peau souple, douce et hydratée., Pour ouvrir, débloquer la pompe en la tournant d'un quart de tour vers 'open'. Appuyez plusieurs fois dessus puis appliquez le gel sur vos mains humides. Lavez et rincez vos mains puis refermez la pompe en tournant vers 'stop'. Ne pas avaler. Ne pasutiliser chez un enfant de moins de 36 mois. En cas de projection dans les yeux, rincer immédiatement et abondamment à l'eau claire., Aqua, sodium laureth sulfate, glycerin, sodium chloride, cocamidopropyl betaine, citric acid, parfum, sodium palmate, sodium benzoate, peg-200 hydrogenated glyceryl palmate, potassium sorbate, peg-7 glyceryl cocoate, sodium palm kernelate, sodium hydroxide, olea europaea leaf extract, tetrasodium edta, etidronic acid, Cl 19140, Cl 16255, Cl 42090., 12 mois après ouverture.]|"
5,53€ / L"|"
1,66 €"
3482|Gel lavant pureté, agents anti-bactériens|La pompe de 300ml|[Origine : FRANCE, Sa formule sans savon respecte le pH de votre peau. Enrichi en agent hydratant et adoucissant, il laisse votre peau souple, douce et hydratée., Pour ouvrir, débloquer la pompe en la tournant d'un quart de tour vers 'open'. Appuyez plusieurs fois dessus puis appliquez le gel sur vos mains humides. Lavez et rincez vos mains puis refermez la pompe en tournant vers 'stop'. Ne pas avaler. Ne pasutiliser chez les enfants de moins de 36 mois. En cas de projection dans les yeux, rincer immédiatement et abondamment à l'eau claire., Aqua, sodium laureth sulfate, glycerin, sodium chloride, cocamidopropyl betaine, parfum, sodium benzoate, peg-200 hydrogenated glyceryl palmate, citric acid, potassium sorbate, dimethyl phenylpropanol, peg-7 glyceryl cocoate, pentylene glycol, sodiumhydroxide, CI42090, CI19140., 12 mois après ouverture.]|"
5,53€ / L"|"
1,66 €"
3483|Gel mains bactérien, sans rinçage.|Le flacon de 75ml|[Origine : FRANCE, Gel prêt à l'emploi. Prélevez 3 ml (environ 2 noisettes) et frictionnez vos mains pendant 60 secondes. Ne pas rincer. Respecter les précautions d'emploi. Facilement inflammable. Conserver à l'écart de toute flamme ou source d'étincelle. Ne pas fumer.Utiliser seulement dans les zones bien ventilées. Tenir hors de la portée des enfants. Pour usage externe uniquement. Eviter tout contact avec les yeux et les muqueuses. Utiliser sur une peau saine. Ne pas avaler. En cas d'ingestion, consulter immédiatement un médecin et lui montrer l'emballage ou l'étiquette. Eliminer l'emballage vide et rincé ou les produits non utilisés conformément aux prescriptions du règlement municipal d'élimination des déchets. Ne pas jeter les résidus dans les égouts et les courts d'eau., Ethanol (CAS n° 64-17-5) à 69% (m/m).]|"
27,33€ / L"|"
2,05 €"
3484|Crème lavante douceur, Argan & karité|Monoprix|[Origine : FRANCE, La crème lavante douceur parfum argan karité Monoprix nettoie vos mains sans les dessécher et les nourrit. Enrichie en agent adoucissant, elle laisse votre peau souple, douce et délicatement parfumée., Pour ouvrir, débloquez la pompe en la tournant d'un quart de tour vers open. Appuyez plusieurs fois dessus puis appliquez la crème sur vos mains humides. Lavez et rincez puis refermez la pompe en tournant vers stop. Ce produit existe également en recharge. Testé sous contrôle dermatologique. Ne pas avaler. Ne pas utiliser chez les enfants de moins de 36 mois. En cas de projection dans les yeux, rincer immédiatement et abondamment à l'eau claire., 12 mois après ouverture.]|"
5,53€ / L"|"
1,66 €"
3485|Crème lavante soin délicat, Amande douce|Monoprix|[Origine : FRANCE, Enrichie à l'extrait d'amande douce, la crème lavante soin délicat Monoprix nettoie vos mains sans les dessécher et les nourrit. Enrichie en agent hydratant et adoucissant, elle laisse votre peau souple, douce et délicatement parfumée., Pour ouvrir, débloquez la pompe en la tournant d'un quart de tour vers open. Appuyez plusieurs fois dessus puis appliquez la crème sur vos mains humides. Lavez et rincez puis refermez la pompe en tournant vers stop. Ce produit existe également en recharge. Testé sous contrôle dermatologique. Ne pas avaler. Ne pas utiliser chez les enfants de moins de 36 mois. En cas de projection dans les yeux, rincer immédiatement et abondamment à l'eau claire., 12 mois après ouverture.]|"
5,53€ / L"|"
1,66 €"
3486|Action antibacterienne, Savon liquide|Le flacon de 300ml|[Origine : FRANCE, Ce véritable Savon Liquide à l'huile essentielle de sauge et extrait de mandarine nettoie vos mains des impuretés quotidiennes.Hygiène : éternuements, toilettes, animaux, activités : transports en commun, jeux de plein air, ménage, objets : poignée de porte, clavier d'ordinateur, monnaie. Il laisse vos mains vraiment propres et préserve leur douceur., Appliquer une noisette généreuse de ce savon sur mains mouillées. Frotter pendant 1 minute. Rincer soigneusement à l'eau claire., Aqua, potassium cocoate, glycerin, salvia sclarea oil, citrus nobilis fruit extract, caprylyl glycol, cocos nucifera oil, olea europaea fruit oil, propylene glycol, potassium olivate, peg-40 hydrogenated castor oil, hydroxyethylcellulose, disodium edta, bht, methylisothiazolinone, parfum, limonene, hexyl cinnamal, citral, linalool. Sans colorant, sans graisse animal, sans paraben., 12 mois après ouverture.]|"
11,50€ / L"|"
3,45 €"
3487|Gel lavant hypoallergenique à l'aloe vera & tilleul|Le flacon pompe de 300ml|[Origine : FRANCE, Ce gel lavant hypoallergénique* au parfum frais et délicat lave en douceur les mains sensibles. Sa formule hydrate et apaise les peaux délicates. *formulé pour minimiser les risques d'allergies. Les fleurs de tilleul sont issues de l'agriculture biologique et ont été cueillies au début de l'été en Ardèche. Le gel d'aloe Vera est obtenu à partir de ses feuilles, qui sont récoltées et ensuite pressées. Testé sous contrôle dermatologique. pH neutre pour la peau. Base lavante d'origine végétale., Aqua, ammonium lauryl sulfate, cocamidopropyl betaine, aloe barbadensis leaf juice, tilia tomentosa extract, lauryl alcohol, glycerin, ammonium chloride, ammonium sulfate, sodium chloride, citric acid, potassium sorbate, sodium benzoate, sodium sulfite, parfum., 12 mois après ouverture.]|"
11,30€ / L"|"
3,39 €"
3488|Gel mousse framboise pivoine|Le flacon de 300ml|[Origine : FRANCE, Ce gel mousse au parfum floral et gourmand lave vos mains en douceur et laisse votre peau douce et hydratée., Aqua, ammonium lauryl sulfate, sodium chloride, cocamidopropyl betaine, paeonia officinalis root extract, propylene glycol, rubus idaeus fruit extract, lauryl alcohol, ammonium chloride, ammonium sulfate, styrene/acrylates copolymer, citric acid, sodium benzoate, parfum, alpha-isomethyl ionone, hexyl cinnamal. Sans paraben., 12 mois après ouverture.]|"
7,87€ / L"|"
2,36 €"
3489|Huile de citron, savon liquide cuisine|La pompe de 300ml|[Origine : FRANCE, Ce véritable Savon Liquide du Cuisinier à l'huile essentielle de citron agit contre les odeurs tenaces : odeurs iodées, odeurs de graisse, odeurs de légumes., Appliquer une noisette de ce savon sur des mains mouillées. Frotter pendant 1 minute. Rincer soigneusement à l'eau claire., Aqua, potassium cocoate, glycerin, cocos nucifera oil, olea europaea fruit oil, citrus medica limonum oil, caprylyl glycol, potassium olivate, peg-40 hydrogenated castor oil, hydroxyethylcellulose, disodium EDTA, BHT, methylisothiazolinone, parfum, limonene, citral., 12 mois après ouverture.]|"
11,50€ / L"|"
3,45 €"
3490|Pur savon liquide de Marseille, parfum rose|Le flacon-pompe de 300ml|[Origine : FRANCE, Saponifié au chaudron, le Pur Savon Liquide Le Petit Olivier parfumé à la rose est fabriqué selon le savoir-faire des Maîtres Savonniers de Marseille.Naturellement glycériné, il nettoie en douceur., Aqua (water), potassium cocoate, parfum (fragrance), glycerin, hydroxyethylcellulose, PEG-40 hydrogenated castor oil, tea-cocoate, cocos nucifera (coconut) oil : tetrasodium EDTA, BHT, CI17200 (red 33), CI19140 (yellow5), alpha-isomethylionone, citronellol, hexylcinnamal, butylphenol methylpropional, linalool, hydroxyisohexyl 3-cyclohexenecarboxaldehyde. Sans paraben. Ne contient aucune matière animale., 12 mois après ouverture. Craint le gel. Conserver à une température supérieure à 8°C.]|"
11,17€ / L"|"
3,35 €"
3491|Pur savon liquide de marseille, Parfum verveine citron|Le flacon de 300ml|[Origine : FRANCE, Naturellement glycériné, il nettoie votre peau en douceur., Ne pas avaler. Eviter le contact avec les yeux. En cas de contact avec les yeux, rincer abondamment à l'eau claire., Aqua, potassium cocoate, glycerin, parfum, cocos nucifera (coconut) oil, peg-40 hydrogenated castor oil, hydroxyethylcellulose, tetrasodium edta, tocopherol, CI 19140 (yellow 5), CI 61570 (green 5), citral, limonene, geraniol, citronellol. Sans paraben., 12 mois après ouverture.]|"
10,97€ / L"|"
3,29 €"
3492|Pur savon liquide de Marseille parfum olive, huiles 100% végétales|La pompe de 300ml|[Origine : FRANCE, Saponifié au chaudron, le pur savon liquide Le Petit Olivier parfumé à l'olive est fabriqué selon le savoir-faire des maîtres savonniers de Marseille. Naturellement glycériné, il nettoie en respectant les peaux les plus délicates., Ne pas avaler. Eviter le contact avec les yeux., Water (aqua), potassium cocoate, glycerin, fragrance (parfum), hydroxyethylcellulose, tea-cocoate, cocos nucifera (coconut) oil, tetrasodium edta, BHT, cinnamal, citral, citronellol, coumarin, limonene, geraniol, linalool, red 4 (Cl14700), red 33 (Cl17200), yellow 5 (Cl19140), blue 1 (Cl42090). Sans paraben. Ne contient aucune matière animale., A utiliser dans les 12 mois après ouverture.]|"
10,97€ / L"|"
3,29 €"
3493|Pur savon liquide surgras de marseille, Beurre de karité|Le flacon de 750ml|[Origine : FRANCE, Retrouvez toute l'authenticité du Petit Olivier dans ce pur savon liquide surgras de Marseille au beurre de karité. Fabriqué selon le savoir-faire des maîtres savonniers, il est naturellement glycériné et enrichi en beurre de karité pour nettoyer lapeau tout en douceur., Aqua (water), potassium cocoate, glycerin, potassium olivate, cocos nucifera (coconut) oil, olea europaea (olive) fruit oil, butyrospermum parkii (shea) butter extract & potassium hydroxide, shea butter polyglyceryl-6 ester, parfum (fragrance), hydroxyethyl cellulose, polyglyceryl-3 caprylate, caprylyl/capryl glucoside, lauryl glucoside, polyglyceryl-2 dipolyhydroxystearate, tetrasodium glutamate diacetate, tocopherol, citric acid, caramel, Cl 17200 (red 33), limonene, alpha-isomethyl ionone, coumarin, linalool., 12 mois après ouverture.]|"
10,23€ / L"|"
7,67 €"
3494|Crème lavante pour les mains au lait d'amande|La pompe de 300ml|[Origine : FRANCE, Palmolive crème lavante 'Soin Délicat' pour les mains est une formule sans savon enrichie en extraits d'amande et d'aloé vera d'origine 100% naturelle.Elle contient une combinaison unique d'agents lavants doux et d'un agent hydratant., Pour ouvrir le flacon, dévisser le bouchon en tournant dans le sens inverse des aiguilles d'une montre., Aqua, sodium C12-13 pareth sulfate (*A) sodium laureth sulfate (*B), cocamidopropyl betaine, sodium chloride, styrene/acrylates copolymer, cocamide mea, sodium salicylate, parfum, sodium benzoate, glycol distearate, citric acid, polyquaternium-7n tetrasodium edta, laureth-4, prunus amygdalus dulcis extract, sine adipe lac aloe barbadensis leaf extract, prunus amygdalus dulcis oil, benzyl benzoate, hexyl cinnamal, hydroxyisohexyl 3-cyclohexene carboxaldehyde, linalool. *A/B : voir code de production., 12 mois après ouverture.]|"
7,87€ / L"|"
2,36 €"
3495|Gel Lavant Antibactérien  Plus|Le flacon de 300ml|[Origine : FRANCE, Ce gel lavant contient un agent antibactérien naturel qui lutte efficacement contre les bactéries pendant le lavage. Testée cliniquement, sa formule délicate, enrichie en agents hydratants vous laisse la sensation d'une peau souple et douce, jour après jour., Aqua, Sodium C12-13 Pareth Sulfate, Cocamidopropyl Betaine, Lactic Acide, Lauryl Polyglucose, Sodium Chloride, Parfum Sodium Sulfate, DMDM Hydantoin, Glycerin, Tetrasodium EDTA, Sodium Hvdroxide, Benzyl Salicylate, Butylphenyl Methylpropional, HexylCinnamal, Cl 14720, Cl 19140.]|"
7,87€ / L"|"
2,36 €"
3496|Gel lavant mains, aquarium pH neutral|La pompe de 300ml|[Origine : FRANCE, PH neutre pour la peau., Aqua, sodium C12-13 pareth sulfate, cocamidopropyl betaine, lauryl polyglucose, sodium chloride, sodium sulfate, DMDM hydantoin, parfum, tetrasodium EDTA, citric acid, limonene, linalool, Cl17200, Cl42090.]|"
8,40€ / L"|"
2,52 €"
3497|Savon, Extra pur de marseille, Miel de lavante|Le flacon de 500ml|[Origine : FRANCE, Savon Le Naturel Extra Pur est un véritable savon liquide, riche en glycérine et saponifié aux huiles végétales. Il lave les mains et laisse sur la peau un délicat parfum. Ce savon est fabriqué à 99% à partir d'ingrédients d'origine naturelle., En cas de sensation de tiraillement, appliquer une crème pour les mains., Aqua, potassium cocoate, potassium oleate, potassium olivate, potassium carbonate, sodium chloride, parfum, benzyl alcohol, tetrasodium glutamate diacetate, glycerin, potassium hydroxide, mel extract, citric acid, sodium benzoate, potassium sorbate,coumarin, linalool., 12 mois après ouverture.]|"
7,60€ / L"|"
3,80 €"
3498|Savon extra pur de Marseille|La bouteille de 1L|[Origine : FRANCE, Savon Le Naturel innove et vous offre une recharge pratique qui vous permettra de remplir avec un seul flacon tous les distributeurs de votre maison (cuisine, salle de bain ). Avec la recette de notre maître savonnier, Savon Le Naturel extra pur, profitez de tous les bienfaits d'un savon de Marseille avec ce savon liquide riche en glycérine et saponifié aux huiles végétales., Comme tous les savons, il peut sécher et former des dépôts, pour une meilleure utilisation, essuyez régulièrement l'embout de la pompe. Sa couleur et texture peuvent légèrement évoluer : c'est une marque de son authenticité., 12 mois après ouverture.]|"
5,65€ / L"|"
5,65 €"
3499|Savon liquide extra pur de Marseille|La pompe de 500ml|[Origine : FRANCE, Savon le Naturel Extra Pur est un véritable savon liquide, riche en glycérine et saponifié aux huiles végétales, vous apportant aujourd'hui tous les bienfaits d'un savon de Marseille.Authentique & Naturel : recette Extra Pur de notre maître savonnier, Savon le Naturel est une marque créée au 19ème siècle par une grande maison de Marseille., Aqua, potassium cocoate, potassium oleate, potassium olivate, potassium carbonate, sodium chloride, glycerin, parfum, citric acid, tetrasodium glutamate diacetate, benzyl alcohol, potassium hydroxide, caramel, limonene, linalool, amyl cinnamal. Sansparaben, sans BHT, sans EDTA, sans DMDM., 12 mois après ouverture.]|"
6,42€ / L"|"
3,21 €"
3500|Savon liquide extra pur de Marseille à l'huile d'olive|La pompe de 500ml|[Origine : FRANCE, Savon Le Naturel Extra Pur est un véritable savon liquide, riche en glycérine et saponifié aux huiles végétales. Il lave les mains en douceur et laisse sur la peau un délicat parfum., Aqua, potassium oleate, potassium cocoate, potassium olivate, sodium chloride, potassium carbonate, parfum, benzyl alcohol, tetrasodium glutamate diacetate, potassium hydroxide, linalool, glycerin, limonene, coumarin. Ce savon est fabriqué à 99% à partir d'ingrédients d'origine naturelle. Sa couleur et texture peuvent légèrement évoluer : c'est une marque de son authenticité., 12 mois après ouverture.]|"
7,32€ / L"|"
3,66 €"
3501|Savon d'alep|La pompe de 300ml|[Origine : FRANCE, Le véritable Savon d'Alep liquide. Savon naturel de fabrication artisanale à l'huile d'olive et à l'huile de laurier enrichi à l'huile d'olive vierge extra., L'utilisation quotidienne du Savon d'Alep contribue à garder une peau douce et non asséchée., Aqua, potassium hydroxide, glycerin, olea europaea oil, laurus nobilis oil, tylose, tocopherol. Sans colorant, conservateur, parfum, additif. Non testé sur animaux. Sans paraben. Sans edta. Sans bht., 12 mois après ouverture.]|"
26,07€ / L"|"
7,82 €"
3502|Gel lavant huile précieuse à l'huile d'argan bio|la pompe de 300ml|[Origine : FRANCE, La formule exclusive du gel lavant est élaborée à base d'agents ultra doux d'origine végétale. Enrichi en extraits d'huile d'argan bio aide à lutter contre le dessèchement de la peau., Ne pas laisser à la portée des enfants., Aqua, sodium laureth sulfate, glycerin, cocamidopropyl betaine, sodium chloride, peg-40 hydrogenated castor oil, parfum, laureth-3, coco glucoside, glycerin oleate, argania spinosa oil, citric acid, peg-120 methyl glucose dioleate, magnesium nitrate,methylchloroisothiazolinone, magnesium chloride, methylisothiazolinone, tocopherol, hydrogenated palm glycerides citrate, CI 19140 (yellow 5), CI 14700 (red 4)., 12 mois après ouverture.]|"
7,87€ / L"|"
2,36 €"
3503|Distributeur automatique de savon, Classic|Le blister de 250ml|[Origine : HONGRIE, Aide à réduire la propagation des bactéries. Facile et pratique à utiliser, le Distributeur Automatique de savon Dettol No-Touch vous aide à avoir une bonne hygiène des mains.Enrichies en agents hydratants, les recharges de Savon Dettol No-Touch respectent votre peau tout en éliminant 99,9% des bactéries en 60 secondes. Repère automatiquement vos mains. Ne goutte pas, ne salit pas. Contient des agents hydratants. Elimine 99,9% des bactéries., Enlever la languette du bouchon de la recharge de savon et l'insérer dans le distributeur automatique jusqu'à entendre un clic. Ouvrir le compartiment à piles et retirer la languette rouge. Refermer fermement le compartiment à piles. Placer le distributeur sur le support souhaité. Mettre en marche le distributeur en utilisant le bouton ON/OFF à l'arrière. Mouillez vos mains et placez-les sous le distributeur. Le savon sera automatiquement versé dans vos mains. Il sera peut-être nécessaire de répéter cette opération plusieurs fois lors de la première utilisation. Votre distributeur automatique No-Touch est maintenant prêt à être utilisé. Cet objet fonctionne avec des piles. Utiliser uniquement des piles alcalines. Ne pas mélanger des piles usagées, des piles de différentes marques ou de types différents. Assurez-vous que les piles sont correctement insérées en alignant les pôles + et - comme indiqué. Ne pas exposer les piles à l'eau, au feu ou à des fortes températures. Ne pas causer decourt-circuit. A la moindre trace de fuite, retirez-les immédiatement et jetez les piles défectueuses. En cas d'absence de manipulation ou de non-utilisation prolongée, retirez les piles du distributeur. Les piles contiennent 0% de mercure/0% de plomb/0% de cadmium. Pour usage externe uniquement. Conserver hors de la portée des enfants. En cas d'ingestion, consulter immédiatement un médecin et lui montrer l'emballage ou l'étiquette, contacter le centre anti-poison le plus proche. Eviter le cont, Désinfectant 0,13g de chlorure de benzalkonium pour 100g de produit.]|"
53,52€ / L"|"
13,38 €"
3504|Crème lavante, Original|Le flacon de 250ml|[Origine : FRANCE, Une formule soin qui lave vos mains en douceur et les protège du dessèchement jour après jour. Pour de belles mains douces et hydratées même lavées fréquemment., Aqua, sodium laureth sulfate, glycerin, cocamidopropyl betaine, cocamide mea, isopropyl palmitate, parfum, acrylates copolymer, styrène/acrylates copolymer, ppg-12, sodium lauryl sulfate, sodium chloride, citric acid, sodium benzoate, alpha-isomethylionone, benzyl alcohol, benzyl salicylate, butylphenyl methylpropional, citronellol, coumarin, eugénol, géraniol, hexyl cinnamal, limonène, linalool., 12 mois après ouverture.]|"
10,08€ / L"|"
2,52 €"
3505|Hamamélis, gel lavant|Le flacon pompe de 300ml|[Origine : ALLEMAGNE, Sa formule hypoallergénique, de pH neutre pour la peau, est spécialement conçue pour une hygiène parfaite et aide à préserver l'hydratation naturelle de l'épiderme.Enrichie à l'Hamamélis et testée dermatologiquement, elle respecte les peaux les plusdélicates. Vos mains sont purifiées et douces., Pour ouvrir, tourner la pompe à gauche. Pour fermer, tourner la pompe à droite., Aqua, sodium laureth sulfate, disodium cocoamphodiacetate, peg-7 glyceryl cocoate, glycerin, hamamelis virginiana, propylene glycol, laureth-2, peg-55 propylene glycol oleate, disodium edta, parfum, citric acid, sodium chloride, sodium benzoate., 12 mois après ouverture.]|"
6,90€ / L"|"
2,07 €"
3506|Savon à mains d'origine naturelle, Groseilles|Le flacon de 354ml|[Origine : BELGIQUE, Savon à mains d'origine naturelle., Tournez la pompe pour ouvrir., Water (aqua), sodium lauryl sulfate, cocamidopropyl betaine, decyl glucoside, lauryl glucoside, cocamidopropyl hydroxysultaine, glycerin, aloe barbadensis extract, tocopheryl acetate (vitamin E), citric acid, sodium chloride, sodium citrate, methylisothiazolinone, methylchloroisothiazolinone, phenoxyethanol, fragrance (parfum : citronellol, hexyl cinnamal, limonene, linalool), red 33 (CI17200), red 4 (CI 14700)., 18 mois après ouverture.]|"
9,86€ / L"|"
3,49 €"
3507|Savon à mains d'origine naturelle, Minéraux de mer|Le flacon de 354ml|[Origine : BELGIQUE, Savon à mains d'origine naturelle., Tournez la pompe pour ouvrir., Water (aqua), sodium lauryl sulfate, cocamidopropyl betaine, decyl glucoside, lauryl glucoside, cocamidopropyl hydroxysultaine, glycerin, aloe barbadensis extract, tocopheryl acetate (vitamin E), citric acid, sodium chloride, sodium citrate, methylisothiazolinone, methylchloroisothiazolinone, phenoxyethanol, fragrance (parfum : linalool, lyral), blue 1 (CI42090), external violet 2 (CI60730)., 18 mois après ouverture.]|"
9,86€ / L"|"
3,49 €"
3508|Savon à mains d'origine naturelle, Pamplemousse rose|Le flacon de 354ml|[Origine : BELGIQUE, Savon à mains d'origine naturelle., Tournez la pompe pour ouvrir., Water (aqua), sodium lauryl sulfate, cocamidopropyl betaine, decyl glucoside, lauryl glucoside, cocamidopropyl hydroxysultaine, glycerin, aloe barbadensis extract, tocopheryl acetate (vitamin E), citric acid, sodium chloride, sodium citrate, methylisothiazolinone, methylchloroisothiazolinone, phenoxyethanol, fragrance (parfum : citronellol, hexyl cinnamic aldehyde, limonene, linalool), red 33 (CI 17200), red 4 (CI 14700)., 18 mois après ouverture.]|"
9,86€ / L"|"
3,49 €"
3509|Savon à mains d'origine naturelle, Thé vert + aloès|Le flacon de 354ml|[Origine : FRANCE, Savon à mains d'origine naturelle., Tournez la pompe pour ouvrir., Aqua, sodium lauryl sulfate, cocamide dea, cocamidopropyl betaine, glycerin, aloe barbadensis extract, tocopheryl acetate, citric acid, sodium chloride, sodium citrate, benzophenone-4, methylchloroisothiazolinone, methylisothiazolinone, parfum (hexylcinnamaldehyde, limonene, linalool), green 5 (CI16570), yellow 10 (CI47005)., 18 mois après ouverture.]|"
9,86€ / L"|"
3,49 €"
3510|Mousse lavante, Framboise|Le flacon de 250ml|[Origine : FRANCE, Laissez vous surprendre par la mousse lavante pour les mains Palmolive Magic Pouss'Mousse au parfum délicat de framboise. Son système de pompe innovante transforme le gel lavant en une mousse volumineuse et compacte qui enveloppe vos mains, les nettoie délicatement et leur laisse une incroyable sensation de douceur., 12 mois après ouverture.]|"
11,92€ / L"|"
2,98 €"
3511|Mousse lavante, Mandarine|Le flacon de 250ml|[Origine : FRANCE, Laissez vous surprendre par la mousse lavante pour les mains Palmolive Magic Pouss'Mousse au parfum délicat de mandarine. Son système de pompe innovante transforme le gel lavant en une mousse volumineuse et compacte qui enveloppe vos mains, les nettoie délicatement et leur laisse une incroyable sensation de douceur., 12 mois après ouverture.]|"
11,92€ / L"|"
2,98 €"
3512|Savon liquide, Red pappies|Le flacon de 250ml|[Origine : ALLEMAGNE, AQUA, SODIUM LAURETH SULFATE,  COCAMIDOPROPYL BETAINE, PEG-7 GLYCERYL COCOATE,  SODIUM CHLORIDE, PARFUM, BENZOIC ACID  TETRASODIUM EDTA, POLYQUATERNIUM-7, CITRIC ACID, METHYLCHLOROISOTHIAZOLINONE, METHYLISOTHIAZOLINONE,  CITRONELLOL, LIMONENE, LINALOOL.]|"
12,16€ / L"|"
3,04 €"
3513|Savon liquide, Royal garden|Le flacon de 250ml|[Origine : ALLEMAGNE, AQUA, SODIUM LAURETH SULFATE,  COCAMIDOPROPYL BETAINE, PEG-7 GLYCERYL COCOATE,  SODIUM CHLORIDE, PARFUM, BENZOIC ACID  TETRASODIUM EDTA, POLYQUATERNIUM-7, CITRIC ACID, METHYLCHLOROISOTHIAZOLINONE, METHYLISOTHIAZOLINONE,  CITRONELLOL, LIMONENE, LINALOOL.]|"
12,16€ / L"|"
3,04 €"
3514|Savon à l'huile d'amande douce bio|Le savon de 150g|[Origine : FRANCE, Le savon à l'huile d'amande douce, enrichi en glycérine végétale, nettoie votre peau tout en la respectant., Appliquer sur une peau préalablement humidifiée. Faire mousser délicatement puis rincer. Eviter le contact avec les yeux. En cas de contact avec les yeux, rincer abondamment à l'eau claire., Sodium palmate*, sodium cocoate*, aqua, glycerin, parfum, prunus amygdalus dulcis oil*, sodium chloride, tetrasodium glutamate diacetate. *Ingrédients issus de l'agriculture biologique., Eviter l'exposition prolongée à la lumière et à la chaleur.]|"
18,27€ / Kg"|"
2,74 €"
3515|Savon à l'huile d'amande douce bio|Le savon de 150g|[Origine : FRANCE, Le savon à l'huile d'amande douce, enrichi en glycérine végétale, nettoie votre peau tout en la respectant., Appliquer sur une peau préalablement humidifiée. Faire mousser délicatement puis rincer. Eviter le contact avec les yeux. En cas de contact avec les yeux, rincer abondamment à l'eau claire., Sodium palmate*, sodium cocoate*, aqua, glycerin, parfum, prunus amygdalus dulcis oil*, sodium chloride, tetrasodium glutamate diacetate. *Ingrédients issus de l'agriculture biologique., Eviter l'exposition prolongée à la lumière et à la chaleur.]|"
18,27€ / Kg"|"
2,74 €"
3516|Savon à la lavande bio|Le savon de 150g|[Origine : FRANCE, Ce savon à la lavande et à l'huile d'olive, enrichi en glycérine végétale, nettoie votre peau tout en la respectant., Appliquer sur une peau préalablement humidifiée. Faire mousser délicatement puis rincer. Ne pas avaler. Eviter le contact avec les yeux. En cas de contact avec les yeux rincer abondamment à l'eau claire., Sodium palmate*, sodium cocoate*, aqua, glycerin, parfum, lavandula angustifolia oil*, olea europaea fruit oil*, sodium chloride, tetrasodium glutamate diacetate, silica, cl 77891, cl 77007, linalool, limonene geraniol. * Ingrédients issus de l'agriculture biologique., Eviter l'exposition prolongée à la lumière et à la chaleur.]|"
18,27€ / Kg"|"
2,74 €"
3517|Savon à la lavande bio|Le savon de 150g|[Origine : FRANCE, Ce savon à la lavande et à l'huile d'olive, enrichi en glycérine végétale, nettoie votre peau tout en la respectant., Appliquer sur une peau préalablement humidifiée. Faire mousser délicatement puis rincer. Ne pas avaler. Eviter le contact avec les yeux. En cas de contact avec les yeux rincer abondamment à l'eau claire., Sodium palmate*, sodium cocoate*, aqua, glycerin, parfum, lavandula angustifolia oil*, olea europaea fruit oil*, sodium chloride, tetrasodium glutamate diacetate, silica, cl 77891, cl 77007, linalool, limonene geraniol. * Ingrédients issus de l'agriculture biologique., Eviter l'exposition prolongée à la lumière et à la chaleur.]|"
18,27€ / Kg"|"
2,74 €"
3518|Savon à l'huile d'amandes douces bio|L'unité de 100g|[Origine : FRANCE, Naturellement doux, Cadum convient même aux peaux délicates.En choisissant une huile d'amandes douces issues de l'agriculture biologique, Cadum s'engage à agir sur la protection des ressources naturelles., Sodium tallowate, sodium palm kernelate, aqua, parfum, glycerin, olea europaea oil, lauric acid, CI77891, tetrasodium glutamate diacetate, prunus amygdalus dulcis oil, hexyl cinnamal, benzyl salicylate, butylphenyl methylpropional, citronellol, geraniol, linalool, coumarin, limonene, alphaisomethyl ionone, benzyl alcohol, rosmarinus officinalis., 36 mois après ouverture.]|"
7,90€ / Kg"|"
0,79 €"
3519|Savon à l'huile d'amandes douces bio, sans paraben, sans conservateur|Le sachet de 6 savons|[Origine : FRANCE, Cadum utilise des ingrédients d'origine naturelle saponifiés selon des standards de qualité élevés, offrant ainsi des savons d'une douceur incomparable.Depuis 1907, Cadum développe des formules respectueuses de la peau. Plus d'Amour naturellement doux., Sodium tallowate, sodium palm kernelate, aqua, glycerin, parfum, olea europaea oil, lauric acid, ci77891, tetrasodium glutamate diacetate, prunus amygdalus dulcis oil, hexyl cinnamal, benzyl salicylate, butylphenyl methylpropional, citronellol, geraniol, linalool, coumarin, limonene, alphaisomethyl ionone, benzyl alcohol, rosmarinus officinalis extract. Sans conservateur. Sans paraben. Sans DMDM. Sans EDTA et sans BHT. Huile d'amandes douces issues de l'agriculture biologique., 36 mois après ouverture.]|"
7,13€ / Kg"|"
4,28 €"
3520|Pain de toilette, cream bar|La boîte de 100g|[Origine : ALLEMAGNE, Sodium cocoyl isethionate, stearic acid, sodium isethionate, sodium palmitate, aqua, coconut acid, sodium stearate, cocamidopropyl betaine, parfum, sodium palm kernelate, glycerin, sodium chlorid, zinc oxide, tetrasodium EDTA, tetrasodium etidronate,alpha-isomethyl ionone, amyl cinnamal, benzyl salicylate, butylphenyl methylpropional, citronellol, coumarin, eugenol, geraniol, hexyl cinnamal, linalool, Cl77891.]|"
11,80€ / Kg"|"
1,18 €"
3521|Pain de toilette, Soft Peeling gentle exfoliating|Le pain de toilette de 100g|[Origine : FRANCE, Sodium Lauroyl Isethionate, Stearic Acid, Sodium Palmitate, Aqua, Lauric Acid, Sodium Isethionate, Sodium Stéarate, Cocamidopropyl Betaine, Sodium Palm Kernelate, Parfum, Glycerin, Helianthus Annuus Seed Oil, Tocopheryl Acétate, Cera Microcristallina, Sodium Chloride, Zinc Oxide, Citric Acid, Tetrasodium EDTA, Tetrasodium Etidronate, Alpha-lsomethyl lonone, Benzyl Alcohol, Butylphenyl Methylpropional, Citronellol, Coumarm, Hexyl Cinnamal, Limonene, Linalool, Cl 42090, Cl 77891., 12 mois après ouverture.]|"
11,10€ / Kg"|"
1,11 €"
3522|Pains de toilette|Les 4 pains de 100g|[Origine : FRANCE, Le secret d'une belle peau, c'est l'hydratation. Maintenant vous savez pourquoi Dove a incorporé 1/4 de crème hydratante dans un pain de toilette., Sodium lauroyl isethionate, stearic acid, sodium palmitate, aqua, lauric acid, sodium isethionate, sodium stearate, cocamidopropyl betaine, sodium palm kernelate, parfum, glycerin, sodium chloride, zinc oxide, citric acid, tetrasodium EDTA, tetrasodium etidronate, alumina, alpha-isomethyl ionone, benzyl alcohol, butylphenyl methylpropional, citronellol, coumarin, hexyl cinnamal. Limonene, linalool, Cl77891., 12 mois après ouverture.]|"
10,95€ / Kg"|"
4,38 €"
3523|Pains de toilette exfoliant doux|les 2 savons de 100g|[Origine : ALLEMAGNE, Dove a associé des agents exfoliants doux à 1/4 de crème hydratante pour éliminer en douceur les peaux mortes & permettre à votre épiderme rafraîchi et régénéré de profiter de tous ses bienfaits., Sodium lauroyl isethionate, stearic acid, sodium palmitate, aqua, lauric acid, sodium isethionate, sodium stearate, cocamidopropyl betaine, parfum, sodium palm kernelate, glycerin, cera microcristallina, sodium chloride, zinc oxide, citric acid, tetrasodium edta, tetrasodium etidronate, alpha-isomethyl ionone, benzyl alcohol, butylphenyl methylpropional, citronellol, coumarin, hexyl cinnamal, limonene, linalool, Cl42090, Cl77891., 12 mois après ouverture.]|"
10,25€ / Kg"|"
2,05 €"
3524|Savon supreme, Creamoil|La boîte de 100g|[Origine : FRANCE, 1/4 de crème hydratante., Sodium lauroyl isethionate, stearic acid, sodium palmitate, aqua, lauric acid, sodium isethionate, sodium stearate, cocamidopropyl betaine, sodium palm kernelate, parfum, glycerin, helianthus annuus seed oil, sodium chloride, zinc oxide, tetrasodiumedta, tetrasodium etidronate, alumina, benzyl alcohol, benzyl salicylate, butylphenyl methylpropional, citronellol, coumarin, eugenol, geraniol, hexyl cinnamal, limonene, linalool, Cl 77891., 12 mois après ouverture.]|"
12,10€ / Kg"|"
1,21 €"
3525|Savon supreme, Creamoil|La boîte de 4x100g|[Origine : ALLEMAGNE, Plaisir soyeux et soin intense pour votre peau : 1/4 de crème hydratante associée à une huile de soin., Sodium lauroyl isethionate, stearic acid, sodium palmitate, aqua, lauric acid, sodium isethionate, sodium stearate, cocamidopropyl betaine, parfum, sodium palm kernelate, glycerin, helianthus annuus seed oil, sodium chloride, zinc oxide, citric acid,tetrasodium edta, tetrasodium etidronate, alumina, benzyl alcohol, benzyl salicylate, butylphenyl methylpropional, citronellol, coumarin, eugenol, geraniol, hexyl cinnamal, limonene, linalool, CI 77891., 12 mois après ouverture.]|"
11,00€ / Kg"|"
4,40 €"
3526|Savon de Marseille, douceur glycérinée|Les 6 pains de 100g|[Origine : FRANCE, Savon de Marseille à la glycérine 2,5%. Véritable savon de Marseille, Le Chat Douceur Glycérinée est enrichi à la glycérine (2,5%) pour une propreté simple et parfaitement naturelle.Testée dermatologiquement, sa formule sans paraben respecte votre peau pour une toilette des mains tout en douceur., Sodium tallowate, aqua, sodium palm kernelate, sodium cocoate, glycerin, parfum, sodium chloride, tetrasodium EDTA, tetrasodium etidronate, BHT, alpha-isomethyl ionone, Cl77266, Cl77492. Sans paraben., 12 mois après ouverture.]|"
6,78€ / Kg"|"
4,07 €"
3527|Savon extra doux à l'huile d'olive, 100% huiles végétales|Le paquet de 250g|[Origine : FRANCE, Les savons Le Petit Olivier en Provence, élaborées à partir d'ingrédients naturels et de parfums issus de Grasse, vous procurent douceur et bien-être., Ne pas avaler. Eviter le contact avec les yeux., Valeur énergétique en Joules :  0, Valeur énergétique en Kcal : 0, Glucides : 0, Lipides : 0, Protides :0, Sodium palmate, sodium palm kernelate, aqua (water), parfum (fragrance), elæis guineensis (palm) oil, glycerin, sodium chloride, olea europaea (olive) fruit oil, tetrasodium edta, tetrasodium etidronate, avena sativa (oat) kernel extract, glyceryl stearate, peg-60 hydrogenated castor oil, helianthus annuus (sunflower) seed oil, gluconolactone, sodium benzoate, Cl77492 (iron oxides), Cl77288 (chromium oxide greens), Cl77491 (iron oxides), Cl77499 (iron oxides), linalool, limonene, geraniol, cinnamal, coumarin, citronellol, citral, benzyl benzoate. Huiles 100% végétales, sans paraben. Ne contient aucune matière animale.]|"
10,00€ / Kg"|"
2,50 €"
3528|Savon extra doux à la lavande, 100% huiles végétales|Le paquet de 250g|[Origine : FRANCE, Les savons Le Petit Olivier en Provence, élaborées à partir d'ingrédients naturels et de parfums issus de Grasse, vous procurent douceur et bien-être., Ne pas avaler. Eviter le contact avec les yeux., Valeur énergétique en Joules :  0, Valeur énergétique en Kcal : 0, Glucides : 0, Lipides : 0, Protides :0, Sodium palmate, sodium palm kernelate, aqua (water), parfum (fragrance), elæis guineensis (palm) oil, glycerin, sodium chloride, tetrasodium edta, tetrasodium etidronate, avena sativa (oat) kernel extract, glyceryl stearate, peg-60 hydrogenated castor oil, helianthus annuus (sunflower) seed oil, gluconolactone, sodium benzoate, linalool, coumarin, limonene. Huiles 100% végétales, sans paraben. Ne contient aucune matière animale.]|"
10,00€ / Kg"|"
2,50 €"
3529|Savon extra doux surgras, Au karité|Le savon de 250g|[Origine : FRANCE, Les savons Le Petit Olivier en Provence, élaborés à partir d'huiles 100% végétales et de parfums issus de Grasse, vous procurent douceur et bien être., Ne pas avaler. Eviter le contact avec les yeux. En cas de contact avec les yeux rincer abondamment à l'eau claire., Sodium palmate, sodium palm kernelate, aqua, parfum, butyrospermum parkii (shea) butter, glycerin, palm acid, palm kernel acid, avena sativa (oat) kernel extract, helianthus annuus (sunflower) seed oil, rosmarinus officinalis (rosemary) leaf extract,peg-60 hydrogenated castor oil, sodium chloride, sodium benzoate, tetrasodium etidronate, limonene, alpha isomethyl ionone, coumarin, linalool, benzyl salicylate, citronellol, geraniol., Conserver à l'abri de la lumière.]|"
10,20€ / Kg"|"
2,55 €"
3530|Savonnettes extra douces à la verveine et au citron, 100% huiles végétales|Les 2 savonnettes de 100g|[Origine : FRANCE, Les savonnettes Le Petit Olivier en Provence, élaborées à partir d'ingrédients naturels et de parfums issus de Grasse, vous procurent douceur et bien-être., Ne pas avaler. Eviter le contact avec les yeux., Valeur énergétique en Joules :  0, Valeur énergétique en Kcal : 0, Glucides : 0, Lipides : 0, Protides :0, Sodium palmate, sodium palm kernelate, aqua (water), parfum (fragrance), elæis guineensis (palm) oil, glycerin, sodium chloride, propylene glycol, tetrasodium edta, tetrasodium etidronate, avena sativa (oat) kernel extract, glyceryl stearate, peg-60hydrogenated castor oil, verbena officinalis extract, citrus medica limonum (lemon) fruit extract, helianthus annuus (sunflower) seed oil, gluconolactone, sodium benzoate, potassium sorbate, citric acid, Cl19140 (yellow 5), Cl77288 (chromium oxide greens), citral, limonene, geraniol, citronellol, linalool. Huiles 100% végétales, sans paraben. Ne contient aucune matière animale.]|"
12,60€ / Kg"|"
2,52 €"
3531|Savons extra doux à la fleur de cerisier|Le lot de 2 savonnettes de 100g|[Origine : FRANCE, Retrouvez tout le savoir-faire et l'authenticité du Petit Olivier dans cette Savonnette Extra Douce Fleur de Cerisier. Enrichie en extrait naturel et en huile d'olive du Moulin Le Petit Olivier, elle nettoie votre peau tout en douceur. Son parfum fleuri et délicat, issu de la région de Grasse vous emmène au coeur de la Provence., Sodium palmate, sodium palm kernelate, aqua (water), olea europaea (olive) fruit oil, palm acid, palm kernel acid, prunus cerasus (bitter cherry) flower extract, parfum (fragrance), glycerin, sodium chloride, sodium benzoate, tetrasodium edta, tetrasodium etidronate, citric acid, silica, Cl 77492 (iron oxides), Cl 77491 (iron oxides), Cl 77499 (iron oxides), linalool, citronellol.]|"
12,30€ / Kg"|"
2,46 €"
3532|Savon végétal à l'huile d'olive|Les 3 savons de 100g|[Origine : FRANCE, Saponifié sur une base aux huiles 100% végétales et enrichi à l'huile d'olive, le savon de Marseille Le Petit Olivier a été élaboré selon le savoir-faire des savonniers., Ne pas avaler. Eviter le contact avec les yeux. Ne pas utiliser chez l'enfant de moins de 3 ans., Sodium palmate, sodium palm kernelate, aqua (water), olea europaea (olive) fruit oil, glycerin, parfum (fragrance), sodium chloride, tetrasodium edta, tetrasodium etidronate, silica, Cl 77492 (iron oxides), Cl 77288 (chromium oxide greens), Cl 77491(iron oxides), Cl 77499 (iron oxides), linalool, limonene, geraniol, coumarin. Base aux huiles 100% végétales, sans paraben, ne contient aucune matière animale.]|"
13,37€ / Kg"|"
4,01 €"
3533|Savon à l'huile d'amande nourrissante.|L'unité de 100g|[Origine : FRANCE, Ce Savon Crème à l'huile d'amande nourrissante nettoie et prend soin de votre peau en douceur jour après jour., Sodium tallowate, sodium cocoate, aqua, glycerin, parfum, prunus amygdalus dulcis oil, lanolin alcohol (Eucerit), glyceryl glucoside, octyldodecanol, sodium thiosulfate, sodium chloride, tetrasodium etidronate, disteardimonium hectorite, benzyl alcohol, limonene, methyl benzoate, Cl 77891., 12 mois après ouverture.]|"
10,20€ / Kg"|"
1,02 €"
3534|Savon crème|Les 3 savons de 100g|[Origine : ALLEMAGNE, Ce savon crème à l'huile d'amande nourrissante nettoie et prend soin de votre peau en douceur, jour après jour.Technologie Hydra IQ pour une peau douce et hydratée., Sodium tallowate, sodium cocoate, water/eau, glycerin, fragrance/parfum, prunus amygdalus dulcis (sweet almond) oil, lanolin alcohol, glyceryl glucoside, octyldodecanol, sodium thiosulfate, sodium chloride, tetrasodium etidronate, disteardimonium hectorite, titanium dioxide., 12 mois après ouverture.]|"
9,57€ / Kg"|"
2,87 €"
3535|Le véritable savon d'Alep, savon naturel de fabrication artisanale, à l'huile d'olive et à l'huile de laurier|Le pain de 200g|[Origine : FRANCE, Le Savon d'Alep est authentique. Premier savon dur au Monde, son procédé artisanal de fabrication et sa composition originale, établis au VIIIème siècle,  sont préservés jusqu'à nos jours, de génération en génération, par les Maîtres Savonniers Aleppins. Le Savon d'Alep est naturel. Composé exclusivement de matières premières nobles, il ne contient aucun colorant, ni parfum de synthèse, ni adjuvant, ni graisses animales. Le Savon d'Alep nettoie en douceur et son utilisation quotidienne ne dessèche pas la peau. Ce Savon d'Alep Traditionnel de haute qualité et à teneur élevée en huile de baie de laurier est tel qu'il est fabriqué depuis plus d'un millénaire par les Maîtres Savonniers d'Alep., Testé sous contrôle dermatologique. Non testé sur les animaux., Huile d'olive (Oliva olea), huile de baie de laurier (laurus nobilis olea), hydroxyde de soude (sodium hydroxide), eau (aqua)., A utiliser dans les 48 mois après ouverture.]|"
23,10€ / Kg"|"
4,62 €"
3536|Véritable savon d'Alep, savon naturel de fabrication artisanale à l'huile d'olive et à l'huile de laurier, moulé|La boîte de 125g|[Origine : FRANCE, Le Savon d'Alep est authentique. Premier savon dur au Monde, son procédé artisanal de fabrication et sa composition originale - établis au VIIIème siècle - sont préservés jusqu'à nos jours par les Maîtres Savonniers Aleppins. Le Savon d'Alep est naturel. Composé exclusivement de matières premières nobles, il ne contient aucun colorant, ni parfum de synthèse, ni adjuvant, ni graisses animales. Le Savon d'Alep nettoie en douceur et son utilisation quotidienne ne dessèche pas le peau. Ce Savon d'Alep Moulé à la main, original et exclus est fabriqué à partir d'un Savon d'Alep Traditionnel réduit en Paillettes, ensuite moulées manuellement pièce par pièce., Huile d'olive (oliva olea), huile de baie de laurier (laurus nobilis olea), hydroxyde de soude (sodium hydroxide), eau (aqua). Sans colorant, conservateur, parfum, additif. Non testé sur les animaux., Valeur énergétique en Joules :  0, Valeur énergétique en Kcal : 0, Glucides : 0, Lipides : 0, Protides :0, A utiliser dans les 48 mois après ouverture.]|"
26,32€ / Kg"|"
3,29 €"
3537|Savon dermatologique aux extraits hydratants d'amande douce et avocat, visage et corps|La boîte de 100g|[Origine : FRANCE, Sa formule riche et onctueuse, enrichie en huiles nutritives d'Amande Douce et d'Avocat, nettoie en douceur et prend soin de votre peau.Elle respecte le niveau d'hydratation de la peau et la prévient du dessèchement. Votre peau est nette, douce et non desséchée., Faites mousser le savon dermatologique sous l'eau puis appliquez la mousse onctueuse sur votre peau. Rincez abondamment., Sodium tallowate, sodium cocoate, aqua, talc, coconut acid, sodium myreth sulfate, parfum, glycerin, decyl glucoside, persea gratissima oil ,prunus amygdalus dulcis oil, sodium lactate, sodium chloride, bht, tetrasodium EDTA, tetrasodium etidronate,BHT, Cl77891., 12 mois après ouverture.]|"
11,40€ / Kg"|"
1,14 €"
3538|Haute tradition, savon de beauté enrichi à l'huile d'amandes douces, formule douce|Les 4 pains de 125g|[Origine : FRANCE, L'huile d'amandes douces est riche en vitamine E et en agents lipidiques. Elle est reconnue et utilisée depuis des siècles pour ses vertus nourrissantes, assouplissantes et calmantes.Son extrême douceur est recommandée pour les peaux délicates des bébés. Ce savon nettoie et satine l'épiderme. Une utilisation quotidienne de Donge aide votre peau à garder sa douceur, sa souplesse et son élasticité., Sodium tallowate, sodium palm kernelate, aqua, parfum, olea europaea oil, glycerin, prunus dulcis, sodium chloride, lauric acid, Cl77891, tetrasodium glutamate diacetate, rosmarinus officinalis extract, hexyl cinnamal, benzyl salicylate, butylphenylmethylpropional, citronellol, geraniol, linalool, coumarin, limonene, alpha-isomethyl Ionone, benzyl alcohol. Sans conservateur. Sans paraben., 36 mois après ouverture.]|"
8,22€ / Kg"|"
4,11 €"
3539|Savon cologne ambrée authentique, aux essences naturelles|La boîte de 125g|[Origine : FRANCE, Fruit du savoir-faire de Mont St Michel, ce savon de toilette associe la douceur d'une formule enrichie en extraits d'origine naturelle, au plaisir d'un parfum raffiné, décliné de la célèbre Eau de Cologne Mont St Michel., Sodium tallowate, sodium cocoate, aqua, talc, glycerin, parfum, coconut acid, tallow acid, sodium chloride, sodium laureth sulfate, sodium lactate, tetrasodium EDTA, tetrasodium etidronate, BHT, benzyl alcohol, linalool, limonene, citral, benzyl benzoate, eugenol, citronellol, geraniol, Cl11680, Cl12490, Cl77266, Cl77891., A utiliser dans les 12 mois après ouverture.]|"
10,32€ / Kg"|"
1,29 €"
3540|Savon, Delicate care|Le sachet de 6 savons|[Origine : FRANCE, Sodium tallowate, sodium palm kernelate, sodium palmate, aqua, parfum, glycerin, sodium chloride, citric acid, pentaerithrityl tetra-di-t-butyl hydroxyhydrocinnamate, pentasodium pentetate, prunus amygdalus dulcis oil, stearic acid, coconut acid, alpha isomethyl ionone, butylphenyl methylpropional, citronellol, coumarin, hexyl cinnamal, hydroxyisohexyl 3-cyclohexene carboxaldehyde, linalool, CI77891., 36 mois après ouverture.]|"
8,48€ / Kg"|"
4,58 €"
3541|Savon, Moisture care|Le sachet de 6 savons|[Origine : FRANCE, Sodium tallowate, sodium palm kernelate, sodium palmate, aqua, parfum, sodium chloride, glycerin, olea europaea oil, elaeis guineensis oil, citric acid, pentasodium pentetate, pentaerithrityl tetra-d-t-butyl hydroxyhydrocinnamate, alpha isomethyl ionone, benzyl salicylate, butylphenyl methylpropional, citronellol, coumarin, limonene, CI11680, CI74260, CI77891., 36 mois après ouverture.]|"
8,48€ / Kg"|"
4,58 €"
3542|Savon crème|Le savon de 90g|[Origine : FRANCE, Sodium tallowate, sodium palm kernelate, sodium palmate, aqua, parfum, glycerin, sodium chloride, citric acid, pentaerithrityl tetra-di-t-butyl hydroxyhydrocinnamate, pentasodium pentetate, prunus amygdalus dulcis extract, sine adipe lac, prunus amygdalus dulcis oil, stearic acid, coconut acid, alpha-isomethyl ionone, butylphenyl methylpropional, citronellol, coumarin, hexyl cinnamal, hydroxyisohexyl 3-cyclohexene carboxaldehyde, linalool, Cl 77891., 36 mois après ouverture.]|"
11,22€ / Kg"|"
1,01 €"
3543|Savon olive|Le savon de 90g|[Origine : FRANCE, Sodium tallowate, sodium palm kernelate, sodium palmate, aqua, parfum, sodium chloride, glycerin, olea europaea oil, elaeis guineensis oil, citric acid, pentasodium pentetate, pentaerithrityl tetra-di-t-butyl hydroxyhydrocinnamate, alpha-isomethyl ionone, benzyl salicylate, butylphenyl methylpropional, citronellol, coumarin, limonene, Cl 11680, Cl 74260, Cl 77891., 36 mois après ouverture.]|"
9,22€ / Kg"|"
0,83 €"
3544|Pain dermatologique, sans savon, peaux sensibles, huile d'abricot adoucissante|Le pain dermatologique de 100g|[Origine : FRANCE, Enrichi en huile d'abricot, ce véritable pain dermatologique calme les sensations de tiraillements et adoucit les peaux sensibles.Garantie 100% sans savon, sa formule extra douce micellaire est particulièrement adaptée pour la toilette quotidienne duvisage et du corps. Jour après jour, elle aide les peaux sensibles à retrouver douceur et confort. Nettoie en douceur, se rince facilement, parfume délicatement la peau. Le pain dermathologique est particulièrement adapté en cas d'intolérance au savon classique. Son PH ajusté à celui de la peau est idéalement toléré par les peaux les plus sensibles., Sodium C12-18 alkyl sulfate, disodium lauryl sulfosuccinate, cetearyl alcohol, triticum vulgare starch, talc, paraffin, aqua, cocamidopropyl betaine, glycerin, prunus armeniaca kernel oil, sodium laureth sulfate, sodium chloride, potassium citrate, titanium dioxide, citric acid, parfum., 12 mois après ouverture.]|"
24,30€ / Kg"|"
2,43 €"
3545|Recharge de savon liquide|Le flacon de 250ml|[Origine : FRANCE, Elimine 99,9% des bactéries., Pressez sur le bouton Eject et retirez la recharge vide. Allumez le distributeur en appuyant sur l'interrupteur ON/OFF. Retirez la languette de la recharge et insérez-la dans le distributeur jusqu'à ce que vous entendiez un clic. Mouillez vos mains et placez-les sous l'embout distributeur. Le savon sera automatiquement versé dans vos mains. Pour usage externe uniquement. Conserver hors de la portée des enfants. En cas d'ingestion consulter immédiatement un médecin et lui montrer l'emballage ou l'étiquette , contacter le centre anti poison le plus proche. Eviter le contact avec les yeux. En cas de contact avec les yeux, laver immédiatement et abondamment avec de l'eau. Si l'irritation persiste, demander un avis médical., Désinfectant 0,13g de chlorure de benzalkonium pour 100g de produit.]|"
17,28€ / L"|"
4,32 €"
3546|Recharge de savon liquide pamplemousse|La recharge de 250ml|[Origine : FRANCE]|"
17,28€ / L"|"
4,32 €"
3547|Gel lavant|L'éco-recharge de 250ml|[Origine : ALLEMAGNE, Le Chat Douceur Pure à l'Hamamélis. Sa formule hypoallergénique, de pH neutre pour la peau, nettoie parfaitement et aide à préserver l'hydratation naturelle de l'épiderme. Enrichie en Hamamélis et testée dermatologiquement, elle respecte les peaux les plus délicates., Dévissez la pompe. Pincez et coupez la recharge. Versez dans le flacon. Revisser la pompe., AQUA, SODIUM LAURETH SULFATE, DISODIUM COCOAMPHODIACATATE, PEG-7 GLYCERYL COCOATE, GLYCERIN, HAMMAMELIS VIRGINIANE, PROPYLENE GLYCOL, LAURETH-2, PEG-55 PROPYLENE GLYCOL OLEATE, DISODIUM EDTA, PARFUM, CITRIC ACID, SODIUM CHLORIDE, SODIUM BENZOATE.]|"
4,24€ / L"|"
1,06 €"
3548|Gel lavant, action antibactérienne, au romarin|La recharge de 250ml|[Origine : ALLEMAGNE, Sa formule enrichie en extrait naturel de romarin, connu pour ses propriétés purifiantes, a été spécialement conçue pour nettoyer vos mains et ainsi réduire la présence de bactéries pendant le lavage. Vos mains sont propres, purifiées et enveloppéesd'une senteur fraîche et naturelle., Aqua, sodium laureth sulfate, disodium cocoamphodiacetate, citric acid, PEG-7, glyceryl cocoate, glycerin, rosmarinus officinalis leaf extract, parfum, PEG-55 propylene glycol oleate, laureth-2, propylene glycol, disodium EDTA, benzophenone-4, sodiumchloride, eucalyptol, limonene, linalool, sodium benzoate, sodium salicylate, CI 42053, CI 47005., Dévissez la pompe. Pincez et coupez la recharge. Ersez dans le flacon. Revissez la pompe., 12 mois après ouverture.]|"
4,36€ / L"|"
1,09 €"
3549|Gel mousse extra doux lait enrichi en glycérine d'origine végétal|Le berlingot 250ml|[Origine : FRANCE, Lave en douceur et hydrate la peau. Onctueuse et facile à rincer, sa mousse libère un parfum à la fois simple et raffiné. Votre peau est douce et hydratée., Aqua, sodium laureth sulfate, glycerin, cocamidopropyl betaine, peg-4 distearyl ether, distearyl ether, prunus amygdalus dulcis oil, sucrose cocoate, dicaprylyl ether, lecithin, polyglyceryl-3 diisostearate, glyceryl stearate, cocamide mea, lauryl glucoside, disodium cocoamphodiacetate, polysorbate 20, polyquaternium-7, sodium chloride, disodium edta, sodium glycolate, citric acid, sodium benzoate, methylisothiazolinone, parfum, coumarin, citronellol, linalool, geraniol, alpha-isomethyl ionone., 12 mois après ouverture.]|"
4,08€ / L"|"
1,02 €"
3550|Crème lavante, Lait d'amande|Le berlingot de 250ml|[Origine : FRANCE, Sa formule sans savon est enrichie au lait d'amande. Elle contient une combinaison unique d'agents lavants doux et d'un actif hydratant., Dévissez la pompe. Pincez et coupez la recharge. Versez dans le flacon., Aqua, sodium C12-13, pareth sulfate, cocamidopropyl Betaine, Sodium Chloride, Styrene/Acrylates Copolymer, Cocamide MEA, Sodium Salicylate, parfum, sodium benzoate, Glycol Distearate, Citric Acid, Polyquaternium-7, tetrasodium edta, laureth-4, prunusamygdalus dulcis extract, sine adipe lac, aloe barbadensis leaf extract, prunus amygdalus dulcis oil, benzyl benzoate, hexyl cinnamal, hydroxyisohexyl 3-Cyclohexene, carboxaldehyde, linalool., 12 mois après ouverture.]|"
4,60€ / L"|"
1,15 €"
3551|Gel lavant pour les mains, Hygième-plus|Le berlingot de 250ml|[Origine : FRANCE, Contient un agent antibactérien naturel et enlève les bactéries pendant le lavage. Sa formule délicate est enrichie en agents hydratants., Dévissez la pompe, pincez et coupez la recharge, versez dans le flacon. Eviter le contact du produit avec les pierres calcaires et l'acier., Aqua, sodium C12-13 pareth sulfate (*A)/sodium laureth sulfate (*B), cocamidopropyl betaine, lactic acid, cocamide MEA, sodium benzoate, parfum, sodium salicylate, citric acid, sodium hydroxide, glycerin, tetrasodium EDTA, poloxamer 124, benzyl salicylate, butylphenyl methylpropional, hexyl cinnamal, Cl 19140, Cl 14720. *A/B : voir code de production., 12 mois après ouverture. Garder le produit à l'abri de la lumière.]|"
4,60€ / L"|"
1,15 €"
3552|Crème lavante dermoprotectrice, au lait d'amande|L'éco-recharge de 250ml|[Origine : FRANCE, Enrichie au lait d'amande, la Crème Lavante Dermoprotectrice Monoprix nettoie vos mains sans les dessécher. Sa formule sans savon respecte le pH de votre peau. Enrichie en agents adoucissants, elle laisse votre peau souple, douce et délicatement parfumée., Cette recharge vous permet de réutiliser le flacon des crèmes lavantes Monoprix. Pour une meilleure efficacité, laver la pompe et le flacon à l'eau tiède avant de recharger. Ne pas avaler. Ne pas utiliser chez un enfant de moins de 36 mois., Aqua, sodium laureth sulfate, glycerin, sodium chloride, cocamidopropyl betaine, peg-7 glyceryl cocoate, parfum, styrene/acrylates copolymer, magnesium laureth sulfate, sodium benzoate, citric acid, potassium sorbate, tetrasodium edta, allantoin, magnesium chloride, sodium citrate, sodium hydroxide, sodium lauryl sulfate, prunus amygdalus dulcis fruit extract, phenoxyethanol, xanthan gum., A utiliser dans les 12 mois après ouverture.]|"
3,60€ / L"|"
0,90 €"
3553|Gel lavant au savon de Marseille, à l'extrait de feuilles d'olivier|L'éco-recharge de 250ml|[Origine : FRANCE, Enrichi à l'extrait de feuilles d'olivier, le Gel Lavant au savon de Marseille Monoprix nettoie vos mains sans les dessécher. Sa formule douce respecte le pH de votre peau. Enrichi en agent hydratant et adoucissant, il laisse votre peau souple, douce, hydratée et délicatement parfumée., Cette recharge vous permet de réutiliser le flacon des crèmes lavantes Monoprix. Pour une meilleure efficacité, laver la pompe et le flacon à l'eau tiède avant de recharger. Ne pas avaler. Ne pas utiliser chez un enfant de moins de 36 mois., Aqua, sodium laureth sulfate, glycerin, sodium chloride, cocamidopropyl betaine, citric acid, parfum, sodium palmate, sodium benzoate, peg-200 hydrogenated glyceryl palmate, potassium sorbate, peg-7 glyceryl cocoate, sodium palm kernelate, sodium hydroxide, olea europaea leaf extract, tetrasodium edta, etidronic acid, Cl 19140, Cl 16255, Cl 42090., A utiliser dans les 12 mois après ouverture.]|"
3,60€ / L"|"
0,90 €"
3554|Gel lavant hydratant, Pamplemousse rose|L'éco-recharge de 250ml|[Origine : FRANCE, Enrichi à l'extrait de pamplemousse Monoprix nettoie vos mains sans les dessécher. Enrichi en agent hydratant et adoucissant, il laisse votre peau souple, douce et nourrie., Cette recharge vous permet de réutiliser le flacon des gels lavants Monoprix. Pour une meilleure efficacité, lavez la pompe et le flacon à l'eau tiède avant de recharger. Puis rincez et coupez le bec de la recharge avant de verser le gel dans le flacon. Ne pas avaler. Ne pas utiliser chez les enfants de moins de 36 mois. En cas de projection dans les yeux, rincer immédiatement et abondamment à l'eau claire., Aqua, sodium laureth sulfate, glycerin, sodium chloride, cocamidopropyl betaine, parfum, limonene, sodium benzoate, peg-200 hydrogenated glyceryl palmate, citric acid, potassium sorbate, peg-7 glyceryl cocoate, citrus grandis fruit extract, benzyl benzoate, sodium hydroxide, CI16255, CI19140, CI17200., 12 mois après ouverture.]|"
3,60€ / L"|"
0,90 €"
3555|Gel lavant pureté, Agents assainissants|L'éco-recharge de 250ml|[Origine : FRANCE, Sa formule sans savon respecte le pH de votre peau. Enrichi en agent hydratant et adoucissant, il laisse votre peau souple, douce, et hydratée., Cette recharge vous permet de réutiliser le flacon des crèmes lavantes Monoprix. Pour une meilleure efficacité, laver la pompe et le flacon à l'eau tiède avant de recharger. Ne pas avaler. Ne pas utiliser chez un enfant de moins de 36 mois., Aqua, sodium laureth sulfate, glycerin, sodium chloride, cocamidopropyl betaine, parfum, sodium benzoate, peg-200 hydrogenated glyceryl palmate, potassium sorbate, dimethyl phenylpropanol, peg-7 glyceryl cocoate, pentylene glycol, citric acid, sodiumhydroxide, Cl42090, Cl19140., 12 mois après ouverture.]|"
3,60€ / L"|"
0,90 €"
3556|Bodytonic huile anti-cellulite|Le spray de 150ml|[Origine : FRANCE, Lisse l'aspect de la cellulite et raffermit la peau. Huiles essentielles de citron, mandarine et pamplemousse. Capturées à l'état pur, ces huiles essentielles sont de puissants actifs reconnus pour contribuer à vaincre la cellulite et améliorer la fermeté de la peau. Formule légère. S'applique facilement. Parfum frais et tonique., Ne pas appliquer sur le visage., 18 mois après ouverture.]|"
87,13€ / L"|"
13,07 €"
3557|Gel concentr{ amincissant, algue marine + caf{ine concentr{e|Le tube de 125ml|[Origine : FRANCE, Ce Gel concentré amincissant allie une forte concentration de caféine à des extraits d'algue marine pour réduire visiblement les rondeurs et les capitons.Sa formule gel frais associe : la caféine, connue pour activer le déstockage des lipides et pouraffiner la silhouette, l'extrait d'algue rouge, pour prévenir le stockage des graisses et combattre la réapparition des rondeurs (test in vitro). Preuve à l'appui : une étude clinique a prouvé que ce soin permettait de réduire visiblement le tour decuisse en 4 semaines., Appliquez quotidiennement sur les rondeurs que vous souhaitez combattre. Massez en mouvement circulaire jusqu'à absorption complète du gel. Ne pas appliquer sur le visage. Se laver les mains après application., Aqua/water, alcohol denat., propylene glycol, dimethicone, glycerin, caffeine, triethanolamine, acrylates/C10-30 alkyl acrylate crosspolymer, actinidia chinensis water/kiwi fruit water, ammonium polyacryldimethyltauramide/ammonium polyacryloyldimethyl taurate, benzyl benzoate, camellia sinensis extract/camellia sinensis leaf extract, camphor, carbomer, Cl 19140/yellow 5, Cl 42090/blue 1, citral, citronellol, corallina officinalis extract, dimethiconol, disodium rutinyl disulfate, escin, geraniol, ginkgo biloba extract/ginkgo biloba leaf extract, hdi/trimethylol hexyllactone crosspolymer, hesperetin laurate, laminaria ochroleuca extract, limonene, linalool, menthol, peg-6 isostearate, salicylic acid, sodium hydroxide, xanthan gum, parfum/fragrance. (F.I.L. B44950/1)., 18 mois après ouverture.]|"
100,08€ / L"|"
12,51 €"
3558|Soin amincissant intensif nuit, remodelage taille, hanches,      cuisses, sans paraben|Le pot de 300ml|[Origine : FRANCE, En 4 heures : peau plus tonique, plus ferme. En 28 jours : capitons lissés, remodelage global, taille, hanche, cuisse affinées. Formulé avec de la caféine stimulante et du ruscus connu pour ses vertus tonifiantes, ce soin agit lors de votre sommeil,nuit après nuit, lorsque votre corps nécessite moins d'énergie et stocke les graisses plus facilement., Appliquer quotidiennement sur les rondeurs que vous souhaitez combattre. Massez en mouvement circulaire jusqu'à absorption complète du soin. Pour des résultats optimaux, le produit peut s'appliquer avant et après votre nuit de sommeil. Ne pas appliquer sur le visage. Se laver les mains après application., Aqua/water, glycerin, dimethicone, alcohol denat, paraffinum liquidum/mineral oil, cetearyl alcohol, caffeine, butyrospermum parkii butter/shea butter, sucrose stearate, zea mays starch/corn starch, triethanolamine, calcium gluconate, capryloyl salicylic acid, carbomer, Cl19140/yellow 5, Cl42090/blue1, citral, coumarin, cyclodextrin, disodium edta, glyceryl stearate, limonene, linalool, palmitic acid, peg-100 stearate, phenoxyethanol, pisum sativum extract/pea extract, ruscus aculeatus extract/ruscus aculeatus root extract, sorbitan tristearate, stearic acid, parfum/fragrance. (FIL B54702/1)., 12 mois après ouverture.]|"
42,53€ / L"|"
12,76 €"
3559|Baume Fermeté Sculpturale Sublime Body|Le pot de 200ml|[Origine : ALLEMAGNE, Une association puissante dactifs à lefficacité démontrée. Actif liftant : inspiré de la technologie textile, le skinfibrine est un réseau de microfibres de nylon pour un effet resculptant instantané. Actif raffermissant : les elasto-peptides stimulent la production de fibres de collagène pour une peau plus ferme et élastique. Résultats : dès l'application, la peau est plus lisse et plus ferme, intensément nourrie. Après 4 semaines, le corps est remodelé, les contours sont fuselés, la peau estraffermie.]|"
79,55€ / L"|"
15,91 €"
3560|Lait Fermeté Sculpturale Sublime Body|Le flacon de 250ml|[Origine : FRANCE, La formule associe du Collagène à un puissant actif fermeté qui stimule la production naturelle de fibres de collagène pour densifier et renforcer les tissus de soutien. Une peau confortable et hydratée pendant 24h, instantanément plus ferme. En 4 semaines, la peau est raffermie, vous retrouvez une silhouette tonique., Appliquez matin et soir en massant particulièrement les zones à raffermir. Ne pas appliquer sur le visage., Aqua, paraffinum liquidum/mineral oil, glycerin, cetyl alcohol, elaeis guineensis oil/palm oil, dimethicone, mel/honey, peg-100 stearate, stearic acid, carbomer, glyceryl stearate, sodium hydroxide, cyclodextrin, 2-oleamido-1,3-octadecanediol, palmitic acid, caprylyl glycol, xanthan gum, soluble collagen, pisum sativum extract/pea extract, phenoxyethanol, linalool, alpha isomethyl ionone, limonene, citronellol, butylphenyl methylpropional, hexyl cinnamal, benzyl alcohol, benzyl salicylate, parfum, potassium sorbate (FIL B158212/1)., 12 mois après ouverture.]|"
23,44€ / L"|"
5,86 €"
3561|Sérum concentré zones rebelles, hanches, fesses, cuisses, anti-cellulite rebelle|Le tube de 125ml|[Origine : FRANCE, Une texture gel-crème légère et fondante qui pénètre rapidement et permet de s'habiller juste après l'application. Les laboratoires L'Oréal Paris ont spécialement conçu Perfect Slim Laser Sculpt, un sérum à la caféine concentrée et enrichi en Alpha-Escine, qui cible précisément et efficacement la cellulite des zones rebelles et affine la culotte de cheval en seulement 14 jours. Testé sous contrôle dermatologique., Véritable rituel de beauté, le massage active le déstockage des graisses et stimule le drainage des tissus. Appliquez le sérum matin et soir en massant spécifiquement les zones rebelles à lisser : hanches, fesses, cuisses. Techniques de massage : remontez dans un premier temps par un lissage léger du bas vers le haut. Puis pincez la peau entre le pouce et l'index et faites la rouler sous vos doigts en remontant. Se laver les mains après l'application. Ne pas appliquer sur le visage. Produit destiné aux adultes uniquement., 18 mois après ouverture.]|"
131,76€ / L"|"
16,47 €"
3562|Silhouette Incroyable Sublime Body|Le tube de 200ml|[Origine : FRANCE, Action complète en 4 semaines : silhouette affinée. Hanches redessinées. Genoux remodelés. Peau d'orange lissée.Développé et breveté par les laboratoires L'Oréal Paris, ce soin minceur resculptant assure une performance anti-cellulite globale pour une silhouette affinée sur toute la ligne. Une texture gel-crème légère et fondante qui pénètre rapidement et procure une sensation de fraîcheur immédiate. Non collante, elle facilite les gestes de massage et permet de s'habiller juste après l'application., Appliquer quotidiennement 1 à 2 fois par jour sur les cuisses, la taille, les hanches et le ventre en massant les zones ciblées. Sur les cuisses, les fesses et les hanches : lissage et palper rouler. Remontez dans un premier temps par un lissage léger du bas vers le haut. Puis pincez la peau entre le pouce et l'index et faites la rouler sous vos doigts en remontant. Sur le ventre : mouvements circulaires. Réalisez des mouvements dans le sens des aiguilles d'une montre tout en exerçant une légèrepression. Se laver les mains après l'application. Ne pas appliquer sur le visage. Produit destiné aux adultes uniquement., Aqua/water, alcohol denat, cyclohexasiloxane, propylene glycol, glycerin, caffeine, cyclopentasiloxane, triethanolamine, mentha piperita extract/peppermint leaf extract, peg/ppg-18/18 dimethicone, hdi/trimethylol hexyllactone crosspolymer, carbomer,dimethicone, dimethiconol, escin, silica, ammonium polyacryldimethyltauramide/ammonium polyacryloyldimethyl taurate, acetyl trifluoromethylphenyl valylglycine, xanthan gum, acrylates/C10-30 alkyl acrylate crosspolymer, salicylic acid, Cl 19140/yellow5, Cl 42090/blue 1, Cl 77891/titanium dioxide, mica, linalool, geraniol, limonene, hexyl cinnamal, parfum/fragrance. (FIL B51392/1)., 12 mois après ouverture.]|"
79,65€ / L"|"
15,93 €"
3563|Taille de Rêve Sublime Body|Le tube de 125ml|[Origine : FRANCE, Une association puissante dactifs a lefficacité démontrée. Actif gainant : Inspiré de la technologie textile, le skinfibrine est un réseau de microfibres de nylon pour un e et lissant instantané. Actif déstockant : la caféine active le déstockage des graisses pour une peau lissée.]|"
127,28€ / L"|"
15,91 €"
3564|Huile anti-cellulite sublimante, baie rouge, huile essentielle de citron, thé vert.|Le spray de 150ml|[Origine : FRANCE]|"
78,20€ / L"|"
11,73 €"
3565|Huile anti-cellulite tonifiante, thé vert huile essentielle de citron, anis étoilé.|Le flaon de 150ml|[Origine : GRECE, Associée à un massage en mouvement circulaire, du bas vers le haut, l'aspect peau d'orange est visiblement atténué, la peau est lissée, la silhouette affinée., Appliquez matin et soir en insistant sur les zones concernées., Glycine soja oil, camellia sinensis leaf extract, illicium verum fruit/seed oil, paullinia cupana seed extract, helianthus annuus seed oil, citrus limon peel oil, caprylic/capric triglycéride, lecithin, ascorbyl palmitate, tocopherol, parfum, citral,geraniol, hexyl cinnamal, limonene, linalool., 12 mois après ouverture.]|"
78,20€ / L"|"
11,73 €"
3566|Lait fermeté hydratant, huile de sésame, thé vert, anis étoilé.|Le flacon de 250ml|[Origine : GRECE, Le Lait Fermeté Hydratant rend visiblement la peau plus ferme. Progressivement, il renforce l'élasticité de la peau. Avec sa texture fondante, il pénètre rapidement sans coller. Intensément hydratée et visiblement tonifiée, la peau est raffermie, douce et lisse enveloppée d'un parfum frais et tonifiant., Appliquez matin et soir en insistant sur les zones concernées., Aqua, glycerin, caprylic/capric triglyceride, isopropyl palmitate, propylene glycol, hydrogenated polyisobutene, aluminium starch octenylsuccinate, sesamum indicum seed oil, camellia sinensis leaf extract, citrus limon peel oil, illicium verum fruit/seed oil, plantago ovata seed extract, pentylene glycol, sucrose cocoate, caprylyl glycol, lecithin, sorbitan stearate, sodium polyacrylate, caprylhydroxamic acid, ascorbyl palmitate, tocopherol, potassium sorbate, parfum, citral, geraniol, hexyl cinnamal, limonene, linalool., 12 mois après ouverture.]|"
25,96€ / L"|"
6,49 €"
3567|Amincissant, 12h destock|Le tube de 150ml|[Origine : FRANCE, Formule gel-crème non grasse à pénétration rapide. Parfum frais et fruité. Dès 10 jours capitons lissés. Dès 14 jours amincit jusqu'à 21%. 10% complexe caféine suractivée.Anti-cellulite haute performance. Innovation formule pour une action destockante 12h non-stop. Un complexe hautement dosé à 10%, associant la caféine pure au Lipo-sveltyl, qui démultiplie la puissance de la caféine pour une triple action : déstockage - anti-cellulite - fermeté. La technologie Film-forming pour une efficacité minceur continue et optimum pendant 12h. Grâce à la technologie Film-Forming, la formule exclusive Linéance crée à la surface de la peau un film seconde peau, invisible et imperceptible, qui libère de façon progressive la caféine suractivée pour maintenir son action tout au long de la journée (test in vitro sur la diffusion de la caféine). Une technologie au double bénéfice : une pénétration efficace, limitant la déperdition des actifs minceur pour une efficacité optimale pendant 12 heures d'affil, Appliquer matin ou soir sur les parties du corps à affiner, en légers massages circulaires, du bas vers le haut. Utiliser les soins gommages Linéance, la pénétration des actifs minceur et leur efficacité seront renforcées. Se laver les mains après application. Rincer en cas de contact avec les yeux. Les gestes experts Linéance. Lissage des capitons : pressions glissées profondes : à pleines mains, masser lentement (7 fois). Fuselage des cuisses : du bout des doigts effectuer des pressions circulaires (2 fois). Drainage des tissus : palper-rouler : pincer le pli de la peau et faites le rouler sous vos doigts en remontant des cuisses jusqu'au hanches. Ne pas laisser à la portée des enfants. Ne pas appliquer sur le visage ou sur femme enceinteou allaitante., Aqua, alcohol denat, propylene glycol, peg-7 glyceryl cocoate, caffeine, butylene glycol, polyacrylate-13, dimethicone, C8-22 alkylacrylates/methacrylic acid crosspolymer, polyisobutene, polysorbate 20, parfum, propyl alcohol, xanthan gum, nelumbo nucifera leaf extract, limonene, linalool, Cl 19140, Cl 14700., 12 mois après ouverture.]|"
87,53€ / L"|"
13,13 €"
3568|Créme amincissante chrono-actif, anti-cellulite tenace, profiler nuit.|Le tube de 180ml|[Origine : FRANCE, L'amincissant Profiler nuit est une formule hautement concentrée en actifs lipo-réducteurs et raffermissants sélectionnés pour une efficacité minceur chrono-biologique sur la cellulite rebelle. Dès le 1er réveil : peau régénérée, plus lisse. Dès 10 nuits : diminution du tissu adipeux pour 97% des femmes., Appliquer le soir au coucher sur les parties du corps à affiner, en légers massages circulaires, du bas vers le haut jusqu'à pénétration complète du produit. Les gestes de massage Linéance améliorent encore l'action amincissante (à réaliser pendant le massage) : pressions glissées profondes (7 fois) : à pleines mains, masser lentement. Fuselage des cuisses (2 fois) : du bout des doigts, effectuer des pressions circulaires. Palper-rouler : pincer le pli de la peau, et le déplacer en le décollantet en le faisant rouler sans le lâcher. Ne pas appliquer si vous êtes enceinte ou si vous allaitez. Ne pas appliquer sur le visage. Ne pas laisser à la portée des enfants., Aqua, propylene glycol, peg-7 glyceryl cocoate, paraffinum liquidum, C15-19 alkane, caprylic/capric triglyceride, cetearyl alcohol, glycerin, cyclopentasiloxane, caffeine hydrogenated coconut oil, schinus terebinthfolius seed extract, ribes nigrum fruit extract, corallina officinalis extract, phenoxyethanol, glyceryl stearate, peg-100 stearate, ceteareth-20, acrylates/C10-30 alkyl acrylate crosspolymer, parfum, chlorphenesin, xanthan gum, disodium edta, ethylhexylglycerin, sodium hydroxide, diphenyl dimethicone, tocopherol, methyl eugenol, limonene, hexyl cinnamal, benzyl salicylate, linalool, citral coumarin., 12 mois après ouverture.]|"
85,78€ / L"|"
15,44 €"
3569|Huile bi-phase amincissant, anti-cellulite incrustée.|Le flacon de 150ml|[Origine : FRANCE, Capitons rebelles visiblement lissés 74%. Peau plus ferme 97%. Pour la 1ère fois, une formule amincissante concentre les meilleurs actifs minceur et fermeté naturels, en 2 phases huile et eau, pour offrir, lorsqu'elles se mélangent, une efficacité anti cellulite incrustée visible et optimale., Bien agiter avant emploi jusqu'à ce que le produit devienne uniforme. Appliquer matin et soir sur les parties du corps à affiner, en légers massages circulaires, du bas vers le haut. Se laver les mains après application. Rincer en cas de contact avecles yeux. Ne pas appliquer sur le visage. Ne pas laisser à la portée des enfants. Ne pas utiliser si vous êtes enceinte ou si vous allaitez., Paraffinum liquidum, aqua, sodium chloride, glycerin, caffeine, citrus paradisi peel oil, sodium benzoate, bisabolol, cedrol, mentha viridis leaf oil, schinus terebinthifolius seed extract, cupressus sempervirens leaf/nut/stem/oil, eucalyptus dives leaf/twig oil, anethole, anthemis nobilis flower oil, piper nigrum fruit oil, rosmarinus officinalis leaf oil, citric acid, lotus maritimus flower/leaf extract, methylisothiazolinone, helichrysum italicum flower oil, limonene, Cl 19140, Cl 42090., 6 mois après ouverture. Conserver à l'abri de la chaleur et du gel.]|"
105,67€ / L"|"
15,85 €"
3570|Patchs minceur, caféine thé vert L.carnitine fucus, action amincissante globale.|La boite de 14 patchs minceur|[Origine : FRANCE, Une silhouette visiblement affinée en un mois, sans contrainte. Action amincissante globale. Volume des rondeurs jusqu'à -20%.Issus d'une technologie de pointe, les Patchs Minceur Linéance permettent la diffusion optimale pendant 24H d'un puissant cocktail d'actifs lipolytiques à base de thé vert pour un résultat amincissant global. Petits et transparents, les Patchs Minceur de Linéance s'appliquent sur la peau et se font oublier. Leur concentré d'actifs minceur anti-cellulite, à base de caféineencapsulée, de thé vert et de fucus se diffuse en continu dans la peau pour un amincissement optimal des zones à affiner., Chaque matin, décoller un patch de son support plastique. Appliquer un seul patch par jour sur la peau propre et sèche de la zone ciblée. Laisser agir 24h. Le patch se retire alors facilement. Appliquer, chaque jour, un nouveau patch sur une zone différente pour laisser respirer la peau. Réservé à un usage externe et à l'adulte. Tenir hors de la portée des enfants. Ne pas appliquer sur une peau irritée ou lésée, ni sur des zones sensibles ou à forte pilosité. Ne pas utiliser en cas d'intoléranceà la caféine et à l'iode. Ne pas appliquer plus d'un patch par jour., Acrylates copolymer, propylene glycol, glycerin, caffeine, polysorbate 20, cyclodextrin, fucus vesiculosus plant extract, hedera helix leaf extract, aesculus hippocastanum bark extract, camellia sinensis leaf extract, carnitine, hydroxypropyl bistrimonium diiodide, sodium benzoate, peg-40 hydrogenated castor oil, peg-40 castor oil, phenoxyethanol, methylparaben, ethylparaben, propylparaben, cinnamomum cassia oil, eugenia caryophyllus oil, zingiber officinale oil, amyl cinnamyl alcohol, cinnamal,eugenol, isoeugenol., 6 mois après ouverture.]|"
1,32€ / Pce"|"
18,52 €"
3571|Sérum minceur anti-cellulite express                             Complexe phytosveltine|Le tube de 125ml|[Origine : FRANCE, Association unique d'un sérum minceur haute performance et d'un applicateur lisseur de capitons pour un résultat minceur rapide et optimum. Action destockante démultipliée : booste le mécanisme d'élimination naturel des graisses. Resculpte et raffermit, combat la réinstallation des graisses. Formule enrichie d'extraits d'agrumes pour une peau lisse et plus hydratée. Embout masseur, aplanisseur de capitons., Appliquer matin et soir en légers massages jusqu'à complète pénétration. Faire pivoter l'embout applicateur en position ON (permet de libérer le sérum). Appliquer le sérum en effectuant de légers massages circulaires du bas vers le haut. Après le massage, fermer le tube en repassant l'applicateur en position OFF. Puis essuyer l'embout après chaque utilisation. Procéder toujours par légers massages surtout si vous avez les vaisseaux fragiles. En cas d'apparition de marques sur la peau, suspendrel'application. Se laver les mains après utilisation. Rincer abondamment en cas de contact avec les yeux. Ne pas appliquer sur femme enceinte ou allaitante. Ne pas appliquer sur le visage, les muqueuses, les plaies, les varices ou sur peau irritée. Nepas laisser à la portée des enfants., Aqua, alcohol denat., propylene glycol, peg-7 glyceryl cocoate, dimethicone, glycerin, polyacrylate 13, caffeine, phenoxyethanol, polyisobutene, citrus aurantium dulcis fruit extract, parfum, methylparaben, xanthan gum, polysorbate 20, sorbitan isostearate, propylparaben, coco-glucoside, butylene glycol, disodium edta, caprylyl glycol, peg-8, citrus grandis fruit extract, alcohol, ethylparaben, sodium hydroxide, sodium citrate, bupleurum falcatum root extract, glaucine, citric acid, sodium benzoate, ascorbic acid, biotin, Cl 19140, Cl 14700, limonene, linalool., 12 mois après ouverture.]|"
116,96€ / L"|"
14,62 €"
3572|Gel amincissant express|Le tube de 125ml|[Origine : FRANCE, Sa texture fraîche pénètre instantanément et ne laisse pas de film gras sur la peau : vous pouvez vous habiller juste après l'application.Immédiatement votre peau parait plus lisse. Progressivement le volume des rondeurs installées est visiblement réduit, les capitons visible lissés. Votre peau est raffermie, tonifiée. 1ers résultats visibles en 15 jours., Appliquez le Gel Amincissant Mixa en adoptant des geste essentiels de massage pour stimuler le déstockage des graisses et favoriser le drainage des tissus : cuisses, fesses et hanches : pour un massage inspiré des techniques professionnelles de palper-rouler, pincez la peau entre le pouce et l'index et faites la rouler sous vos doigts en remontant des cuisses jusqu'aux hanches. Répétez l'exercice pendant quelques minutes matin et soir pour aider à combattre les rondeurs. Ventre : massez vous leventre dans le sens des aiguilles d'une montre avec la paume de la main en pratiquant des mouvements circulaires et en exerçant une légère pression. Ne pas appliquer sur le visage, se laver les mains après utilisation., Aqua/water, alcohol denat, dimethicone, propylene glycol, propanediol, caffeine, glycerin, triethanolamine, dimethicone peg-7 phosphate, salicylic acid, acrylates/c10-30 alkyl acrylate crosspolymer, ammonium polyacryldimethyltauramide/ammonium polyacryloyldimethyl taurate, camellia sinensis extract/camellia sinensis leaf extract, carbomer, CI 42090/blue 1, citral, disodium rutinyl disulfate, escin, ginkgo biloba extract/ginkgo biloba leaf extract, hexyl cinnamal, limonene, linalool, sodium benzoate, sodium hydroxide, xanthan gum, parfum/fragrance (FIL B49112/5). Contient 17% de plus de caféine que les formules Mixa intensif minceur gels classiques., 12 mois après ouverture.]|"
94,64€ / L"|"
11,83 €"
3573|Huile intégrale, anti-cellulite, concentré d'huiles d'agrumes|Le flacon de 150ml|[Origine : FRANCE, Une formule concentrée en huiles d'agrumes aux propriétés tonifiantes et lissantes, cette formule offre une triple action contre l'aspect cellulite sur toutes les zones rebelles. Action anti-relâchement pour raffermir la peau. Effet tenseur pout tonifier et retendre les tissus. Action anti-peau d'orange pour lisser les capitons. Sa texture huile pénètre rapidement : elle est idéale pour les massages sur le corps et les zones les plus rebelles. Son parfum d'agrumes frais et tonifiant est un vraiplaisir à l'application., Ne pas appliquer sur le visage. Tous les soins Mixa sont formulés et testés sous contrôle médical pour vous assurer sécurité et tolérance., Zea mays / corn germ oil, brassica campestris oleifera oil / rapeseed seed oil, caprylic/capric triglyceride, ricinus communis oil / castor seed oil, canola oil, butyrospermum parkii butter / shea butter, citral, citronellol, citrus limon peel oil /lemon peel oil, citrus nobilis peel oil / mandarin orange peel oil, citrus paradisi peel oil / grapefruit peel oil, cupressus sempervirens leaf/nut/stem oil, geraniol, limonene, linalool, pentaerythrityl tetra-di-t-butyl hydroxyhydrocinnamate, parfum/ fragrance. (FIL B163898/1)., 18 mois après ouverture.]|"
81,67€ / L"|"
12,25 €"
3574|Legging minceur intégral jambes, objectif jambes fuselées        taille L-XL|La boîte|[Origine : FRANCE, Innovation 2 en 1 : pour la 1ère fois, Mixa Intensif Minceur associe : un soin minceur déstockant à la caféine + un textile drainant anti-rétention d'eau. Action intensive intégrale jambes : le legging Minceur offre une triple efficacité de la taillejusqu'aux mollets. Formule amincissante : votre silhouette est affinée, les rondeurs superflues sont visiblement réduites. Action anti-rétention d'eau : l'aspect de la peau d'orange est visiblement gommé, la sensation de jambes lourdes diminue, lesjambes sont plus toniques et plus légères. Effet gainant immédiat : votre ventre paraît plus plat, votre fessier est tonique, vos jambes sont fuselées !, Taille L-XL : du 42 au 46. Couleur unique : noir. Il est conseillé de porter le legging Minceur Mixa sur un string pour un plus grand contact avec la peau. Pour l'enfiler : roulez les extrémités à la manière d'un collant. Glissez vos pointes de piedpuis faites passer vos talons. Déroulez le legging pour faire passer vos genoux. Déroulez le legging jusqu'aux hanches. La 1ère fois que vous enfilez le legging, il est normal de ressentir une sensation de compression, elle est nécessaire pour assurer une efficacité drainante optimale. Le legging Minceur Mixa est très simple d'utilisation : il passe à la machine et son efficacité est garantie jusqu'à 30 lavages. Vous pouvez porter le legging minceur Mixa aussi bien la journée que la nuit. Le legging peut se porter en toutes occasions : sport ou ville. Il est le compagnon idéal de vos séances de sport. Les micro-capsules s'activent davantage lorsque le corps est en mouvement : plus vous bougez, plus elles travaillent. Pour un résultat optimal, portez le legging minceur mixa le plus souvent possible plusieurs heures par jour. Ne pas utiliser chez la femme enceinte ou la femme allaitante., Benzyl salicylate, butyrospermum parkii (Shea) butter, luffa cylindrica seed oil, caffeine. 92% polyamide. 8% elasthane., 6 mois après ouverture.]|"
36,04€ / Pce"|"
36,04 €"
3575|Legging minceur intégral jambes, objectif jambes fuselées        Taille S-M|La boîte|[Origine : FRANCE, Innovation 2 en 1 : pour la 1ère fois, Mixa Intensif Minceur associe : un soin minceur déstockant à la caféine + un textile drainant anti-rétention d'eau. Action intensive intégrale jambes : le legging Minceur offre une triple efficacité de la taillejusqu'aux mollets. Formule amincissante : votre silhouette est affinée, les rondeurs superflues sont visiblement réduites. Action anti-rétention d'eau : l'aspect de la peau d'orange est visiblement gommé, la sensation de jambes lourdes diminue, lesjambes sont plus toniques et plus légères. Effet gainant immédiat : votre ventre paraît plus plat, votre fessier est tonique, vos jambes sont fuselées !, Taille S-M : du 36 au 40. Couleur unique : noir. Il est conseillé de porter le legging Minceur Mixa sur un string pour un plus grand contact avec la peau. Pour l'enfiler : roulez les extrémités à la manière d'un collant. Glissez vos pointes de pied puis faites passer vos talons. Déroulez le legging pour faire passer vos genoux. Déroulez le legging jusqu'aux hanches. La 1ère fois que vous enfilez le legging, il est normal de ressentir une sensation de compression, elle est nécessaire pour assurerune efficacité drainante optimale. Le legging Minceur Mixa est très simple d'utilisation : il passe à la machine et son efficacité est garantie jusqu'à 30 lavages. Vous pouvez porter le legging minceur Mixa aussi bien la journée que la nuit. Le legging peut se porter en toutes occasions : sport ou ville. Il est le compagnon idéal de vos séances de sport. Les micro-capsules s'activent davantage lorsque le corps est en mouvement : plus vous bougez, plus elles travaillent. Pour un résultat optimal, portez le legging minceur mixa le plus souvent possible plusieurs heures par jour. Ne pas utiliser chez la femme enceinte ou la femme allaitante., Benzyl salicylate, butyrospermum parkii (Shea) butter, luffa cylindrica seed oil, caffeine. 92% polyamide. 8% elasthane., 6 mois après ouverture.]|"
36,04€ / Pce"|"
36,04 €"
3576|Shorty minceur, cuisses, abdos, fessiers, taille S et M|L'unité|[Origine : TUNISIE, Mixa Intensif Minceur et Lytesslab, le spécialiste de la cosmétotextile, s'associent pour créer le 1er shorty Minceur 'Cuisses-Abdos-Fessiers' de Mixa.Action intensive cuisses abdos fessiers : formule amincissante : votre silhouette est affinée, lesrondeurs superflues sont visiblement réduites. Action anti-peau d'orange : l'aspect peau d'orange est visiblement gommé, la peau est tonifiée et paraît plus lisse. Ventre : effet gainant immédiat : le Shorty Minceur Mixa agit sur la sangle abdominalepour effet gainant immédiat., Il est conseillé de porter le Shorty Minceur Mixa sur un string, ou directement sur un protège-slip, pour un plus grand contact avec la peau. Le shorty Minceur Mixa est très simple d'utilisation : il passe à la machine et son efficacité est garantiejusqu'à 30 lavages. Pour un résultat optimal, portez le Shorty Minceur Mixa le plus souvent possible, plusieurs heures par jour. Ne pas utiliser chez la femme enceinte ou la femme allaitante., Benzyl salicylate, butyrospermum parkii (shea) butter, luffa cylindrica seed oil, caffeine. 92% polyamide/8% élastane., 6 mois après ouverture.]|"
27,28€ / Pce"|"
27,28 €"
3577|Sorty minceur, cuisses, abdos, fessiers, taille L-XL|L'unité|[Origine : FRANCE, Mixa Intensif Minceur et Lytesslab, le spécialiste de la cosmétotextile, s'associent pour créer le 1er shorty Minceur 'Cuisses-Abdos-Fessiers' de Mixa.Action intensive cuisses abdos fessiers : formule amincissante : votre silhouette est affinée, lesrondeurs superflues sont visiblement réduites. Action anti-peau d'orange : l'aspect peau d'orange est visiblement gommé, la peau est tonifiée et paraît plus lisse. Ventre : effet gainant immédiat : le Shorty Minceur Mixa agit sur la sangle abdominalepour effet gainant immédiat., Il est conseillé de porter le Shorty Minceur Mixa sur un string, ou directement sur un protège-slip, pour un plus grand contact avec la peau. Le shorty Minceur Mixa est très simple d'utilisation : il passe à la machine et son efficacité est garantiejusqu'à 30 lavages. Pour un résultat optimal, portez le Shorty Minceur Mixa le plus souvent possible, plusieurs heures par jour. Ne pas utiliser chez la femme enceinte ou la femme allaitante., Benzyl salicylate, butyrospermum parkii (shea) butter, luffa cylindrica seed oil, caffeine. 92% polyamide/8% élastane., 6 mois après ouverture.]|"
27,28€ / Pce"|"
27,28 €"
3578|Sérum fermeté, réffermit et réduit visiblement l'aspect cellulite en 10 jours|Le flacon-pompe de 75ml|[Origine : FRANCE, Raffermit et réduit visiblement l'aspect cellulite en 10 jours.Un usage régulier du Sérum 10 jours Nivea Good-bye cellulite Fermeté réduit visiblement la cellulite sur les zones concernées., Tous types de peaux. Appliquez tous les jours sur les jours sur les zones concernées, suisses, fesses et ventre., Aqua, butylene glycol, cyclomethicone, glycerin, alcohol denat., sodium chloride, carnitine, nelumbo nucifera leaf extract, peg/ppg-18/18 dimethicone, limonene, linalool, geraniol, citral, parfum, Cl10316, Cl17200. Formule sans paraben., 12 mois après ouverture.]|"
222,40€ / L"|"
16,68 €"
3579|Shorty anti-cellulite, raffermissant, gaine immédiatement votre silhouette.|La boîte d'1 shorty L-XL|[Origine : FRANCE, Le shorty et ses micro capsules de Q10, libérées à chaque mouvement, ont une action raffermissante : c'est le soin à porter ! Votre silhouette est visiblement et immédiatement affinée, l'aspect cellulite est réduit et votre peau est plus ferme. Vouspouvez porter le shorty Nivea Q10 tous les jours et où vous voulez : en bougeant, au bureau ou chez vous., Pour des résultats visibles, portez-le 6 heures par jours. Portez un sous-vêtement sous le shorty. Ne pas porter si vous êtes enceinte. Lavable à 30°C., Caprylic/capric, ubiquinone, triglyceride. 92% polyamide, 8% élasthanne., 12 mois après ouverture.]|"
20,59€ / Pce"|"
20,59 €"
3580|Shorty anti-cellulite, raffermissant, gaine immédiatement votre silhouette.|La boîte d'1 shorty S-M|[Origine : FRANCE, Le shorty et ses micro capsules de Q10, libérées à chaque mouvement, ont une action raffermissante : c'est le soin à porter ! Votre silhouette est visiblement et immédiatement affinée, l'aspect cellulite est réduit et votre peau est plus ferme. Vouspouvez porter le shorty Nivea Q10 tous les jours et où vous voulez : en bougeant, au bureau ou chez vous., Pour des résultats visibles, portez-le 6 heures par jours. Portez un sous-vêtement sous le shorty. Ne pas porter si vous êtes enceinte. Lavable à 30°C., Caprylic/capric, ubiquinone, triglyceride. 92% polyamide, 8% élasthanne., 12 mois après ouverture.]|"
20,59€ / Pce"|"
20,59 €"
3581|Ambre solaire peaux claires, sensibles et intolérantes au soleil,uva+uvb, très haute protection FPS 50+|Le tube de 200ml|[Origine : FRANCE, Sensitive Expert+ la protection renforcée contre les UVA longs spécifique peaux claires et sensibles. Formule fluide, non collante et non blanchissante?, Appliquer le produit juste avant de vous exposer au soleil. Renouveler fréquemment et généreusement l'application pour maintenir la protection (surtout après avoir nagé, transpiré, ou vous être essuyé). Utiliser des protections vestimentaires. Ne pasexposer les bébés et les jeunes enfants directement au soleil. La surexposition au soleil est dangereuse, ne pas rester trop longtemps au soleil même si vous utilisez un produit de protection solaire car il ne vous protège pas à 100%. Eviter l'exposition aux heures d'ensoleillement les plus chaudes. Eviter le contour des yeux. En cas de contact avec les yeux, rincer immédiatement et abondamment. Eviter le contact avec les textiles., 12 mois après ouverture.]|"
77,20€ / L"|"
15,44 €"
3582|Ambre solaire spécial visage et décolleté Haute FPS 30|Le tube de 50ml|[Origine : FRANCE, Protection UVA-UVB. Illumine, hydrate et unifie le teint. Prévient l'apparition des rides dues au soleil. Anti taches solaires., Appliquer le produit juste avant de vous exposer au soleil. Renouveler fréquemment et généreusement l'application pour maintenir la protection (surtout près avoir nagé, transpiré, ou vous être essuyé). Ne pas exposer les bébés et les jeunes enfants directement au soleil. La surexposition au soleil est dangereuse, ne pas rester trop longtemps au soleil même si vous utilisez un produit de protection solaire car il ne vous protège pas à 100%. Eviter l'exposition aux heures d'ensoleillement les pluschaudes. Utiliser des protections vestimentaires (chapeau, lunettes, t-shirt). Eviter le contour des yeux. En cas de contact avec les yeux, rincer immédiatement et abondamment. Eviter le contact avec les textiles., Aqua, glycerin, octocrylene, titanium dioxide (nano)/titanium dioxide, alcohol denat, diisopropyl sebacate, butyl methoxydibenzoylmethane, aluminum starch octenylsuccinate, dimethicone, ci77891/titanium dioxide, drometrizole trisiloxane, c12-15 alkylbenzoate, CI77491, CI77492, CI77499/iron oxides, stearic acid, ethylhexyl triazone, bis-ethylhexyloxyphenol methoxyphenyl triazine, potassium cetyl phosphate, tocopherol, sodium cocoyl sarcosinate, phenoxyethanol, peg-100 stearate, triethanolamine,palmitic acid, limonene, xanthan gum, benzyl salicylate, benzyl alcohol, linalool, tromethamine, caprylyl glycol, terephthalylidene dicamphor sulfonic acid, carbomer, disodium edta, cetyl alcohol, citral, citronellol, aluminum hydroxide, glyceryl stearate, parfum (FIL B55619/1)., 12 mois après ouverture.]|"
280,00€ / L"|"
14,00 €"
3583|Ambre solaire spécial visage et décolleté Haute FPS 50|Le tube de 50ml|[Origine : FRANCE, BB crème solaire protectrice spécial visage et décolleté. Enrichie à la Vitamine E. Formule teintée. Se fond naturellement à la couleur de la peau. Protection UVA-UVB. Illumine et unifie le teint. Hydrate. Prévient l'apparition des rides dues au soleil. Anti-taches solaires., Appliquer le produit juste avant de vous exposer au soleil. Renouveler fréquemment et généreusement l'application pour maintenir la protection (surtout après avoir nagé, transpiré, ou vous être essuyé). Conforme aux recommandations européennes sur les produits de protection solaire. Ne pas exposer les bébés et les jeunes enfants directement au soleil. La surexposition au soleil est dangereuse, ne pas rester trop longtemps au soleil même si vous utilisez un produit de protection solaire car il nevous protège pas à 100%. Eviter l'exposition aux heures d'ensoleillement les plus chaudes. Utiliser des protections vestimentaires (chapeau, lunettes, T-shirt). Eviter le contour des yeux. En cas de contact avec les yeux, rincer immédiatement et abondamment. Eviter le contact avec les textiles., Aqua/water, glycerin, octocrylene, butyl methoxydibenzoylmethane, titanium dioxide (nano)/titanium dioxide, alcohol denat, diisopropyl sebacate, ethylhexyl salicylate, aluminum starch octenylsuccinate, dimethicone, drometrizole trisiloxane, Cl 77891/titanium dioxide, C12-15 alkyl benzoate, ethylhexyl triazone, Cl 77491, Cl 77492, Cl 77499/iron oxides, stearic acid, bis-ethylhexyloxyphenol methoxyphenyl triazine, potassium cetyl phosphate, tocopherol, sodium cocoyl sarcosinate, phenoxyethanol, peg-100 stearate, ethylparaben, triethanolamine, palmitic acid, limonene, xanthan gum, benzyl salicylate, benzyl alcohol, linalool, terephthalylidene dicamphor sulfonic acid, carbomer, disodium edta, cetyl alcohol, methylparaben, citral, citronellol, aluminum hydroxide, glyceryl stearate, parfum/fragrance (FIL B159182/1)., 12 mois après ouverture.]|"
300,60€ / L"|"
15,03 €"
3584|Brume protectrice toucher sec, Haute 30|Le flacon de 200ml|[Origine : FRANCE, Protection contre les rayons UVB et UVA, responsables des coups de soleil et du vieillissement prématuré de la peau, grâce au système filtrant photostable breveté au Mexoryl XL. Son spray multi-positions permet une diffusion continue pour protéger toutes les parties du corps en un temps record. Sa texture ultra-légère, visible à l'application, est absorbée immédiatement sans laisser de trace blanche ni de film gras et collant. Elle ne dessèche pas la peau. Une protection toucher sec pour un effet peau nue inédit., Protection moyenne. Pour une texture fluide et homogène, bien agiter avant emploi jusqu'à entendre le bruit de la bille. Ne pas vaporiser directement sur le visage. Appliquez le produit juste avant de vous exposer. Renouvelez fréquemment et généreusement l'application pour maintenir la protection (surtout après avoir nagé, transpiré ou vous être essuyé). Récipient sous pression, à protéger contre les rayons solaires et à ne pas exposer à une température supérieure à 50°C. Ne pas percer ni brûlermême après usage. Ne pas vaporiser vers une flamme ou un corps incandescent. Conserver à l'écart de toute flamme ou source d'étincelles. Ne pas fumer. Conserver hors de la portée des enfants. Eviter de vaporiser vers les yeux ou sur une peau irritéeet d'inhaler intentionnellement. Ne pas utiliser pour un usage autre que celui pour lequel le produit est destiné. Ne pas utiliser dans une atmosphère confinée., Butane, aqua / water, homosalate, dicaprylyl ether, octocrylene, ethylhexyl salicylate, dimethicone, styrene/acrylates copolymer, butyl methoxydibenzoylmethane, peg-30 dipolyhydroxystearate, nylon-12, methyl methacrylate crosspolymer, cyclohexasiloxane, drometrizole trisiloxane, polymethylsilsesquioxane, p-anisic acid, tocopherol, sodium chloride, dodecene, phenoxyethanol, peg-8 laurate, poly c10-30 alkyl acrylate, poloxamer 407, limonene, benzyl salicylate, benzyl alcohol, linalool, isododecane, propylene carbonate, caprylyl glycol, disteardimonium hectorite, disodium edta, citral, citronellol, lauryl peg/ppg-18/18 methicone, coumarin, parfum / fragrance. (fil c163578/2). Sans alcool., A protéger contre les rayons solaires et à ne pas exposer à une température supérieure à 50°C.]|"
74,60€ / L"|"
14,92 €"
3585|Brume protectrice toucher sec, Moyenne FPS 20.|Le flacon de 200ml|[Origine : FRANCE, Protection contre les rayons UVB et UVA, responsables des coups de soleil et du vieillissement prématuré de la peau, grâce au système filtrant photostable breveté au Mexoryl XL. Son spray multi-positions permet une diffusion continue pour protéger toutes les parties du corps en un temps record. Sa texture ultra-légère, visible à l'application, est absorbée immédiatement sans laisser de trace blanche ni de film gras et collant. Elle ne dessèche pas la peau. Une protection toucher sec pour un effet peau nue inédit., Protection moyenne. Pour une texture fluide et homogène, bien agiter avant emploi jusqu'à entendre le bruit de la bille. Ne pas vaporiser directement sur le visage. Appliquez le produit juste avant de vous exposer. Renouvelez fréquemment et généreusement l'application pour maintenir la protection (surtout après avoir nagé, transpiré ou vous être essuyé). Récipient sous pression. La surexposition au soleil est dangereuse. Ne restez pas trop longtemps au soleil même si vous utilisez un produit deprotection solaire car il ne vous protège pas à 100%. Evitez l'exposition aux heures d'ensoleillement les plus chaudes. Ne pas exposer les bébés et les jeunes enfants au soleil. Evitez le contour des yeux. En cas de contact, les rincer immédiatementet abondamment. Evitez le contact avec les textiles. Ne pas percer ni brûler même après usage. Ne pas vaporiser vers une flamme ou un corps incandescent. Conserver à l'écart de toute flamme ou source d'étincelles. Ne pas fumer. Conserver hors de la portée des enfants. Eviter de vaporiser vers les yeux ou sur une peau irritée et d'inhaler intentionnellement. Ne pas utiliser pour un usage autre que celui pour lequel le produit est destiné. Ne pas utiliser dans une atmosphère confinée., Butane, aqua / water, homosalate, dicaprylyl ether, homosalate, octocrylene, ethylhexyl salicylate, dimethicone, dicaprylyl carbonate, styrene/acrylates copolymer, butyl methoxydibenzoylmethane, peg-30 dipolyhydroxystearate, methyl methacrylate crosspolymer, nylon 12, cyclohexasiloxane, polymethylsilsesquioxane, p-anisic acid, tocopherol, sodium chloride, dodecene, phenoxyethanol, peg-8 laurate, poly c10-30 alkyl acrylate, poloxamer 407, limonene, benzyl salicylate, benzyl alcohol, linalool, isododecane, drometrizole trisiloxane, propylene carbonate, caprylyl glycol, disteardimonium hectorite, disodium edta, citral, citronellol, lauryl peg/ppg-18/18 methicone, coumarin, parfum / fragrance. (f.i.l c163556/2). Sans alcool., A protéger contre les rayons solaires et à ne pas exposer à une température supérieure à 50°C.]|"
73,60€ / L"|"
14,72 €"
3586|Brume sèche proctectrice toucher sec, Haute FPS 50, effet peau nue, absorption immédiate, résiste à l'eau.|Le flacon de 200ml|[Origine : FRANCE, Garnier réinvente la protection solaire et crée sa 1ère brume sèche protectrice : protection optimale contre les rayons UVB et UVA. Spray multipositions. Texture ultra-légère. Sans alcool. Résultat : une protection toucher sec pour un effet peau nueinédit., Agiter avant emploi. Ne pas vaporiser directement sur le visage. Appliquez le produit juste avant de vous exposer. Renouvelez fréquemment et généreusement l'application pour maintenir la protection (surtout après avoir nagé, transpiré ou vous être essuyé). La surexposition au soleil est dangereuse. Ne restez pas trop longtemps au soleil même si vous utilisez un produit de protection solaire car il ne vous protège pas à 100%. Evitez l'exposition aux heures d'ensoleillement les plus chaudes. Ne pas exposer les bébés et les jeunes enfants au soleil. Evitez le contour des yeux. En cas de contact, les rincer immédiatement et abondamment. Evitez le contact avec les textiles. Ne pas percer ou brûler même après usage. Ne pas vaporiser vers une flamme ou un corps incandescent. Conserver à l'écart de toute flamme ou source d'étincelles. Ne pas fumer. Conserver hors de la portée des enfants. Eviter de vaporiser vers les yeux, ou sur une peau irritée et d'inhaler intentionnellement. Ne pas utiliser pour un autre usage autre que celui pour lequel le produit est destiné. Extrêmement inflammable., Butane, aqua / water, homosalate, dicaprylyl ether, octocrylene, ethylhexyl salicylate, dimethicone, butyl methoxydibenzoylmethane, styrene/acrylates copolymer, drometrizole trisiloxane, peg-30 dipolyhydroxystearate, nylon-12, dicaprylyl carbonate, methyl methacrylate crosspolymer, cyclohexasiloxane, polymethylsilsesquioxane, p-anisic acid, tocopherol, sodium chloride, dodecene, phenoxyethanol, peg-8 laurate, ethylhexyl triazone, poly c10-30 alkyl acrylate, poloxamer 407, limonene, benzyl salicylate, benzyl alcohol, linalool, isododecane, propylene carbonate, caprylyl glycol, disteardimonium hectorite, disodium edta, citral, citronellol, lauryl peg/ppg-18/18 methicone, coumarin, parfum / fragrance. (f.i.l. c163578/2)., Récipient sous pression, à protéger contre les rayons solaires et à ne pas exposer à une température supérieure à 50°C.]|"
76,15€ / L"|"
15,23 €"
3587|Enfant, lait hydratant très haute protection, très haute FPS 50+, protection photostable UVA/UVB|Le flacon de 200ml|[Origine : FRANCE, Protection optimisée contre les rayons UVB et UVA grâce au système filtrant photostable breveté au Mexoryl SX + Mexoryl XL. Offre une protection efficace à la peau fragile de l'enfant pour la réserver des coups de soleil et des atteintes cutanées dommageables pour sa santé à long terme. La formule hydratante est hypoallergénique et sans parfum., Ne pas exposer les bébés et les jeunes enfants directement au soleil. La surexposition au soleil est dangereuse, ne pas rester trop longtemps au soleil même si vous utilisez un produit de protection solaire ne peut pas vous procurer 100% de protection. Eviter l'exposition aux heures d'ensoleillement les plus chaud. Appliquer le produit juste avant l'exposition. Renouveler fréquemment et généreusement l'application pour maintenir la protection (surtout lorsque l'enfant a nagé, transpiré, ou s'estessuyé). Protéger les enfants avec un chapeau, des lunettes de soleil et un T-shirt.  Éviter le contour des yeux. En cas de contact avec les yeux, rincer immédiatement et abondamment., Aqua/water, C12-15 alkyl benzoate, cyclohexasiloxane, cyclopentasiloxane, alcohol denat, isohexadecane, ethylhexyl salicylate, propylene glycol, titanium dioxide, bis-ethylhexyloxyphenol methoxyphenyl triazine, octocrylene, butyl methoxydibenzoylmethane, PEG-30 dipoalyhydroxystearate, glycerin, terephthalylidene dicamphor sulfonic acid, lauryl PEG/PPG-18/18 methicone, ethylhexyl triazone, tocopherol, dodecene, phenoxyethanol, ethylparaben, triethanolamine, poloxamer 407, dimethicone, pentasodiumethylenediamine tetramethylene phosphonate, drometrizole trisiloxane, propylparaben, isobutylparaben, methylparaben, butylparaben (FIL C27952/1). Sans parfum., A utiliser dans les 12 mois après ouverture.]|"
77,20€ / L"|"
15,44 €"
3588|Enfant, spray hydratant très haute protection FPS 50+, protection photostable UVA/UVB,|Le spray de 20cl|[Origine : FRANCE, Très haute protection contre les rayons UVB et UVA. Offre une protection efficace à la peau fragile de l'enfant pour la préserver des coups de soleil. Sa formule hydratante est hypoallergénique et sans parfum. Sans paraben, elle est résistante à l'eau., Agiter avant l'emploi, ne pas vaporiser directement sur le visage. Appliquer le produit juste avant l'exposition au soleil. Renouveler fréquemment et généreusement l'application pour maintenir la protection (surtout lorsque l'enfant a nagé, transpiré, ou s'est essuyé). Conforme aux recommandations européennes sur les produits de protection solaire. Ne pas exposer les bébés et les jeunes enfants directement au soleil. La surexposition au soleil est dangereuse, ne pas rester trop longtemps au soleil même si vous utilisez un produit de protection solaire car il ne vous protège pas à 100%. Eviter l'exposition aux heures d'ensoleillement les plus chaudes. Protéger les enfants avec un chapeau, des lunettes de soleil et un T-shirt. Eviter le contour des yeux. En cas de contact avec les yeux, rincer immédiatement et abondamment. Eviter le contact avec les textiles., Aqua/water, C12-15 alkyl benzoate, glycerin, propylene glycol, ethylhexyl salicylate, alcohol denat, butyl methoxydibenzoylmethane, octocrylene, bis-ethylhexyloxyphenol methoxyphenyl triazine, titanium dioxide, ethylhexyl triazone, polyester-5, drometrizole trisiloxane, poly C10-30 alkyl acrylate, tocopherol, ethylhexyl glycerin, triethanolamine, polyacrylate-3, pentasodium ethylenediamine tetramethylene phosphonate, terephthalylidene dicamphor sulfonic acid (F.I.L. C27958/1). Sans paraben. Sansparfum., 12 mois après ouverture.]|"
79,55€ / L"|"
15,91 €"
3589|Huile ambrée protectrice au karité nutritif, bronzage optimal, Protection moyenne, peaux claires déjà hâlées|Le flacon de 150ml|[Origine : FRANCE, Enrichie en karité nutritif, pour une peau satinée, l'huile ambrée protectrice magnifie le bronzage. Elle est légère et facile à appliquer grâce à son flacon spray. Peaux claires déjà hâlées.Protection photostable UVA/UVB + bronzage optimal. Protection optimisée UVA/UVB grâce au système filtrant photostable breveté au Mexoryl XL., Agiter avant l'emploi, ne pas vaporiser directement sur le visage. Appliquer le produit juste avant de vous exposer au soleil. Renouveler fréquemment et généreusement l'application pour maintenir la protection (surtout après avoir nagé, transpiré, ouvous être essuyé). Utiliser à l'écart de toute flamme, source d'étincelles, d'ignition ou corps incandescent. Eviter de vaporiser sur une peau irritée ou vers les yeux. En cas de projection, rincer immédiatement et abondamment avec de l'eau. Ne pasexposer les bébés et les jeunes enfants directement au soleil. La surexposition au soleil est dangereuse, ne pas rester trop longtemps au soleil même si vous utilisez un produit de protection solaire car il ne vous protège pas à 100%. Eviter l'exposition aux heures d'ensoleillement les plus chaudes. Utiliser des protections vestimentaires (chapeau, lunettes, T-shirt). Eviter le contour des yeux. En cas de contact avec les yeux, rincer immédiatement et abondamment. Eviter le contact avec les textiles., Octyldodecanol, caprylic/capric triglyceride, C12-15 alkyl benzoate, alcohol denat, octocrylene, ethylenediamine/stearyl dimer dilinoleate copolymer, ethylhexyl salicylate, butyl methoxydibenzoylmethane, ethylhexyl triazone, Cl60725/violet 2, tocopherol, haematococcus pluvialis/haematococcus pluvialis extract, drometrizole trisiloxane, bis-ethylhexyloxyphenol methoxyphenyl triazine, rosmarinus officinalis extract/rosemary leaf extract, butyrospermum parkii/shea butter, astaxanthin, parfum/fragrance. (F.I.L. B37911/2)., 12 mois après ouverture.]|"
84,13€ / L"|"
12,62 €"
3590|Huile ambrée protectrice FPS 30|Le spray de 150ml|[Origine : FRANCE, Enrichie en karité nutritif pour une peau satinée, l'huile ambrée protectrice magnifie le bronzage. Elle est légère et facile à appliquer grâce à son flacon spray. Peaux très claires déjà hâlées. Protection photostable UVA/UVB fini satiné, résiste àl'eau., Agiter avant l'emploi, ne pas vaporiser directement sur le visage. Appliquer le produit juste avant de vous exposer au soleil. Renouveler fréquemment et généreusement l'application pour maintenir la protection (surtout après avoir nagé, transpiré, ouvous être essuyé). Conforme aux recommandations européennes sur les produits de protection solaire. Ne pas exposer les bébés et les jeunes enfants directement au soleil. La surexposition au soleil est dangereuse, ne pas rester trop longtemps au soleil même si vous utilisez un produit de protection solaire car il ne vous protège pas à 100%. Eviter l'exposition aux heures d'ensoleillement les plus chaudes. Utiliser des protections vestimentaires (chapeau, lunettes, T-shirt). Eviter le contour desyeux. En cas de contact avec les yeux, rincer immédiatement et abondamment. Eviter le contact avec les textiles. Utiliser à l'écart de toute flamme, source d'étincelles, d'ignition ou corps incandescent. Eviter de vaporiser sur une peau irritée ou vers les yeux. En cas de projection, rincer immédiatement et abondamment avec de l'eau., Caprylic/capric triglyceride, octyldodecanol, C12-15 alkyl benzoate, alcohol denat, ethylenediamine/stearyl dimer dilinoleate copolymer, octocrylene, ethylhexyl salicylate, butyl methoxybenzoylmethane, diethylhexyl butamido triazone, ethylhexyl triazone, drometrizole trisiloxane, Cl 60725/violet 2, tocopherol, haematococcus pluvialis/haematococcus pluvialis extract, pentaerythrityl tetra-di-t-butyl hydroxyhydrocinnamate, rosmarinus officinalis leaf extract/rosemary leaf extract, butyrospermum parkii butter/shea butter, astaxanthine, parfum/fragrance. (FIL B39826/2)., 12 mois après ouverture.]|"
94,67€ / L"|"
14,20 €"
3591|Huile bronzante en spray à la vitamine E, faible, FPS 6, peaux mates déjà hâlées,|Le flacon de 150ml|[Origine : FRANCE, Protection résistante UVA/UVB contenant une filtration UVA/UVB large et un actif anti-radicalaire (vitamine E), sa formule protège la peau contre les coups de soleil. Elle nourrit la peau sans effet gras ni collant avec la légèreté et la praticité d'une application en spray., Agiter avant l'emploi. Utiliser un facteur de protection adapté à votre type de peau. Appliquer généreusement sur tout le corps juste avant l'exposition. Renouveler fréquemment les applications. Pour les enfants et en cas d'ensoleillement intense, utiliser des produits de plus forte protection. Utiliser des protections vestimentaires (chapeau, lunettes, T-shirt). Ne pas vaporiser sur le visage;Ne pas exposer les enfants de moins de trois ans;Eviter l'exposition entre 12 et 16 heures., Cyclopentasiloxane, paraffinum liquidum/mineral oil, caprylic/capric triglyceride, ethylhexyl methoxycinnamate, drometrizole trisiloxane, tocopherol, hydroxyisohexyl 3-cyclohexene carboxaldehyde, limonene, linalool, benzyl salicylate, alpha-isomethylionone, butylphenyl methylpropional, citronellol, citral, coumarin, glycine soja / soybean oil, parfum/fragrance, (F.I.L. C17732/2)., A utiliser dans les 12 mois après ouverture.]|"
57,60€ / L"|"
8,64 €"
3592|Lait protecteur embellisseur, Golden Protect, FPS30|Le flacon de 200ml|[Origine : FRANCE]|"
71,00€ / L"|"
14,20 €"
3593|Lait protecteur ultra hydratant, peaux très claires déjà hâlées, haute FPS 30,|Le flacon de 20cl|[Origine : FRANCE, Protection efficace contre les rayons UVB responsables des coups de soleil, et les rayons UVA provoquant le vieillissement prématuré de la peau Enrichi en vitamine C antioxydante : sa formule renforce les défenses naturelles de la peau et la protègecontre les dommages cutanés long-terme du soleil. Protection anti-dessèchement : sa formule hydratante désaltère durablement la peau et la protège contre le dessèchement dû au soleil., Peaux claires bronzant facilement. Appliquer le produit juste avant de vous exposer au soleil. Renouveler fréquemment et généreusement l'application pour maintenir la protection (surtout après avoir nagé, transpiré, ou vous être essuyé). Conforme auxrecommandations européennes. Ne pas exposer les bébés et les jeunes enfants directement au soleil. La surexposition au soleil est dangereuse, ne pas rester trop longtemps au soleil même si vous utilisez un produit de protection solaire car il ne vous protège pas à 100%. Eviter l'exposition aux heures d'ensoleillement les plus chaudes. Utiliser des protections vestimentaires (chapeau, lunettes, T-shirt). Eviter le contour des yeux. En cas de contact avec les yeux, rincer immédiatement et abondamment. Eviter le contact avec les textiles., Aqua/water, C12-15 alkyl benzoate, glycerin, isopropyl palmitate, ethylhexyl salicylate, octocrylene, butyl methoxydibenzoylmethane, titanium dioxide, alcohol denat, talc, stearic acid, potassium cetyl phosphate, synthetic wax, ascorbyl glucoside, tocopherol, sodium citrate, phenoxyethanol, peg-100 stearate, ethylhexyl triazone, triethanolamine, palmitic acid, dimethicone, limonene, benzyl salicylate, linalool, benzyl alcohol, caprylyl glycol, terephthalylidene dicamphor sulfonic acid, acrylates/C10-30 alkyl acrylate crosspolymer, geraniol, disodium edta, citral, citronellol, aluminum hydroxide, coumarin, glyceryl stearate, parfum/fragrance, (FIL B48680/1). Sans paraben., 12 mois après ouverture.]|"
69,45€ / L"|"
13,89 €"
3594|Spray corps protecteur Wet Skin, s'applique sur peau mouillée ou sèche, haute FPS 30.|Le flacon de 200ml|[Origine : FRANCE, Formule très résistante à l'eau conçue pour être appliquée sur peau mouillée ou sèche., La surexposition au soleil est dangereuse. Ne restez pas trop longtemps au soleil même si vous utilisez un produit de protection solaire car il ne vous protège pas à 100%. Appliquez le produit juste avant de vous exposer. Renouvelez fréquemment et généreusement l'application pour maintenir la protection (surtout après avoir nagé, transpiré ou vous être essuyé). Ne pas exposer les bébés et les jeunes enfants directement au soleil. Evitez le contour des yeux. En cas de contact, les rincer immédiatement et abondamment. Evitez le contact avec les textiles. Contient de l'alcool, ne pas appliquer sur le visage ou sur une peau irritée, ne pas utiliser chez l'enfant. Utiliser à l'écart de toute flamme, source d'étincelles, d'ignition ou corps incandescent. Eviter de vaporiser sur une peau irritée ou vers les yeux. En cas de projection, rincer immédiatement et abondamment avec de l'eau., Alcohol denat, homosalate, octocrylene, ethylhexyl salicylate, butyl methoxydibenzoylmethane, c12-15 alkyl benzoate, drometrizole trisiloxane, ethylenediamine/stearyl dimer dilinoleate copolymer, acrylates/octylacrylamide copolymer, ethylhexyl triazone, tocopherol , hydroxyisohexyl 3-cyclohexene carboxaldehyde, limonene, linalool, benzyl salicylate, benzyl alcohol, alpha-isomethyl ionone, bht, butylphenyl methylpropional, citronellol, citral, coumarin, parfum / fragrance. (f.i.l. c163273/2)., 12 mois après ouverture.]|"
73,40€ / L"|"
14,68 €"
3595|Spray corps protecteur Wet Skin, s'applique sur peau mouillée ou sèche, moyenne FPS 20.|Le flacon de 200ml|[Origine : FRANCE, Formule très résistante à l'eau conçue pour être appliquée sur peau mouillée ou sèche., La surexposition au soleil est dangereuse. Ne restez pas trop longtemps au soleil même si vous utilisez un produit de protection solaire car il ne vous protège pas à 100%. Appliquez le produit juste avant de vous exposer. Renouvelez fréquemment et généreusement l'application pour maintenir la protection (surtout après avoir nagé, transpiré ou vous être essuyé). Ne pas exposer les bébés et les jeunes enfants directement au soleil. Evitez le contour des yeux. En cas de contact, les rincer immédiatement et abondamment. Evitez le contact avec les textiles. Contient de l'alcool, ne pas appliquer sur le visage ou sur une peau irritée, ne pas utiliser chez l'enfant. Utiliser à l'écart de toute flamme, source d'étincelles, d'ignition ou corps incandescent. Eviter de vaporiser sur une peau irritée ou vers les yeux. En cas de projection, rincer immédiatement et abondamment avec de l'eau., Alcohol denat, homosalate, octocrylene, ethylhexyl salicylate, butyl methoxydibenzoylmethane, c12-15 alkyl benzoate, drometrizole trisiloxane, ethylenediamine/stearyl dimer dilinoleate copolymer, acrylates/octylacrylamide copolymer, ethylhexyl triazone, tocopherol, hydroxyisohexyl 3-cyclohexene carboxaldehyde, limonene, linalool, benzyl salicylate, benzyl alcohol, alpha-isomethyl ionone, bht, butylphenyl methylpropional, citronellol, citral, coumarin, parfum/fragrance, (FIL C163273/2)., 12 mois après ouverture.]|"
72,05€ / L"|"
14,41 €"
3596|Spray protecteur Clear Protect +, protection haute FPS 50, très résistant à l'eau|Le flacon de 200ml|[Origine : FRANCE, Protection photostable UVA/UVB. Protection optimisée contre les rayons UVB  et UVA grâce au système filtrant photostable breveté au Mexoryl XL. Ofre une protection efficace, très résistante à l'au, contre les coups de soleil et le vieillissement prématuré de la peau dû au soleil.                                                                                          Haute protection, pour peaux très claires., Recommandations d'utilisation: Ne pas exposer les bébés et les jeunes enfants directement au soleil. La surexposition au soleil est dangereuse, ne pas rester trop longtemps au soleil même si vous utilisez un produit de protection solaire car il ne vous protège pas à 100%, évitez l'exposition aux heures d'ensoleillement les plus chaudes, appliquer le produit juste avant de vous exposer au soleil, renouveler fréquemment et généreusement l'application pour maintenir la protection (surtout après avoir nagé, transpiré ou vous être essuyé), utiliser des protections vestimentaires (chapeau, lunettes, T-shirt), éviter le contact avc les textiles.Précautions d'utilisation: contient de l'alcool, ne pas appliquer sur le visage ou sur une peau irritée, ne pas utiliser chez l'enfant.                       Utliser à l'écart de toute flamme, source d'étincelles, d'ignition ou corps incandescent. Eviter de vaporiser sur une peau irritée ou vers les yeux: en cas de projection, rincer immédiatement et abondamment avec de l'eau. En cas de fonctionnement difficile, passer le diffuseur sous l'eau chaude., Alcohol denat, homosalate, octocrylene, ethylhexy salicylate, butyl methoxydibenzotlmrthane, C12-15 alkyl benzoate, drometrizole trisiloxane, ethylenediamine/stearyl dimer dilinoleate copolymer, acrylates /octylacrylamide copolymer, ethylhexyl triazone, tocopherol, hydroxyisohexyl 3-cyclohexene carboxaldehyde, limonene, linalool, benzyl salicylate, benzyl alcohol, alpha-isomethyl, ionone, bht, butylphenyl methylpropiolan, citronellol, citral, coumarin, parfum.]|"
77,20€ / L"|"
15,44 €"
3597|Spray protecteur révélateur de bronzage                          Ideal Bronze Haute FPS 30|Le spray de 200ml|[Origine : FRANCE, Spray protecteur photostable FPS30 pour optimiser le bronzage. Protection efficace contre les rayons UVA et UVB. Sa formule est enrichie dun complexe aux boosters de mélanine*, qui aide à stimuler la production naturelle de mélanine* responsable dubronzage de la peau. Hydratante, sa formule nourrit la peau pour un bronzage lumineux, uniforme et durable. *test in vitro., Pour les peaux claires bronzant facilement. Appliquer le produit juste avant de vous exposer au soleil. Agiter avant emploi. Ne pas vaporiser directement sur le visage. Renouveler fréquemment et généreusement l'application pour maintenir la protection (surtout après avoir nagé, transpiré ou vous être essuyé). Ne pas exposer les bébés et les jeunes enfants directement au soleil. La surexposition au soleil est dangereuse, ne pas rester trop longtemps au soleil même si vous utilisez un produit de protection solaire car il ne vous protège pas à 100%. Eviter l'exposition aux heures d'ensoleillement les plus chaudes. Utiliser des protections vestimentaires (chapeau, lunettes, t-shirt). Eviter le contour des yeux. En cas de contact avec les yeux,rincer immédiatement et abondamment. Eviter le contact avec les textiles., 12 mois après ouverture.]|"
73,10€ / L"|"
14,62 €"
3598|Spray protecteur révélateur de bronzage                           Très haute FPS 50 +|Le spray de 200ml|[Origine : FRANCE, Sa formule est enrichie d'un complexe aux boosters de mélanine, qui aide à stimuler la production naturelle de mélanine responsable du bronzage de la peau. Protection optimale contre les rayons UVA et UVB, responsables des coups de soleil et du vieillissement prématuré de la peau, grâce au système filtrant photostable breveté au Mexoryl SX. Hydratante, sa formule nourrit la peau pour un bronzage lumineux, uniforme et durable., Appliquer le produit juste avant de vous exposer au soleil. Agiter avant emploi. Renouveler fréquemment et généreusement l'application pour maintenir la protection (surtout après avoir nagé, transpiré, ou vous être essuyé). Conforme aux recommandations européennes sur les produits solaires. Ne pas exposer les bébés et les jeunes enfants directement au soleil. La surexposition au soleil est dangereuse, ne pas rester trop longtemps au soleil même si vous utilisez un produit de protection solaire car il ne vous protège pas à 100%. Eviter l'exposition aux heures d'ensoleillement les plus chaudes. Ne pas vaporiser directement sur le visage. Utiliser des protections vestimentaires (chapeau, lunettes, T-shirt). Eviter le contour des yeux. En cas de contact avec les yeux, rincer immédiatement et abondamment. Eviter le contact avec les textiles., 12 mois après ouverture.]|"
85,45€ / L"|"
17,09 €"
3599|Spray protecteur ultra hydratant, très haute FPS30, au multiflavones de cactus,|Le spray d e20cl|[Origine : FRANCE, Le Spray Protecteur FPS30 agit comme un réservoir d'hydratation pour la peau tout au long de l'exposition. Protégée et hydratée, votre peau est parfaitement défendue contre les rayons nocifs du soleil., Agiter avant l'emploi. Ne pas vaporiser sur le visage. Ne pas exposer les enfants de moins de 3 ans. Eviter l'exposition aux heures les plus chaudes de la journée. Utiliser un indice de protection adapté à votre type de peau. Appliquer généreusementsur tout le corps avant l'exposition. Renouveler fréquemment les applications., Aqua, octocrylene, propylene glycol, glycerin, cyclopentasiloxane, ethylhexyl salicylate, alcohol denat, butyl methoxydibenzoylmethane, titanium dioxide, diglycol/CHDM/isophthalates/SIP copolymer, ethylhexyl triazone, C12-15 alkyl benzoate, tocopherol, ethylhexylglycerin, triethanolamine, polyacrylate-3, limonene, pentasodium ethylhenediamine tetramethylene phosphonate, linalool, benzyl salicylate, alpha-isomethyl ionone, terephthalylidene dicamphor sulfonic acid, cereus grandiflorus / cactus flower extract, butylphenyl methylpropional, citronellol, citral, coumarin, glycine soja, parfum (F.I.L. C20443/1).]|"
68,75€ / L"|"
13,75 €"
3600|UV sensitive, spray protecteur peaux intolérantes au soleil, très haute FPS 50+, complexe hydra-actif + vitamine E, protection pho|Le spray de 200ml|[Origine : FRANCE, Protection photostable UVA/UVB. Protection optimisée contre les rayons UVB et UVA grâce au système filtrant breveté au Mexoryl SX+Mexoryl XL.Offre une protection efficace contre les coups de soleil et le vieillissement prématuré de la peau dû au soleil. Action hydratante prolongée pour maintenir la peau hydratée au cours de l'exposition grâce au complexe Hydra-actif enrichi en vitamine E. Hypoallergénique, sans parfum., Agitez avant l'emploi, ne pas vaporiser directement sur le visage. Appliquer le produit juste avant de vous exposer au soleil. Renouveler fréquemment et généreusement l'application pour maintenir la protection (surtout après avoir nagé, transpiré, ouvous être essuyé). Ne pas exposer les bébés et les jeunes enfants directement au soleil. La surexposition au soleil est dangereuse, ne pas rester trop longtemps au soleil même si vous utilisez un produit de protection solaire, car il ne peut pas vous procurer 100% de protection. Eviter l'exposition aux heures d'ensoleillement les plus chaudes. Utiliser des protections vestimentaires (chapeau, lunettes, T-shirt). Eviter le contour des yeux. En cas de contact avec les yeux, rincer immédiatement et abondamment. Eviter le contact avec les textiles., Aqua/water, C12-15 alkyl benzoate propylene glycol, glycerin, ethylhexyl salicylate, alcohol denat, butyl methoxydibenzoylmethane, octocrylene, bis-ethylhexyloxyphenol methoxyphenyl triazine, titanium dioxide, ethylhexyl triazone, polyester-5 drometrizole trisiloxane, poly C10-30 alkyl acrylate, tocopherol, ethylhexylglycerin, triethanolamine, polyacrylate-3, pentasodium ethylenediamine tetramethylene phosphonate, terephthalylidene dicamphor sulfonic acid, rosa canina/rosa canina fruit oil, glycine soja/soybean oil. (FIL C25854/1)., 12 mois après ouverture.]|"
77,20€ / L"|"
15,44 €"
3601|Pur monoï Tahiti AO, soin traditionnel multi-usages, tiaré|le flacon de 100ml|[Origine : FRANCE, Huile sacrée reconnue pour ses propriétés hydratante, nourrissante et réparatrice, le Monoï de Tahiti est le secret de beauté essentiel des Tahitiennes. Fabriqué en Polynésie, selon une méthode ancestrale, le Pur Monoï de Tahiti AO satine, hydrate etnourrit la peau et les cheveux en les laissant délicatement parfumés. Appellation d'origine : 96,31%., Le Pur Monoï de Tahiti AO est un produit Itraditionnel naturel, il se fige naturellement en dessous d'une température de 24°C. Dans ce cas, passer le produit quelques minutes sous un filet d'eau chaude avant usage, il retrouve alors toutes ses propriétés initiales. Agiter avant emploi. Ne pas avaler. Tenir hors de portée des enfants., Cocos nucifera (coconut) oil, parfum (fragrance), gardenia tahitensis flower extract, tocopherol, benzyl salicylate, amyl cinnamal, linalool, geraniol, citronellol, benzyl benzoate, limonene, farnesol. Sans colorant. Sans conservateur., Conserver à l'abri de la chaleur et de la lumière. A utiliser dans les 12 mois après ouverture.]|"
79,80€ / L"|"
7,98 €"
3602|Lait fluide protecteur, FPS 50 Haute, sensation peau nue.|Le flacon de 200ml|[Origine : FRANCE, Haute protection qui laisse la sensation dune peau nue. Protection avancée : filtres Mexoryl SX & XL contre les coups de soleil & vitamine anti-oxydante pour une protection cellulaire renforcée. Sensation peau nue : sa texture lait ultra légère et ultra-fluide sétale facilement sans laisser de traces, sans coller, pour un fini invisible. Résultat : votre peau est efficacement protégée tout en vous laissant la sensation dune peau nue., Aqua/water, glycerin , alcohol denat, octocrylene, ethylhexyl salicylate, butyl methoxydibenzoylmethane, diisopropyl sebacate, dimethicone, zea mays starch/corn starch, ethylhexyl triazone, propylene glycol, titanium dioxide (nano)/titanium dioxide,triethanolamine, potassium cetyl phosphate, drometrizole trisiloxane, synthetic wax, Cl 77891/titanium dioxide, Cl 77491/iron oxides, mica, tocopherol, stearic acid, phenoxyethanol, peg-100 stearate, palmitic acid, xanthan gum, linalool, caprylyl glycol, terephthalylidene dicamphor sulfonic acid/acrylates, C10-30 alkyl acrylate crosspolymer, disodium EDTA, aluminum hydroxide, glyceryl stearate, parfum/fragrance, (F.I.L.: C164041/4).]|"
83,90€ / L"|"
16,78 €"
3603|Lait protecteur iris{ FPS 50 Haute, nutrition et bronzage durable|Le flacon de 200ml|[Origine : FRANCE, Protection solaire avancée, qualité de peau sublimée. Lait Bronzage Idéal, pour une protection sublimante au soleil : protection avancée : filtres Mexoryl SX/XL et vitamine antioxydante contre les coups de soleil et le vieillissement solaire. Haute Nutrition : huile dargan pour nourrir intensément la peau et la préserver du dessèchement dû au soleil. Bronzage Idéal : complexe SkinElixir qui stimule la production de mélanine pour un bronzage durables et des micro-nacres dorées pour une peau illuminée instantanément., Aqua/water, glycerin, alcohol denat., octocrylene, ethylhexyl salicylate, butyl methoxydibenzoylmethane, diisopropyl sebacate, dimethicone, zea mays starch/corn starch, ethylhexyl triazone, propylene glycol, titanium dioxide (nano)/titanium dioxide,silica, triethanolamine, potassium cetyl phosphate, drometrizole trisiloxane, synthetic wax, ci 77891/titanium dioxide, ci 77491/iron oxides, ci 15985/yellow 6, ci 19140/yellow 5, mica, tocopherol, stearic acid, phenoxyethanol, caffeine, peg 100 stearate, argania spinosa oil/argania spinosa kernel oil, palmitic acid, limonene, benzyl salicylate, xanthan gum, benzyl alcohol, linalool, caprylyl glycol, terephthalylidene, dicamphor sulfonic acid, acrylates/c10-30 alkyl acrylate, crosspolymer, tyrosine, disodium edta, aluminium hydroxide, coumarin, glyceryl stearate, parfum/fragrance.]|"
83,90€ / L"|"
16,78 €"
3604|Fluide visage très haute protection, FPS/IP 50+ Très haute.|Le tube de 50ml|[Origine : FRANCE]|"
306,80€ / L"|"
15,34 €"
3605|Huile Bronzage Mythique Sublime Sun|Le flacon 150ml|[Origine : FRANCE, L'Oréal Paris intègre le meilleur de la filtration UVA/UVB dans une texture huile exclusive pour une double protection optimale contre les coups de soleil et le vieillissement solaire prématuré.Cette huile exclusive nourrit la peau et sublime votre bronzage. Une peau protégée, satinée et sublimement hâlée !, Pour les peaux claires déjà halées. Appliquez le produit juste avant de vous exposer au soleil. Ne pas vaporiser directement sur le visage, pulvérisez dans les mains avant application. Evitez le contour des yeux. La surexposition au soleil est dangereuse. N'exposez pas les bébés et les jeunes enfants directement au soleil. Ne restez pas trop longtemps au soleil même si vous utilisez un produit de protection solaire car il ne vous protège pas à 100%. En cas de contact avec les yeux, rincez immédiatement et abondamment. Renouvelez fréquemment et généreusement l'application pour maintenir la protection surtout après avoir nagé, transpiré ou vous être essuyé. Evitez l'exposition aux heures d'ensoleillement les plus chaudes. Utilisez des produits de protection adaptés à votre type de peau. Evitez le contact avec les textiles. Produit inflammable. Utiliser à l'écart de toute flamme, source d'étincelles, d'ignition ou corps incandescent. Eviter de vaporiser sur une peau irritée ou vers les yeux. En cas de projection, rincer immédiatement et abondamment avec de l'eau., 12 mois après usage.]|"
81,67€ / L"|"
12,25 €"
3606|Huile Bronzage Mythique Sublime Sun|Le flacon de 150ml|[Origine : FRANCE, L'Oréal Paris intègre le meilleur de la filtration UVA/UVB dans une texture huile exclusive pour une double protection optimale contre les coups de soleil et le vieillissement solaire.Cette huile exclusive nourrit la peau et sublime votre bronzage., Pour les peaux claires. Appliquez le produit juste avant de vous exposer au soleil. Renouvelez fréquemment et généreusement l'application pour maintenir la protection surtout après avoir nagé, transpiré ou vous être essuyé. La surexposition au soleilest dangereuse. N'exposez pas les bébés et les jeunes enfants directement au soleil. Ne restez pas trop longtemps au soleil même si vous utilisez un produit de protection solaire car il ne vous protège pas à 100%. Evitez l'exposition aux heures d'ensoleillement les plus chaudes. Utilisez des produits de protection adaptés à votre type de peau. Evitez le contour des yeux. Ne vaporisez pas sur le visage. Evitez le contact avec les textiles. Utiliser à l'écart de toute flamme, source d'étincelles,d'ignition ou corps incandescent. Eviter de vaporiser sur une peau irritée ou vers les yeux. En cas de projection, rincer immédiatement et abondamment avec de l'eau., Caprylic/capric triglyceride, octyldodecanol, C12-15 alkyl benzoate, alcohol denat., ethylenediamine/stearyl dimer dilinoleate copolymer, octocrylene, ethylhexyl salicylate, butyl methoxydibenzoylmethane, diethylhexyl butamido triazone, ethylhexyl triazone, drometrizole trisiloxane, benzyl salicylate, limonene, pentaerythrityl tetra-di-t-butyl hydroxyhydrocinnamate, linalool, hexyl cinnamal, alpha-isomethyl ionone, coumarin, benzyl alcool, citronellol, geraniol, parfum/fragrance (FIL B38481/2)., 12 mois après ouverture.]|"
94,00€ / L"|"
14,10 €"
3607|Huile sèche, protection avancée, bronzage mythique, protège commeun lait, peau soyeuse et dorée, FPS 50 Haute.|Le flacon de 150ml|[Origine : FRANCE, Huile sèche bronzage Mythique pour une protection sublimante au soleil : protection avancée : filtres Meroxyl SL contre les coups de soleil et le vieillissement solaire. Haute nutrition : texture huile sèche pour nourrir la peau et la préserver du dessèchement dû au soleil. Bronzage sublime : peau satinée, bronzage doré uniforme., Appliquez le produit juste avant de vous exposer au soleil. Renouvelez fréquemment et généreusement l'application pour maintenir la protection, surtout après avoir nagé transpiré ou vous être essuyé. Evitez l'exposition aux heures d'ensoleillement les plus chaudes. Utilisez les produits de protection solaire adaptés à votre type de peau. La surexposition au soleil est dangereuse. N'exposez pas les bébés et les jeunes enfants directement au soleil. Ne restez pas trop longtemps au soleil même si vous utilisez un produit de protection solaire car il ne vous protège pas à 100%.  Evitez le contour des yeux. En cas de contact avec les yeux, les rincer immédiatement et abondamment. Ne pas vaporiser directement sur le visage. Vaporiser sur les mains avant application. Evitez le contact avec les textiles., Isopropyl, palmitate , octyldodecanol, paraffinum liquidum, mineral oil, homosalate, alcohol denat., ethylenediamine, stearyl dimer dilinoleate copolymer, octocrylene, ethylhexyl salicylate, butyl methoxydibenzoylmethane, C12-15 alkyl benzoate, drometrizole trisiloxane, ethylhexyl triazone, limonène, benzyl salicylate, benzyl alcohol, pentaerythrityl tetra-di-t-butyl hydroxyhydrocinnamate, linalool, alpha-isomethyl ionone, géraniol, citronellol, coumarin, hexyl cinnamal, parfum/ fragrance (F.I.L: C163937/2)., 12 mois après ouverture.]|"
113,20€ / L"|"
16,98 €"
3608|Lait fluide protecteur, fini invisible, peau soyeuse, FPS 30 HAUTE.|Le flacon de 200ml|[Origine : FRANCE, Sa texture lait ultra-légère et ultra-fluide s'étale facilement sans laisser de traces, sans coller, pour un fini invisible. Votre peau est efficacement protégée et soyeuse tout en vous laissant la sensation d'une peau nue., La surexposition au soleil est dangereuse. N'exposez pas les bébés et les jeunes enfants directement au soleil. Ne restez pas trop longtemps au soleil même si vous utilisez un produit de protection solaire car il ne vous protège pas à 100%. Appliquez le produit avant de vous exposer au soleil. Renouveler fréquemment et généreusement l'application pour maintenir la protection, surtout après avoir nagé, transpiré ou vous êtes essuyé. Evitez l'exposition aux heures d'ensoleillement les plus chaudes. Utilisez les produits de protection solaires adaptés à votre type de peau. Evitez le contour des yeux. En cas de contact avec les yeux, les rincer immédiatement et abondamment. Evitez le contact avec les textiles., Aqua/water, alcohol denat, octocrylene, ethylhexyl salicylate, butyl methoxydibenzoylmethane, dimethicone, homosalate, ethylhexyl triazone, triethanolamine, zea mays starch/corn starch, bis-ethylhexyloxyphenol, methoxyphenyl triazine, phenylbenzimidazole sulfonic acid, c13-14 isoparaffin, tocopherol, sodium acrylates crosspolymer-2, phenoxyethanol, polyacrylamide, poloxamer 338, silica, linalool, drometrizole trisiloxane, caprylyl glycol, perlite, acrylates/c10-30 alkyl acrylate crosspolymer, terephthalylidene dicamphor sulfonic acid, disodium edta, laureth-7, parfum/fragrance (FIL C163969/2)., 12 mois après ouverture.]|"
76,70€ / L"|"
15,34 €"
3609|Brume protectrice rafraîchissante, protect & refresh, haute 50|Le spray de 200ml|[Origine : FRANCE]|"
82,35€ / L"|"
16,47 €"
3610|Brume protectrice rafraîchissante, résiste à l'eau Protection 30  Haute|Le brumisateur de 200ml|[Origine : FRANCE, Facile à appliquer grâce à sa texture transparente et non grasse, sa formule pénètre rapidement sans laisser de trace blanche. Procure à votre peau une agréable sensation de fraîcheur. Diffusion continue et multiposition pour protéger rapidement et de façon homogène toutes les parties du corps en une seule pression. Fonctionne aussi tête en bas., Agitez le flacon avant emploi. Ne pas vaporiser directement sur le visage. Appliquez généreusement et de façon homogène avant l'exposition car en réduisant la quantité, vous diminuez nettement le niveau de protection. Renouvelez fréquemment, au moinstoutes les 2 heures, et après s'être baigné et essuyé pour maintenir la protection. Pendant et après application, se tenir éloigné de toute flamme et source d'étincelle. Evitez l'exposition entre 11h et 15h et les expositions prolongées. N'exposez pas les bébés et les jeunes enfants directement au soleil. Utilisez une protection vestimentaire (chapeau, lunettes, t-shirt, short) et une protection solaire de facteur élevé sur les zones exposées. Evitez le contact direct avec les vêtements pour nepas les tacher. Récipient sous pression. Ne pas percer ou brûler même après usage. Ne pas vaporiser dans les yeux ou sur une peau irritée, ne pas inhaler. A éloigner de toutes sources de chaleur (flamme ou tout autre matière incandescente). Conserver hors de la portée des enfants. A recycler une fois vide., A protéger des rayons solaires et à ne pas exposer à une température supérieure à 50°C.]|"
75,95€ / L"|"
15,19 €"
3611|Enfants, spray protecteur pure & sensitive, très haute 50+, protection équilibrée UVA/UVB.|Le spray de 200ml|[Origine : FRANCE, Le spray protecteur Pure & Sensitive Nivea Sun assure une très haute protection, spécialement adaptée aux peaux sensibles.Grâce à son système de filtres UVA/UVB de haute qualité, il protège immédiatement et efficacement la peau fragile de votre enfant contre les coups de soleil et méfaits à long terme du soleil sur sa peau. Il est également formulé et testé pour minimiser les risques d'allergie., Agiter avant emploi. Choisissez une protection solaire adaptée à la peau fragile de votre enfant. Pour leur santé, n'exposez pas les bébés et les jeunes enfants directement au soleil. Evitez l'exposition entre 11h et 15h et les expositions prolongéesmême avec une protection solaire. Appliquez généreusement et de façon homogène avant l'exposition car en réduisant la quantité, vous diminuez nettement le niveau de protection. Renouvelez fréquemment, au moins toutes les 2 heures et après s'être baigné et essuyé, pour maintenir la protection. Utilisez une protection vestimentaire (chapeau, lunettes, t-shirt, short) et une protection solaire de facteur élevé sur les zones exposées. Ne pas vaporiser directement sur le visage. Evitez le contact avec les yeux. Eviter le contact direct avec les vêtements pour ne pas les tacher., Aqua, glycerin, octocrylene, alcohol denat, butylene glycol, dicaprylate/dicaprate, butyl methoxydibenzoylmethane, bis-ethylhexyloxyphenol methoxyphenyl triazine, homosalate, titanium dioxide, C18-36 acid triglyceride, ceteareth-20, methylpropanediol, sodium phenylbenzimidazole, sulfonate diethylhexyl butamido triazone, ethylhexyl methoxycinnamate, tocopheryl acetate, ethylhexylglycerin, VP/hexadecene copolymer, acrylates/C10-30 alkyl acrylate crosspolymer, trimethoxycaprylylsilane, trisodium EDTA, BHT. Sans parfum. Sans colorant. Sans paraben. Sans conservateur., 12 mois après ouverture.]|"
83,70€ / L"|"
16,74 €"
3612|Lait protecteur, haute 30, protection équilibr{e UVA/UVB|Le flacon de 200ml|[Origine : FRANCE, Le lait Protect & Bronze de Nivea Sun protège efficacement tout en activant naturellement le bronzage, sans auto-bronzant.Sa formule contient un extrait naturel de plante qui stimule la production de Mélanine pour un bronzage doré et uniforme. La Mélanine est produite naturellement par le corps, elle est responsable à la fois de la protection et du bronzage de la peau. Sa formule ultra-légère, non grasse et hydratante contient un système équilibré de filtres UVA/UVB qui protège votre peau immédiatement dès l'application. Résiste à l'eau. Bronzage 100% naturel. 0% autobronzant., Choisissez un facteur de protection adapté à votre peau. Appliquez généreusement et de façon homogène avant l'exposition car en réduisant la quantité vous diminuez nettement le niveau de protection. Renouvelez fréquemment, au moins toutes les 2 heures et après vous être baigné et essuyé pour maintenir la protection. Evitez l'exposition entre 11h et 15h et les expositions prolongées. Pour leur santé, n'exposez pas les bébés et les jeunes enfants directement au soleil. Utilisez une protection vestimentaire (chapeau, lunettes, t-shirt) et une protection solaire de facteur élevé sur les zones exposées. Evitez le contact direct avec les vêtements pour ne pas les tacher., Aqua, alcohol denat, C12-15 alkyl benzoate, octyldodecanol, butyl methoxydibenzoylmethane, octocrylene, bis-ethylhexyloxyphenol methoxyphenyl triazine, cetyl alcohol, sodium phenylbenzimidazole sulfonate, titanium dioxide, cetearyl alcohol, myristylmyristate, glycyrrhetinic acid, glycerin, tocopheryl acetate, tapioca starch, glyceryl stearate SE, peg-40 castor oil, sodium cetearyl sulfate, xanthan gum, trimethoxycaprylylsilane, trisodium edta, phenoxyethanol, methylparaben, linalool, benzyl alcohol, limonene, benzyl benzoate, hydroxyisohexyl 3-cyclohexene carboxaldehyde, hexyl cinnamal, benzyl salicylate, butylphenyl methylpropional, alpha-isomethyl ionone, eugenol, citronellol, coumarin, parfum., 12 mois après ouverture.]|"
79,25€ / L"|"
15,85 €"
3613|Lait protecteur résiste à l'eau, format voyage, uva-uvb 30 Haute.|Le flacon de 50ml|[Origine : FRANCE, 12 mois après ouverture.]|"
164,60€ / L"|"
8,23 €"
3614|Protection équilibrée, moyenne 20.|Le spray de 200ml|[Origine : FRANCE, Protect & Bronze protège efficacement tout en favorisant un bronzage visiblement naturel. Sa formule contient un extrait naturel de plante qui stimule la production de mélanine de la peau pour un bronzage doré et uniforme. Résiste à l'eau., Agiter le flacon avant emploi. Choisissez un facteur de protection adapté à votre peau. Appliquez généreusement et de façon homogène avant l'exposition car en réduisant la quantité vous diminuez nettement le niveau de protection. Renouvelez fréquemment, au moins toutes les 2 heures, et après vous être baigné et essuyé, pour maintenir la protection. Protection équilibre UVA/UVB conforme aux recommandations européennes. Evitez l'exposition entre 11h et 15h et les expositions prolongées. Pour leursanté, n'exposez pas les bébés et les jeunes enfants directement au soleil. Utilisez une protection vestimentaire (chapeau, lunettes, t-shirt) et une protection solaire de facteur élevé sur les zones exposées. Evitez le contact avec les yeux. Evitezle contact direct avec les vêtements pour ne pas les tacher., Aqua, butylene glycol dicaprylate/dicaprate, glycerin, ethylhexyl salicylate, octocrylene, alcohol denat, butyl methoxydibenzoylmethane, bis-ethylhexyloxyphenol methoxyphenyl triazine, sodium phenylbenzimidazole sulfonate, ceteareth-20, methylpropanediol, C18-36 acid triglyceride, glycyrrhetinic acid, tocopheryl acetate, sodium acrylates/C10-30 alkyl acrylate crosspolymer, vp/hexadecene copolymer, trisodium edta, phenoxyethanol, methylparaben, ethylparaben, linalool, benzyl alcohol, limonene, benzyl benzoate, hydroxyisohexyl 3-cyclohexene carboxaldehyde, hexyl cinnamal, benzyl salicylate, butylphenyl methylpropional, alpha-isomethyl ionone, eugenol, citronellol, coumarin, parfum., 12 mois après ouverture.]|"
75,65€ / L"|"
15,13 €"
3615|Protection invisible, spray transparent, haute 30, non gras|Le spray de 200ml|[Origine : FRANCE, Nivea Sun Protection Invisible FPS 30 allie une formule non grasse et transparente à une protection immédiate et efficace contre les coups de soleil et le vieillissement prématuré de la peau.Il pénètre rapidement, sans coller et sans laisser de traceblanche. Résiste à l'eau., Agitez avant l'emploi. Choisissez un facteur de protection adapté à votre peau. Appliquez généreusement et de façon homogène avant l'exposition. Renouvelez fréquemment, au moins toutes les 2 heures et après vous être baigné et essuyé pour maintenir la protection. Evitez l'exposition entre 11h et 15h et les expositions prolongées. N'exposez pas les bébés et les jeunes enfants directement au soleil. Utilisez une protection vestimentaire (chapeau, lunettes, T-shirt) et une protection solaire de facteur élevé sur les zones exposées. Evitez le contact avec les yeux. Evitez le contact direct avec les vêtements pour ne pas les tacher. Inflammable., Alcohol denat, C12-15 alkyl benzoate, homosalate, octocrylene, cyclomethicone, glycerin, butyl methoxydibenzoylmethane, ethylhexyl salicylate, acrylates/octylacrylamide copolymer, aqua, limonene, linalool, butylphenyl methylpropional, benzyl acetate,alpha-isomethyl ionone, eugenol, citronellol, coumarin, geraniol, benzyl alcohol, parfum. Contient de l'alcool., 12 mois après ouverture.]|"
75,95€ / L"|"
15,19 €"
3616|Spray protecteur hydratant, haute 30, protection équilibrée UVA/UVB|Le spray de 200ml|[Origine : FRANCE, Le spray protecteur hydratant de Nivea Sun protège immédiatement votre peau contre les coups de soleil et le vieillissement prématuré. Sa formule protectrice hydrate durablement votre peau. Résiste à l'eau., Choisissez un facteur de protection adapté à votre peau. Appliquez généreusement et de façon homogène avant l'exposition. Renouvelez fréquemment, au moins toutes les 2 heures, et après vous être baigné et essuyé. Agiter avant l'emploi. Evitez l'exposition entre 11h et 15h et les expositions prolongées. N'exposez pas les bébés et les jeunes enfants au soleil . Utilisez une protection vestimentaire et une protection solaire de facteur élevé sur les zones exposées. Evitez le contact avec les yeux.Evitez le contact direct avec les vêtements pour ne pas les tacher., Aqua, butylene glycol dicaprylate/dicaprate, octocrylene, glycerin, butyl methoxydibenzoylmethane, ethylhexyl salicylate, alcohol denat, bis-ethylhexyloxyphenol methoxyphenyl triazine, sodium phenylbenzimidazole sulfonate, C18-36 acid triglyceride, ceteareth-20, methylpropanediol, tocopheryl acetate, acrylates/C10-30 alkyl acrylate crosspolymer, vp/hexadecene copolymer, trisodium edta, phenoxyethanol, methylparaben, ethylparaben, limonene, linalool, benzyl benzoate, hydroxyisohexyl 3-cyclohexenecarboxaldehyde, hexyl cinnamal, benzyl salicylate, butylphenyl methylpropional, alpha-isomethyl ionone, eugenol, citronellol, coumarin, benzyl alcohol, parfum., 12 mois après ouverture.]|"
75,95€ / L"|"
15,19 €"
3617|Spray protecteur Protect & Bronze, FPS 30+|Le spray de 200ml|[Origine : FRANCE, Protect & Bronze protège efficacement tout en favorisant un bronzage visiblement naturel. Sa formule contient un extrait naturel de plante qui stimule la production de mélanine de la peau pour un bronzage doré et uniforme. Résiste à l'eau., Agiter le flacon avant emploi. Choisissez un facteur de protection adapté à votre peau. Appliquez généreusement et de façon homogène avant l'exposition car en réduisant la quantité vous diminuez nettement le niveau de protection. Renouvelez fréquemment, au moins toutes les 2 heures, et après vous être baigné et essuyé, pour maintenir la protection. Protection équilibre UVA/UVB conforme aux recommandations européennes. Evitez l'exposition entre 11h et 15h et les expositions prolongées. Pour leursanté, n'exposez pas les bébés et les jeunes enfants directement au soleil. Utilisez une protection vestimentaire (chapeau, lunettes, t-shirt) et une protection solaire de facteur élevé sur les zones exposées. Evitez le contact avec les yeux. Evitezle contact direct avec les vêtements pour ne pas les tacher., Aqua, butylene glycol dicaprylate/dicaprate, octocrylene, glycerin, butyl methoxydibenzoylmethane, ethylhexyl salicylate, alcohol denat, bis-ethylhexyloxyphenol methoxyphenyl triazine, sodium phenylbenzimidazole sulfonate, ceteareth-20, methylpropanediol, C18-36 acid triglyceride, glycyrrhetinic acid, tocopheryl acetate, sodium acrylates/C10-30 alkyl acrylate crosspolymer, vp/hexadecene copolymer, trisodium edta, phenoxyethanol, methylparaben, ethylparaben, linalool, benzyl alcohol, limonene, benzyl benzoate, hydroxyisohexyl 3-cyclohexene carboxaldehyde, hexyl cinnamal, benzyl salicylate, butylphenyl methylpropional, alpha-isomethyl ionone, eugenol, citronellol, coumarin, parfum., 12 mois après ouverture.]|"
79,55€ / L"|"
15,91 €"
3618|Baume prolongateur de bronzage, monoï de tahiti.|La boîte de 150ml|[Origine : FRANCE, Le baume hydrate la peau, apporte les bienfaits millénaires des fleurs de tiaré et de l'huile de coco, en enveloppant le corps du parfum délicat des îles lointaines. Après l'exposition au soleil, le bronzage est ainsi renforcé et intensifié, prolongénaturellement pour une peau éclatante., Aqua, cetyl alcohol, butyrospermum parkii butter, isononyl isononanoate, cyclopentasiloxane, cetearyl alcohol, dimethicone, cocos nucifera gardenia tahitensis, ceteareth-33, polyacrylamide, c13-14 isoparaffin, laureth-7, butylène glycol, acetyl tyrosine, parfum, acrylates/c10-30 alkyl acrylate crosspolymer, triethanolamine, hydrolyzed vegetable protein, adenosine triphosphate, methylchloroisothiazolinone, methylisothiazolinone, triethylene glycol, propylène glycol, magnésium nitrate, magnésium chloride, amyl cinnamal, anise alcohol, benzyl salicylate, benzyl alcohol, citral, citronellol, coumarin, géraniol, linalool., 6 mois après ouverture.]|"
64,47€ / L"|"
9,67 €"
3619|Bronzage intense, pur monoï de tahiti, SPF 0.|Le flacon de 150ml|[Origine : FRANCE, L'huile hydrate la peau, intensifie le bronzage pour un effet radieux et satiné, enveloppe le corps du parfum délicat des îles lointaines., Sans indice de protection, cette huile convient aux peaux déjà bronzées ou mates. La surexposition au soleil est dangereuse. N'exposez pas les bébés et les jeunes enfants au soleil. Evitez l'exposition au soleil entre 12h et 16h. Le monoï de Tahiti se fige naturellement en dessous de 25°C., Cocos nucifera, gardenia tahitensis, parfum, paraffinum liquidum, oleoyl tyrosine, sorbitan isostearate, luffa cylindrica seed oil, oleic acid, nigella sativa seed oil, amyl cinnamal, benzyl alcohol, cinnamyl alcohol, eugenol, benzyl salicylate, geraniol, linalool, benzyl benzoate, hexyl cinnamal. Monoï 98,8%., 12 mois après ouverture.]|"
79,60€ / L"|"
11,94 €"
3620|Graisse à traire, bronzage & protection, monoï de tahiti, SPF 30.|La boîte de 150ml|[Origine : FRANCE, Bronzage & Protection, riche en véritable monoï de Tahiti et en filtres solaires de haute qualité, est dédié aux amoureux du bronzage en toute sérénité. La graisse à traire permet un bronzage naturel, protège la peau et enveloppe le corps du parfum délicat des îles lointaines., Protection moyenne. Convient aux peaux mates et aux peaux claires déjà hâlées. Appliquez le produit avant toute exposition au soleil. La surexposition au soleil est dangereuse. N'exposez pas les bébés et les jeunes enfants au soleil. Renouvelez fréquemment l'application pour maintenir la protection surtout après avoir transpiré, avoir nagé ou vous être essuyé. Evitez l'exposition au soleil entre 12h et 16h., Paraffinum liquidum, petrolatum, paraffin, ethylhexyl, methoxycinnamate, butyl methoxydibenzoylmethane, octocrylenes, cocos nucifera, gardenia tahitensis, parfum, amyl cinnamal, benzyl alcohol, cinnamyl alcohol, eugenol, benzyl salicylate, géraniol,linalool, benzyl benzoate, hexyl cinnamal. Monoï 1%., 6 mois après ouverture.]|"
52,13€ / L"|"
7,82 €"
3621|Autobronzant micro-diffusion pour le visage, extrait naturel d'abricot.|Le spray de 75ml|[Origine : FRANCE, Micro-diffusé en nuage ultra-léger, sa formule se dépose uniformément sur le visage pour un résultat naturel, sans traces. Pas besoin d'étaler, elle sèche immédiatement, et vous donne un hâle resplendissant., Dégager les cheveux du visage, fermer les yeux. Vaporiser directement sur votre visage en tenant le flacon à 40 cm. Faire un geste continu de gauche à droite de manière uniforme, vaporiser pendant 3 secondes environ. Essuyer les sourcils à l'aide d'un coton après application. Ne protège pas la peau contre les rayons du soleil. Récipient sous pression. Ne pas percer ou brûler même après usage. Ne pas vaporiser sur une flamme ou un corps incandescent. Conserver à l'écart de toute flamme ou sourced'étincelles ou d'ignition. Ne pas fumer. Conserver hors de la portée des enfants. Eviter de vaporiser sur une peau irritée, d'inhaler intentionnellement. Ne pas vaporiser dans les yeux. Ne pas utiliser pour un usage autre que celui pour lequel le produit est destiné. Ne pas utiliser dans une atmosphère confinée. Eviter le contact avec les tissus., Aqua/water, dimethyl ether, dihydroxyacetone, glycerin, propylene glycol, tocopherol, hydroxyisohexyl 3-cyclohexene carboxaldehyde, phenoxyethanol, peg-60 hydrogenated castor oil, limonene, linalool, benzyl salicylate, alpha-isomethyl ionone, geraniol, disodium edta, methylparaben, butylphenyl methylpropional, citronellol, citral, prunus armeniaca/apricot kernel oil, coumarin, parfum/fragrance, (FIL C26039/1)., A protéger contre les rayons solaires et à ne pas exposer à une température supérieure à 50°C.]|"
109,73€ / L"|"
8,23 €"
3622|Crème autobronzante, spéciale visage, extrait d'abricot, Medium, effet bonne mine instantané teint unifié, éclat longue durée.|Le tube de 50ml|[Origine : FRANCE, Sa texture légère et aérée vous donne un effet bonne mine sublime tout en facilitant l'application pour un résultat sans traces. Natural Bronzer associe un agent autobronzant et de l'extrait d'abricot d'origine naturelle pour révéler, en seulement quelques heures, un teint lumineux, naturellement hâlé qui dure 7 jours. Enrichie d'un puissant hydratant, d'extraits d'abricot nourrissants et de vitamine E antioxydante, elle laisse la peau douce et incroyablement confortable avec un délicieux parfumd'été., Exfolier la peau avant application. Appliquer de façon uniforme sur tout le visage. Estomper avec un coton tige au niveau des sourcils et de la limite des cheveux. Appliquer jusqu'à obtenir le hâle désiré. Se laver les mains après chaque application.Ne protège pas la peau contre les rayon du soleil. Eviter le contour des yeux. Eviter le contact avec les textiles. Si vous avez les cheveux blonds ou blancs, évitez d'appliquer sur les sourcils et les racines de cheveux., Aqua / water, glycerin, cetearyl alcohol, c 12 - 15 alkyl benzoate, dihydroxyacetone, alcohol denat, propylene glycol, dimethicone, cetearyl glucoside, prunus armeniaca kernel oil / apricot kernel oil , c i 77891 / titanium dioxide, ci 19140 / yellow5, ci 15510 / orange 4, ci 17200 / red 33, ci 61570 / green 5, tocopherol, mica, sodium polyacryloyldimethyl taurate, hydroxycitronellal , phenoxyethanol, tri c14-15 alkyl citrate, polysorbate 80, limonene, xanthan gum, linalool, benzyl salicylate ,benzyl alcohol , isohexadecane, caprylyl glycol, alpha-isomethyl ionone, sorbitan oleate, geraniol, disodium edta, butylphenyl methylpropional, citronellol, citral, coumarin, parfum / fragrance, (f.i.l. c162996/2)., 6 mois après ouverture.]|"
232,60€ / L"|"
11,63 €"
3623|Gel autobrozant teinté + nacres dorées, hâle naturel, séchage rapide.|Le tube de 150ml|[Origine : FRANCE, Sa formule teintée vous guide pour une application optimale : aucun recoin n'est oublié. Ses nacres dorées captent la lumière pour embellir immédiatement votre peau de reflets ensoleillés. Sa texture gel accélère le séchage et laisse une sensation agréable. En quelques heures à peine, un hâle naturel apparaît durablement., S'utilise tous les jours jusqu'au hâle souhaité puis une ou deux fois par semaine. Produit non destiné au visage. Se laver les mains après chaque application. Ne protège pas la peau contre les rayons du soleil. Eviter le contact avec les textiles., Aqua/water, alcohol denat, glycerin, propylene glycol, dihydroxyacetone, caramel, hydroxyethyl acrylates/sodium acryloyldimethyl taurate, copolymer, Cl 15985/yellow 6, Cl 77891/titanium dioxide, Cl 17200/red33, tocopherol, hydroxycitronellal, ppg-26-buteth-26, peg-40 hydrogenated castor oil, limonene, xanthan gum, synthetic fluorphlogopite, linalool, benzyl salicylate, benzyl alcohol, alpha-isomethyl ionone, geraniol, methylparaben, tetrasodium edta, butylphenyl methylpropional, citronellol, citral, prunus armeniaca kernel oil/apricot kernel oil, coumarin, parfum/fragrance, (FIL B49795/1)., 6 mois après ouverture.]|"
78,67€ / L"|"
11,80 €"
3624|Lait autobronzant hydratant 12h, extrait naturel d'abricot + vitamine E, hâle lumineux, naturel et uniforme, visage et corps|Le flacon de 150ml|[Origine : FRANCE, Hâle naturel et uniforme pour votre peau (corps et visage)., Appliquer uniformément sur le corps et le visage. Se laver les mains après chaque application. Ne protège pas contre les rayons du soleil. Ne pas appliquer trop près des yeux. Eviter le contact avec les textiles., Aqua/water, cyclopentasiloxane, glycerin, dihydroxyacetone, C12-15 alkyl benzoate, tri-C14-15 alkyl citrate, stearyl alcohol, glyceryl stearate, ceteareth-15, peg-100 stearate, dimethicone, prunus armeniaca/apricot kernel oil, Cl 15985/yellow 6, tocopherol, hydroxyisohexyl 3-cyclohexene carboxaldehyde, phenoxyethanol, ethylparaben, dimethiconol, limonene, linalool, benzyl salicylate, propylparaben, isobutylparaben, alpha-isomethylionone, geraniol, disodium EDTA, methylparaben, bht, butylparaben,butylphenyl methylpropional, citronellol, citral, coumarin, glycine soja/soybean oil, parfum/fragrance, (FI L C17617/2)., 6 mois après ouverture.]|"
77,53€ / L"|"
11,63 €"
3625|Lingettes auto-bronzantes visage, actif autobronzant d'origine végétale + extrait d'abricot, sans trace.|La pochette de 5,6ml|[Origine : FRANCE, La formule imprégnant la lingette contient un actif autobronzant d'origine végétale et un extrait naturel d'abricot. La lingette hydrate la peau et lui donne un joli hâle éclatant et naturel., Appliquer uniformément sur le visage en évitant la racine des cheveux et les sourcils. Se laver les mains après chaque application. S'utilise tous les jours jusqu'à obtention du hâle souhaité puis une ou deux fois par semaine. Ne protège pas la peaudes rayons du soleil. Ne pas appliquer trop près des yeux. En cas de contact avec les yeux, rincer immédiatement et abondamment. Eviter d'appliquer près des vêtements., Aqua / water, cyclohexasiloxane, cyclopentasiloxane, isononyl isononanoate, glycerin, dihydroxyacetone, beheneth-10, laureth-4, prunus armeniaca / apricot kernel oil, tocopherol, hydroxyisohexyl 3-cyclohexene carboxaldehyde, phenoxyethanol, ethylparaben, limonene, linalool, benzyl salicylate, propylparaben, isobutylparaben, alpha-isomethyl ionone, geraniol, potassium cetyl phosphate, methylparaben, butylparaben, butylphenyl methylpropional, citronellol, citral, coumarin, glycine soja / soybean oil, parfum / fragrance. (FIL C20967/1).]|"
1,36€ / Pce"|"
1,36 €"
3626|Spray autobronzant micro-diffusion, actif autobronzant d'origine végètale + extrait d'abricot.|Le spray de 150ml|[Origine : FRANCE, No Trace bronzeur associe des actifs autobronzants d'origine végétale et de l'extrait d'abricot qui donnent à votre peau un vrai hâle doré et naturel. Hâle lumineux, naturel et uniforme. Sèche rapidement. Application multi-positions. Sans trace., Vaporiser directement et uniformément sur la peau en faisant un geste continu et régulier et en tenant le flacon à 40 cm de la peau. Laisser sécher sans étaler. S'utilise tous les jours jusqu'à obtention du hâle souhaité puis une ou deux fois par semaine. Produit non destiné au visage. Ne protège pas la peau des rayons du soleil. En cas de contact avec les yeux, rincer immédiatement et abondamment. Se laver les mains après application en cas de contact avec le produit. Récipient sous pression. Ne pas percer ou brûler, même après usage. Ne pas vaporiser sur une flamme ou un corps incandescent. Conserver à l'écart de toute flamme ou source d'étincelles ou d'ignition. Ne pas fumer. Conserver hors de la portée des enfants. Eviter de vaporiser vers les yeux, ou sur une peau irritée, d'inhaler intentionnellement. Ne pas utiliser pour un usage autre que celui pour lequel le produit est destiné. Ne pas utiliser dans une atmosphère confinée. Eviter le contact avec les tissus., Aqua/water, dimethyl ether, dihydroxyacetone, glycerin, propylene glycol, tocopherol, hydroxyisohexyl 3-cyclohexene carboxaldehyde, phenoxyethanol, peg-60 hydrogenated castor oil, limonene, linalool, benzyl salicylate, alpha-isomethyl ionone, geraniol, disodium edta, methylparaben, butylphenyl methylpropional, citronellol, citral, prunus armeniaca kernel oil/apricot kernel oil, coumarin, parfum/fragrance. (F.I.L. C28308/1)., A protéger contre les rayons ne pas exposer à une température supérieure à 50 °C.]|"
81,67€ / L"|"
12,25 €"
3627|Baume monoï Tahiti, tiaré|Le pot de 100ml|[Origine : FRANCE, Délice sensuel inspiré des traditions de beauté de Tahité, le baume au Monoï Hei Poa est né de l'alliance pacifique entre le monoï de Tahiti AO, huile de fleur sacrée reconnue pour ses vertus nourrissantes et hydratantes et le beurre de karité réparateur. Appellation d'Origine : 49,9%., Pour une mise en beauté à la tahitienne : faire fondre une noisette de baume entre les mains, puis appliquer en massage doux sur le corps et les cheveux. Le monoï peut cristalliser selon la température de stockage, dans ce cas, réchauffer délicatement le beurre dans vos mains. Ne pas avaler., Cocos nucifera (coconut) oil, cera alba (beeswax), butyrospermum parkii (shea) butter, parfum (fragrance), glyceryl dibehenate, tribehenin, tocopheryl acetate, gardenia tahitensis flower extract, glyceryl behenate, tocopherol, benzyl salicylate, amylcinnamal, linalool, geraniol, citronellol, benzyl benzoate, limonene, farnesol, benzyl alcohol. Sans conservateur., Conserver à l'abri de la chaleur et de la lumière. A utiliser dans les 12 mois après ouverture.]|"
88,90€ / L"|"
8,89 €"
3628|Crème onctueuse hydratante pour le corps, nacrée, tiaré, monoï de Tahiti AO et beurre de mangue|Le tube de 200ml|[Origine : FRANCE, Profitez des bienfaits du Monoï de Tahiti au quotidien en vous enveloppant d'une caresse gourmande et délicieuse. Riche en monoï hydratant et nourrissant et en beurre de mangue reconnu pour son excellent pouvoir anti-desséchant, la Crème Onctueuse hydratante contient un extrait de noni, fruit utilisé depuis toujours en Polynésie pour le bien être du corps. Hydratée, sublimée et délicieusement parfumée au fleurs de Tiaré, votre peau est à croquer. Appellation d'Origine : 5%., Ne pas avaler., Aqua (water), cetyl palmitate, cyclopentasiloxane, cocos nucifera (coconut) oil, cetearyl alcohol, glycerin, isononyl isononanoate, isopropyl myristate, mangifera indica (mango) seed butter, parfum (fragrance), cetearyl glucoside, glyceryl stearate citrate, gardenia tahitensis flower extract, morinda citrifolia fruit extract, tocopheryl acetate, dimethicone, propylene glycol, hydroxyethyl acrylate/sodium acryloyldimethyl taurate copolymer, squalane dimethicone crosspolymer, calcium aluminum borosilicate, polysorbate 60, tocopherol, citric acid, sodium benzoate, potassium sorbate, silica, Cl77891 (titanium dioxide), Cl15985 (yellow 6), Cl1914 0 (yellow 5), tin oxide, benzyl salicylate, amyl cinnamal, linalool, geraniol, citronellol, benzyl benzoate, limonene, farnesol, benzyl alcohol. Sans paraben. Sans phenoxyethanol., Éviter l'exposition prolongée à la chaleur et à la lumière. A utiliser dans les 12 mois après ouverture.]|"
38,55€ / L"|"
7,71 €"
3629|Gel douche exfoliant, Monoî et sable noir de tahiti|Le tube de 150ml|[Origine : FRANCE, 2 en 1 : nettoie et exfolie en un seul geste., Une à deux fois par semaine, massez sur peau humide en insistant sur les zones rêches (coudes, genoux ). Rincez. Ne pas avaler. Eviter le contact avec les yeux. En cas de contact, rincer abondamment à l'eau claire., Aqua, sodium laureth sulfate, acrylates copolymer, calophyllum inophyllum shell powder, polyethylene cocamidopropyl betaine, disodium laureth sulfosuccinate sodium chloride, cocos nucifera (coconut) shell powder, peg-40 hydrogenated castor oil, triethanolamine, parfum, silica, cocos nucifera (coconut) oil, gardenia tahitensis flower extract, caprica papaya (papaya) leaf extract, propylene glycol, coco glucoside glyceryl oleate, tocopherol , hydrogenated palm glycerides citrate, citric acid, potassium sorbate, methylisothiazolinone, benzyl salicylate, amyl cinnamal, linalool, geraniol, citronellol. Sans paraben, sans phenoxyethanol., 12 mois après ouverture. Eviter l'exposition prolongée du produit à la chaleur et à la lumière.]|"
51,40€ / L"|"
7,71 €"
3630|Brume Sèche Corps Express Pro Sublime Bronze|Le spray de 150ml|[Origine : FRANCE, Découvrez la dernière technologie des laboratoires de l'Oréal Paris, inspirée par les techniques professionnelles, pour un résultat sans trace, alliée à une nouvelle génération de parfum. Un hâle si naturel, un parfum si frais : personne ne connaîtravotre secret., Exfolier préalablement votre corps. Pour votre confort, privilégier une application dans votre salle de bain, les pieds posés sur une serviette, qu'il conviendra de laver après. Vaporiser la brume sèche en continu en tenant le flacon à 40 cm de votrepeau. Si vous sentez un effet mouillé sur votre peau, c'est que vous tenez le flacon trop près. Pour les bras, commencer par la main en remontant vers l'épaule, puis procéder par mouvements circulaires sur le décolleté. Sur les jambes, procéder du bas vers le haut. La coloration de la peau apparait progressivement en quelques heures. Attendre le lendemain pour renouveler l'application. Extrêmement inflammable. Récipient sous pression. Ne pas percer ou brûler même après usage. Ne pas vaporiser vers une flamme ou un corps incandescent. Conserver à l'écart de toute flamme ou source d'étincelles. Ne pas fumer. Conserver hors de la portée des enfants. Eviter de vaporiser vers les yeux, ou sur une peau irritée et d'inhaler intentionnellement. Nepas utiliser pour un usage autre que celui pour lequel le produit est destiné. Ne pas utiliser dans une atmosphère confinée. Ne pas vaporiser sur le visage. Ne contient pas de filtres solaires, ne protège pas du soleil. Eviter le contact avec les textiles., Aqua/water, dimethyl ether, dihydroxyacetone, glycerin, propylene glycol, phenoxyethanol, peg-60 hydrogenated castor oil, limonene, linalool, disodium edta, methylparaben, citronellol, citral, coumarin, hexyl cinnamal, parfum/fragrance (FIL B37908/1)., A protéger contre les rayons solaires et à ne pas exposer à une température supérieure à 50°C.]|"
96,07€ / L"|"
14,41 €"
3631|Brume Sèche Visage Hâle Naturel Sublime Bronze|Le spray de 150ml|[Origine : FRANCE, Micro-diffusion uniforme sans étaler. Sans trace, anti-odeur d'autobronzant. Parfum fraîcheur., Appliquer sur une peau sèche et nettoyée, avant de vous habiller et avant votre soin quotidien. Fermer les yeux puis vaporiser en continu, en tenant le flacon à 30cm du visage et en effectuant des mouvements circulaires avec les mains. Sèche en un instant. Dégager les cheveux du visage. Essuyer avec 1 coton les sourcils et la racine des cheveux après application. Appliquer jusqu'à obtention du hâle désiré. Ne protège pas du soleil. Eviter le contact avec les textiles. Extrêmement inflammable. Récipient sous pression. Ne pas percer ou brûler même après usage. Ne pas vaporiser vers une flamme ou un corps incandescent. Conserver à l'écart de toute flamme ou source d'étincelles. Ne pas fumer. Conserver hors de la portée des enfants. Eviter de vaporiser vers les yeux, ou sur une peau irritée et d'inhaler intentionnellement. Ne pas utiliser pour un usage autre que celui pour lequel le produit est destiné. Ne pas utiliser dans une atmosphère confinée. En cas de contact avec les yeux, les rincer immédiatement et abondamment., Aqua/water, dimethyl ether, dihydroxyacetone, glycerin, propylene glycol, phenoxyethanol, peg-60 hydrogenated castor oil, methylparaben, disodium edta, limonene, hexyl cinnamal, linalool, citronellol, citral, coumarin, parfum/fragrance. (FIL B39086/1)., A protéger contre les rayons solaires et à ne pas exposer à une température supérieure à 50°C.]|"
186,67€ / L"|"
14,00 €"
3632|Lait Fondant Autobronzant Sublime Bronze|Le flacon de 150ml|[Origine : FRANCE, Beaucoup plus fluide qu'un lait classique, cette texture se disperse idéalement sur la peau pour une répartition ultra-homogène et uniforme. Un nouveau parfum frais et ensoleillé spécialement travaillé pour ce produit autobronzant pour une odeur plusagréable sur la peau. L'actif auto-bronzant Sublime Bronze recrée la couleur de la mélanine. Pour un résultat naturel et proche de votre bronzage ! Une peau hydratée pendant 12h., Répartir uniformément le lait sur une peau propre en évitant les sourcils et la racine des cheveux. Ne pas appliquer trop près des yeux. Bien se laver les mains après utilisation. Les premières couleurs apparaissent en quelques heures. S'utilise tousles jours jusqu'à l'obtention du hâle désiré puis 2 à 3 fois par semaine. Pour utiliser la totalité du produit, tapez le bas du flacon sur une surface plane pour faire redescendre le produit. Ne contient pas de filtres solaires. Ne protège pas du soleil. Ne pas appliquer trop près des yeux. Peut tâcher les vêtements., Aqua/water, glycerin, C12-15 alkyl benzoate, dihydroxyacetone, alcohol denat, propylene glycol, cyclohexasiloxane, ethylhexyl methoxycinnamate, cetyl alcohol, peg-100 stearate, glyceryl stearate, phenoxyethanol, sodium polyacryloyldimethyl taurate, mel/honey, dimethicone, tri-C14-15 alkyl citrate, tocopherol, methylparaben, xanthan gum, ethylparaben, disodium edta, polysorbate 80, linalool, benzyl salicylate, butylphenyl methylpropional, sorbitan oleate, hexyl cinnamal, hydroxycitronellal, citronellol, alpha-isomethyl ionone, coumarin, limonene, parfum/fragrance (FIL C28987/1)., 6 mois après ouverture.]|"
83,27€ / L"|"
12,49 €"
3633|Mousse Teintée Autobronzante Sublime Bronze|Le flacon de 150ml|[Origine : FRANCE, Un hâle sublime instantané, comme par magie ! Une mousse aérienne qui donne instantanément à votre peau le hâle sublime et naturel dont vous rêviez. Parfum léger et gourmand, séchage rapide, hâle longue durée., Exfolier la peau avant usage. Bien agiter avant emploi. Appliquer de manière uniforme sur le corps. L'effet bronzé instantané s'enlève au savon et à l'eau. La coloration longue durée de la peau apparaît progressivement en quelques heures. Utiliser quotidiennement jusqu'à l'obtention du hâle souhaité, puis 2 à 3 fois par semaine pour conserver votre hâle. Ne pas vaporiser près des yeux. Eviter le contact avec les textiles. Attention : ne contient pas de filtres solaires. Ne protège pas du soleil., Aqua/water, glycerin, dihydroxyacetone, caramel, peg-40 hydrogenated castor oil, phenoxyethanol, disodium laureth sulfosuccinate, capryl/capramidopropyl betaine, caprylyl glycol, mica, tocopherol, disodium edta, Cl 77891/titanium dioxide, Cl 15985/yellow 6, limonene, hexyl cinnamal, linalool, citronellol, Cl 17200/red 33, citral, coumarin, parfum/fragrance (FIL B49113/1)., 6 mois après ouverture.]|"
98,93€ / L"|"
14,84 €"
3634|Nutrition Ensoleillée Sublime Body|Le tube de 200ml|[Origine : FRANCE, Bronzée, votre peau n'est jamais aussi belle qu'en vacances. Les Laboratoires de L'Oréal ont mis au point un lait hydratant quotidien qui vous permet d'obtenir progressivement un hâle naturel, comme au retour des vacances. Enrichi en Hydralium , NUTRIBRONZE nourrit intensément la peau pour la protéger du dessèchement et l'hydrater pendant 24 h (mesure instrumentale sur 15 sujets). La formule, subtilement dosée en Soft-Bronzer, actif autobronzant, permet, jour après jour, d'obtenir un hâle naturel, uniforme., Appliquer une à deux fois par jour.  Se laver les mains après chaque utilisation. Ne pas appliquer sur le visage. Ne protège pas la peau contre les rayons du soleil., AQUA /WATER, GLYCERIN, PROPYLENE GLYCOL, CYCLOPENTASILOXANE, ISOHEXADECANE, PARAFFINUM LIQUIDUM /MINERAL, OIL, CYCLOHEXASILOXANE, CETEARETH-12, DIHYDROXYACETONE, BUTYROSPERMUM PARKII / SHEA BUTTER, GLYCINE SOJA / SOYBEAN OIL, CAPRYLIC / CAPRIC TRICLYCERIDE, GLYCERYL STEARATE, SODIUM, POLYACRYLOYL-DIMETHYL TAURATE, PHENOXYETHANOL, PEC-100 STEARATE, CETYL ALCOHOL, METHYLPARABEN, DIMETHICONOL, BENZYL SALICYLATE, POLYSORBATE 80, MICA TOCOPHEROL, ETHYLPARABEN, BUTYLPHENYL, METHYLPROPIONAL, PROPYLPARABEN, BUTYLPARABEN, SORBITAN OLEATE, ISOBUTYLPARABEN, Cl 77891 / TITANIUM DIOXIDE, BENZYL BENZOATE, STEARYL ALCOHOL, MYRISTYL ALCOHOL, LINALOOL, CITRONELLOL, EVERNIA FURFURACEA / TREEMOSS EXTRACT, EVERNIA PRUNASTRI / OAKMOSS EXTRACT, PARFUM / FRAGRANCE (FIL C25167/1).]|"
44,40€ / L"|"
8,88 €"
3635|Sérum autobronzant extraordinaire, visage et corps|Le flacon de 100ml|[Origine : FRANCE]|"
141,00€ / L"|"
14,10 €"
3636|Lait corps nourrissant, éclat soleil, peaux claires, huile d'abricot + karité|Le flacon pompe de 250ml|[Origine : FRANCE, Pour illuminer en douceur les peaux sèches, Mixa crée le Lait Corps Nourrissant Eclat Soleil.Il sublime les peaux sèches dès la 1ère application et leur apporte un hâle léger et naturel. Action nourrissante ensoleillante : le lait corps nourrissant effet soleil nourrit efficacement toutes les peaux, enrichie en micro-nacres, sa formule sublime et irise la peau. Subtilement dosé en agent bronzant, il ensoleille progressivement les peaux sèches, leur offrant un hâle léger, naturel et uniforme., Pratique à utiliser grâce à sa pompe doseuse, le Lait Eclat Soleil s'applique chaque jour, jusqu'à obtention du hâle désiré, puis tous les 2 jours. Sa formule, légère et non collante, pénètre instantanément sans laisser de film gras sur la peau.  Selaver les mains après chaque utilisation. Ne protège pas contre les rayons du soleil., Aqua/water, cyclopentasiloxane, C12-15 alkyl benzoate, glycerin, stearyl alcohol, sorbitol, glyceryl stearate, ceteareth-15, dihydroxyacetone, PEG-100 stearate, dimethicone, Cl15985/yellow 6, CL 77891/titanium dioxyde, linalool, geraniol, astaxanthine, sorbitan oleate, isobutylparaben, dimethiconol, elæis guineensis/palm oil, methylparaben, alpha-isomethyl ionone, sodium polyacryloyldimethyl taurate, haematococcus pluvialis/haematococcus pluvialis extract, rosmarinus officinalis/rosemary leaf extract, phenoxyethanol, prunus armeniaca/apricot kernel oil, prunus dulcis/sweet almond oil, limonene, tocopherol, propylparaben, hydroxyisohexyl 3-cyclohexene carboxaldehyde, citronellol, caprylic/capric triglyceride, synthetic fluorphlogopite, butyrospermum parkii / shea butter, polysorbate 80, ethylparaben, butylphenyl methylpropional, hexyl cinnamal, butylparaben, benzyl salicylate, benzyl benzoate, parfum/fragrance. (FIL C26497/1). Sans paraben., 6 mois après ouverture.]|"
27,68€ / L"|"
6,92 €"
3637|Lait corps nourrissant, effet soleil, peaux mates, huile d'abricot + karité, micro-nacres|Le flacon pompe de 250ml|[Origine : FRANCE, Pour illuminer en douceur les peaux sèches, Mixa créé le Lait Corps Nourrissant Effet Soleil, le 1er lait Mixa qui sublime les peaux sèches dès la 1ère application et leur apporte un hâle léger et naturel. Résultat : chaque jour, les peaux sèches sont efficacement nourries et sublimées. Progressivement, la peau rayonne d'un hâle naturel et subtil., Pratique à utiliser grâce à sa pompe doseuse, le Lait Effet Soleil s'applique chaque jour jusqu'à obtention du hâle désiré, puis tous les 2 jours. Sa formule, légère et non collante, pénètre instantanément sans laisser de films gras sur la peau.  Selaver les mains après chaque utilisation. Ne protège pas contre les rayons du soleil., sorbitan oleate, isobutylparaben, dimethiconol, elaeis guinensis, palm oil, eugenol, methylparaben, alpha-isomethyl ionone, sodium, polyacryloyldimethyl taurate, haematococcus pluvialis, haematococcus pluvialis extract, rosemarinus officinalis, rosmary leaf extract, phenoxyethanol, prunus armeniaca, apricot kernel oil, prunus dulcis/sweet almond oil, limonene, tocopherol, propylparaben, hydroxyisohexyl 3-cyclohexene carboxaldehyde, citronellol, caprylic/capric triglyceride, citral, synthetic fluorphlogopite, butyrospermum parkii, shea butter, polysorbate 80, ethylparaben, butylphenyl methylpropional, hexyl cinnamal, butylparaben, benzyl salicylate, benzyl benzoate, parfum/fragrance (FIL C27159/1)., A utiliser dans les 6 mois après ouverture.]|"
27,84€ / L"|"
6,96 €"
3638|Graisse à traire, bronzage intense, parfum des îles|Le pot de 150ml|[Origine : FRANCE]|"
43,87€ / L"|"
6,58 €"
3639|Après soleil, lait hydratant apaisant au concentré de cactus,|Le flacon de 20cl|[Origine : FRANCE, Sa formule qui apaise votre peau est enrichie en extrait de cactus qui agit comme un réservoir d'hydratation pour la peau. Douce et souple, elle retrouve tout son confort.Apaisée, votre peau est nourrie et hydratée pendant 12h. Non gras et non collant, très confortable, le Lait hydratant apaisant est facilement absorbé par la peau et la laisse discrètement parfumée., Appliquer quotidiennement sur une peau propre après chaque exposition., Aqua/water, cyclopentasiloxane, propylene glycol, glycerin, butyrospermum parkii butter/shea butter, isohexadecane, alcohol denat., hydrogenated polyisobutene, peg-2 stearate, talc, tocopherol, phenoxyethanol, stearic acid, peg-100 stearate, ethylparaben, triethanolamine, polysorbate 60, chlorphenesin, limonene, xanthan gum, linalool, propylparaben, isopropylparaben, carbomer, farnesol, sorbitol, geraniol, bisabolol, disodium edta, cetyl alcohol, methylparaben, butylparaben, citronellol, citral,aluminum starch octenylsuccinate, opuntia coccinellifera extract/opuntia coccinellifera flower extract, glyceryl stearate, parfum/fragrance. (F.I.L. B19028/4)., 12 mois après ouverture.]|"
42,50€ / L"|"
8,50 €"
3640|Après soleil, soin rafraîchissant hydratant 24h                  Texture sorbet, extrait de grenade et Aloe Vera|Le pot de 300ml|[Origine : FRANCE, Sa formule est enrichie en aloe vera apaisante et extrait de grenade hydratante. Votre peau est apaisée, douce et reste hydratée pendant 24h., Après chaque exposition au soleil, faites vous plaisir avec ce soin à la texture non grasse, non collante, qui s'absorbe immédiatement et laisse votre peau douce, hydratée et délicieusement parfumée, dans une agréable sensation de fraîcheur., Aqua/water, glycerin, alcohol denat, isopropyl palmitate, CI16035/red40, CI16170/yellow5, sodium acrylates crosspolymer-2, phenoxyethanol, silica, ammonium polyacryldimethyltauramide/ammonium, polyacryloyldimethyl taurate, limonene, punica granatum extract, aloe barbadensis/aloe barbadensis leaf juice, caprylyl glycol, butyrospermum parkii butter/shea butter, tetrasodium edta, parfum/fragrance (FIL B55624/1)., 12 mois après ouverture.]|"
32,57€ / L"|"
9,77 €"
3641|Lait après-soleil, sous la douche, rafraîchissant, au concombre.|Le flacon de 250ml|[Origine : FRANCE]|"
39,08€ / L"|"
9,77 €"
3642|Bandes dépilatoires de cire froide jambes.|Boîte de 40 bandes + 4 lingettes soin.|[Origine : ESPAGNE, Prêtes à l'emploi, les bandes de cire froide jambes permettent une épilation simple, rapide et efficace, même sur poils courts. Votre peau reste nette jusqu'à 4 semaines., Pour une efficacité optimale, les poils doivent mesurer entre 2 et 5mm de long. La peau doit être propre et parfaitement sèche, sans irritation ni traces de produits hydratants. Réchauffez entre les mains une bande double jusqu'à ce que la cire s'assouplisse et décollez lentement les deux bandes. Appliquez une des bandes sur la peau et lissez plusieurs fois dans le sens de la pousse du poil pour faire adhérer la cire. Sans attendre, tendez la peau d'une main et de l'autre, saisissez l'extrémitéde la bande et tirez d'un geste rapide dans le sens inverse de la pousse du poil en restant parallèle à la peau. Une même bande peut servir plusieurs fois, pour cela, pliez la en deux pour la réchauffer et suivez les indications de la première application. Ne pas appliquer plusieurs fois sur le même endroit afin d'éviter d'irriter la peau. Une fois l'épilation terminée, appliquez délicatement une lingette de soin pour éliminer les éventuelles traces de cire et pour laisser votre peau douce. Eviter tout contact avec les yeux et les muqueuses. Ne pas utiliser sur le visage. Utiliser uniquement sur les jambes et sur les bras. Si le produit s'utilise pour la première fois ou sur une nouvelle partie du corps, faire une touche d'essai sur une petite zone à épiler. Si aucune réaction désagréable n'est constatée après 24h, procéder à l'épilation. Ne pas utiliser sur les varices, grains de beauté, une peau altérée, irritée, brûlée par le soleil ou ayant déjà réagi à l'épilation à la cire. Ne co, Bandes de cire : triethylene glycol rosinate, glyceryl rosinate, cera microcristallina, parfum, vitis vinifera seed oil, tocopherol, calendula officinalis flower extract, helianthus annuus seed oil, CI 75810. Lingettes soin : paraffinum liquidum, helianthus annuus seed oil, calendula officinalis flower extract, tocopherol, guaiazulene, parfum., 24 mois après ouverture. Conserver les bandes en position horizontale.]|"
0,15€ / Pce"|"
5,86 €"
3643|Bandes dépilatoires de cire froide jambes.|La boîte de 20 bandes+4 lingettes soin|[Origine : ESPAGNE, Prêtes à l'emploi, les bandes de cire froide jambes Monoprix permettent une épilation simple, rapide et efficace, même sur poils courts (à partir de 2 mm). Enrichies en extrait de calendula et en huile de pépins de raisin, ces bandes sont adaptées àtous les types de peaux, même sensibles., Pour une efficacité optimale, les poils doivent mesurer entre 2 et 5 mm de long. La peau doit être propre et parfaitement sèche, sans irritations ni traces de produits hydratants (crèmes, huiles, etc.). Comment utiliser les bandes ? Réchauffez entreles mains une bande double jusqu'à ce que la cire s'assouplisse et décollez lentement les deux bandes. Appliquez une des bandes sur la peau et lissez plusieurs fois dans le sens de la pousse du poil pour faire adhérer la cire. Sans attendre, tendez la peau d'une main et de l'autre, saisissez l'extrémité de la bande et tirez d'un geste rapide dans le sens inverse de la pousse du poil en restant parallèle à la peau. Une même bande peut servir plusieurs fois, pour cela, pliez-la en deux (côté cire)pour la réchauffer et suivez les indications de la première application. Ne pas appliquer plusieurs fois sur le même endroit afin d'éviter d'irriter la peau. Pour apaiser la peau, appuyez avec la paume de la main sur la zone épilée. Comment éliminerles traces de cire ? Pendant l'épilation, enlevez les éventuels restes de cire en tapotant avec une bande usagée. Une fois l'épilation terminée, appliquez délicatement une lingette de soin post-épilation pour éliminer les éventuelles traces de cireet pour laisser votre peau douce. N'utilisez jamais d'eau ou d'alcool pour éliminer les restes de cire. Suivre le mode d'emploi. Eviter tout contact avec les yeux et les muqueuses. Ne pas utiliser sur le visage. Utiliser uniquement sur les jambes et, Bandes de cire : triethylene glycol rosinate, glyceryl rosinate, cera microcristallina, parfum, vitis vinifera seed oil, tocopherol, calendula officinalis flower extract, helianthus annuus seed oil, Cl 75810. Lingettes soin : paraffinum liquidum, helianthus annuus seed oil, calendula officinalis flower extract, tocopherol, guaiazulene, parfum., 24 mois après ouverture.]|"
0,24€ / Pce"|"
4,83 €"
3644|Bandes dépilatoires de cire froide maillot/aisselles.|La boite de 16 bandes + 4 Lingettes soin|[Origine : ESPAGNE, Prêtes à l'emploi, les bandes de cire froide maillot aisselles Monoprix permettent une épilation simple, rapide et efficace, même sur poils courts (à partir de 2 mm). De petites tailles, ces bandes sont idéales pour les zones sensibles du maillot etdes aisselles, pour une épilation longue durée jusqu'à 4 semaines. Enrichies en extrait de calendula et en huile de pépins de raisin, ces bandes sont adaptées à tous les types de peaux, même sensibles. Votre peau est douce et soyeuse., Pour une efficacité optimale, les poils doivent mesurer entre 2 et 5 mm de long. La peau doit être propre et parfaitement sèche, sans irritations ni traces de produits hydratants (crèmes, huiles, etc ). Réchauffez entre les mains une bande double jusqu'à ce que la cire s'assouplisse et décollez lentement les deux bandes. Appliquez une des bandes sur la peau et lissez plusieurs fois dans le sens de la pousse du poil pour faire adhérer la cire. Sans attendre, tendez la peau d'une main et de l'autre, saisissez l'extrémité de la bande et tirez d'un geste rapide vers le centre dans le sens inverse de la pousse du poil en restant parallèle à la peau. Une même bande peut servir plusieurs fois, pour cela, pliez-la en deux (côté cire) pour la réchauffer et suivez les indications de la première application. Ne pas appliquer plusieurs fois sur le même endroit afin d'éviter d'irriter la peau. Pour apaiser la peau, appuyez avec la paume de la main sur la zone épilée. Pendant l'épilation, enlevez les éventuels restes de cire en tapotant avec une bande usagée. Une fois l'épilation terminée, appliquez délicatement une lingette de soin post-épilation pour éliminer les éventuelles traces de cire et pour laisser votre peau douce. N'utilisez jamais d'eau ou d'alcool pour éliminer les restes de cire. Suivre le mode d'emploi. Eviter tout contact avec les yeux et les muqueuses. Ne pas utiliser sur le visage. Utiliser uniquement pour le maillot et les aisselles. Si le produit s'utilise pour la premi, Bandes de cire : triethylene glycol rosinate, glyceryl rosinate, cera microcristallina, parfum, vitis vinifera seed oil, tocopherol, calendula officinalis flower extract, helianthus annus seed oil, Cl 75810. Lingettes soin : paraffinum liquidum, helianthus annuus seed oil, calendula officinalis flower extract, tocopherol, guaiazulene, parfum., 24 mois après ouverture. En cas de température élevées (>30°C), mettre les bandes au réfrigérateur pendant 30 minutes avant de les utiliser. Conserver les bandes en position horizontale.]|"
0,30€ / Pce"|"
4,84 €"
3645|Bandes dépilatoires de cire froide visage.|La boite de 20 bandes+4 lingettes soins|[Origine : ESPAGNE, Prêtes à l'emploi, les bandes de cire froide spécial visage Monoprix permettent une épilation simple, rapide et efficace, même sur poils courts (à partir de 2 mm). De petites tailles, ces bandes sont idéales pour les petites zones et s'adaptent parfaitement au visage, pour une épilation longue durée jusqu'à 4 semaines. Enrichies en extrait de calendula et en huile de pépins de raisin, ces bandes sont adaptées à tous les types de peaux, même sensibles. Votre peau est douce et soyeuse., Pour une efficacité optimale, les poils doivent mesurer entre 2 et 5 mm de long. La peau doit être propre et parfaitement sèche, sans irritations ni traces de produits hydratants (crèmes, huiles, etc ). Réchauffez entre les mains une bande double jusqu'à ce que la cire s'assouplisse et décollez lentement les deux bandes. Appliquez une des bandes sur la peau et lissez plusieurs fois dans le sens de la pousse du poil pour faire adhérer la cire. Traitez chaque côté de la lèvre séparément. Appliquezune bande sur la moitié de la lèvre supérieure du centre vers le coin. Sans attendre, tendez la peau d'une main et de l'autre, saisissez l'extrémité de la bande et tirez d'un geste rapide vers le centre dans le sens inverse de la pousse du poil en restant parallèle à la peau. Répétez l'opération sur l'autre côté de la lèvre. Une même bande peut servir plusieurs fois, pour cela, pliez-la en deux (côté cire) pour la réchauffer et suivez les indications de la première application. Ne pas appliquerplusieurs fois sur le même endroit afin d'éviter d'irriter la peau. Pour apaiser la peau, appuyez avec la paume de la main sur la zone épilée. Pendant l'épilation, enlevez les éventuels restes de cire en tapotant avec une bande usagée. Une fois l'épilation terminée, appliquez délicatement une lingette de soin post-épilation pour éliminer les éventuelles traces de cire et pour laisser votre peau douce. N'utilisez jamais d'eau ou d'alcool pour éliminer les restes de cire. Suivre le mode d'emploi., Bandes de cire : triethylene glycol rosinate, glyceryl rosinate, cera microcristallina, parfum, vitis vinifera seed oil, tocopherol, calendula officinalis flower extract, helianthus annus seed oil, Cl 75810. Lingettes soin : paraffinum liquidum, helianthus annuus seed oil, calendula officinalis flower extract, tocopherol, guaiazulene, parfum., 24 mois après ouverture. En cas de température élevées (>30°C), mettre les bandes au réfrigérateur pendant 30 minutes avant de les utiliser. Conserver les bandes en position horizontale.]|"
0,23€ / Pce"|"
4,56 €"
3646|Cire déplilatoire, méthode orientale, aux huiles essentielles, d'ylang-ylang et d'orange douce, s'utilise avec bandes.|Le pot de 250ml+12 bandes non-tissées|[Origine : ESPAGNE, Efficace même sur poils courts (5 mm), sa formule à base de sucre contient des huiles essentielles d'ylang-ylang et d'orange douce., Cet étui contient les éléments nécessaires pour 2 épilations des demi-jambes. Conçue pour une utilisation sur les jambes, les bras, les aisselles et le maillot, la cire chaude méthode orientale Monoprix s'applique en fine couche grâce à sa spatule etse retire facilement à l'aide de ses bandes réutilisables. En quelques minutes vous obtenez une peau douce et nette, jusqu'à 4 semaines pour une épilation longue durée. Pratique et simple d'utilisation, elle se chauffe au micro-ondes ou au bain-marie, directement dans son pot, après avoir retiré le couvercle et l'opercule. Un rinçage à l'eau tiède permet d'éliminer les éventuelles traces de cire après épilation., Sucrose, aqua, citric acid, parfum, cananga odorata flower oil, citrus aurantium dulcis peel oil., 24 mois après ouverture.]|"
22,40€ / L"|"
5,60 €"
3647|Recharge de bandes non-tissées pour cire chaude.|boite de 2 recharges de 12 bandes|[Origine : ESPAGNE, Lavables et réutilisables, les bandes en non-tissé Monoprix sont le complément idéal pour les cires dépilatoires chaudes méthode orientale., Appliquez la bande sur la couche de cire en laissant une marge sans cire d'au moins 1 cm pour faciliter le retrait. Lissez fermement 5 secondes dans le sens de la pousse du poil. Immédiatement après, tendez la peau avec une main et de l'autre, retirez la bande d'un geste sec et rapide en tirant dans le sens contraire de la pousse du poil, le plus parallèlement possible à la peau. Pendant la séance d'épilation, une même bande peut être utilisée plusieurs fois de suite tant qu'elle n'est pas saturée de cire. Retirez les éventuelles traces de cire en tapotant celles-ci avec le dos d'une bande usagée. Les bandes peuvent être réutilisées pour les prochaines séances d'épilation après avoir été lavées à la main et à l'eau tiède puis séchées. Suivre attentivement le mode d'emploi et les précautions d'emploi de la cire dépilatoire utilisée. Respecter les temps de chauffe des cires et faire une touche d'essai pour éviter les brûlures.]|"
0,13€ / Pce"|"
3,17 €"
3648|Bandes de cire froide bio, prêtes à l'emploi, hypoallergéniques, aloe vera & cire d'abeille, aisselles & maillot.|La boîte de 20 bandes|[Origine : FRANCE, Enrichie en cire d'abeille bio et en aloe vera bio hydratant et apaisant, sans parfum et sans paraben pour minimiser les réactions cutanées et respecter les peaux les plus sensibles. Une formule exclusive et un format qui s'adapte parfaitement aux zones sensibles (aisselles, maillot), une efficacité poils courts et des résultats durables pour une peau douce jusqu'à 4 semaines., Frotter la double bande entre les mains pour réchauffer la cire. Séparer doucement les 2 feuillets pour obtenir 2 bandes prêts à l'emploi. Appliquer la bande sur la zone à épiler en massant fermement dans le sens de la pousse du poil. Tendre la peaud'une main et de l'autre, retirer la bande d'un geste vif, parallèlement à la peau et dans le sens inverse de la pousse du poil. Une même bande peut être utilisées plusieurs fois jusqu'à ce qu'elle ne colle plus. Appliquer le soin après épilation à l'huile d'amande douce bio pour éliminer les éventuels résidus de cire. Respecter le mode d'emploi. Ne pas utiliser pour un autre usage que celui indiqué. Procéder à un test de sensibilité avant utilisation. Des rougeurs pourront apparaître après épilation, elles disparaîtront rapidement. Epiler toujours sur une peau propre, sèche et non irritée. Ne pas avaler. Tenir hors de portée des enfants., Cire : propanediol rosinate, glyceryl rosinate, cera alba*, helianthus annuus seed oil*, aloe barbadensis leaf extract*. *Ingrédients issus de l'agriculture biologique. Contient de la cire d'abeille et de l'aloe vera biologiques. Soin : isopropyl myristate, prunus amygdalus dulcis oil*, parfum, citral, limonene, linalool. *Ingrédients issus de l'agriculture biologique. Contient de l'huile d'amande douce biologique.]|"
0,34€ / Pce"|"
6,72 €"
3649|Bandes de cire froide bio, prêtes à l'emploi, hypoallergéniques, aloe vera & cire d'abeille, aisselles & maillot.|La boîte de 20 bandes|[Origine : FRANCE, Enrichie en cire d'abeille bio et en aloe vera bio hydratant et apaisant, sans parfum et sans paraben pour minimiser les réactions cutanées et respecter les peaux les plus sensibles. Une formule exclusive et un format qui s'adapte parfaitement aux zones sensibles (aisselles, maillot), une efficacité poils courts et des résultats durables pour une peau douce jusqu'à 4 semaines., Frotter la double bande entre les mains pour réchauffer la cire. Séparer doucement les 2 feuillets pour obtenir 2 bandes prêts à l'emploi. Appliquer la bande sur la zone à épiler en massant fermement dans le sens de la pousse du poil. Tendre la peaud'une main et de l'autre, retirer la bande d'un geste vif, parallèlement à la peau et dans le sens inverse de la pousse du poil. Une même bande peut être utilisées plusieurs fois jusqu'à ce qu'elle ne colle plus. Appliquer le soin après épilation à l'huile d'amande douce bio pour éliminer les éventuels résidus de cire. Respecter le mode d'emploi. Ne pas utiliser pour un autre usage que celui indiqué. Procéder à un test de sensibilité avant utilisation. Des rougeurs pourront apparaître après épilation, elles disparaîtront rapidement. Epiler toujours sur une peau propre, sèche et non irritée. Ne pas avaler. Tenir hors de portée des enfants., Cire : propanediol rosinate, glyceryl rosinate, cera alba*, helianthus annuus seed oil*, aloe barbadensis leaf extract*. *Ingrédients issus de l'agriculture biologique. Contient de la cire d'abeille et de l'aloe vera biologiques. Soin : isopropyl myristate, prunus amygdalus dulcis oil*, parfum, citral, limonene, linalool. *Ingrédients issus de l'agriculture biologique. Contient de l'huile d'amande douce biologique.]|"
0,34€ / Pce"|"
6,72 €"
3650|Bandes de cire froide pour corps, prêtes à l'emploi, hypoallergéniques, aloe vera & cire d'abeille bio.|La boîte de 20 bandes de cire froide|[Origine : FRANCE, Formule exclusive, efficace sur les poils courts et des résultats durables pour une peau douce jusqu'à 4 semaines. Bandes prêtes à l'emploi pour une utilisation express., Frotter la double bande entre les mains pour réchauffer la cire. Séparer doucement les 2 feuillets pour obtenir 2 bandes prêtes à l'emploi. Appliquer la bande sur la zone à épiler en massant, fermement dans le sens de la pousse du poil. Tendre la peau d'une main et de l'autre, retirer la bande d'un geste vif, parallèlement à la peau et dans le sens inverse de la pousse du poil. Une même bande peut être utilisée plusieurs fois jusqu'à ce qu'elle ne colle plus. Appliquer le soin après épilation àl'huile d'amande douce bio pour éliminer les éventuels résidus de cire. Ne pas utiliser pour un autre usage que celui indiqué. Procéder à un test de sensibilité avant utilisation. Des rougeurs pourront apparaître après l'épilation, elles disparaîtront rapidement. Epiler toujours une peau propre, sèche et non irritée. Ne pas avaler. Tenir hors de la portée des enfants., Cire : propanediol rosinate, glyceryl rosinate, cera alba*, helianthus annuus seed oil*, aloe barbadensis leaf extract*. *Ingrédients issus de l'agriculture biologique. Contient de la cire d'abeille et de l'aloe vera biologiques. 100% du total des ingrédients sont d'origine naturelle. 20,4% du total des ingrédients sont issus de l'agriculture biologique.  Soin : isopropyl myristate, prunus amygdalus dulcis oil*, parfum, citral, limonene, linalool. *Ingrédients issus de l'agriculture biologique.100% du total des ingrédients sont d'origine naturelle. 10% du total des ingrédients sont issus de l'agriculture biologique.]|"
0,41€ / Pce"|"
8,23 €"
3651|Bandes de cire froide pour corps, prêtes à l'emploi, hypoallergéniques, aloe vera & cire d'abeille bio.|La boîte de 20 bandes de cire froide|[Origine : FRANCE, Formule exclusive, efficace sur les poils courts et des résultats durables pour une peau douce jusqu'à 4 semaines. Bandes prêtes à l'emploi pour une utilisation express., Frotter la double bande entre les mains pour réchauffer la cire. Séparer doucement les 2 feuillets pour obtenir 2 bandes prêtes à l'emploi. Appliquer la bande sur la zone à épiler en massant, fermement dans le sens de la pousse du poil. Tendre la peau d'une main et de l'autre, retirer la bande d'un geste vif, parallèlement à la peau et dans le sens inverse de la pousse du poil. Une même bande peut être utilisée plusieurs fois jusqu'à ce qu'elle ne colle plus. Appliquer le soin après épilation àl'huile d'amande douce bio pour éliminer les éventuels résidus de cire. Ne pas utiliser pour un autre usage que celui indiqué. Procéder à un test de sensibilité avant utilisation. Des rougeurs pourront apparaître après l'épilation, elles disparaîtront rapidement. Epiler toujours une peau propre, sèche et non irritée. Ne pas avaler. Tenir hors de la portée des enfants., Cire : propanediol rosinate, glyceryl rosinate, cera alba*, helianthus annuus seed oil*, aloe barbadensis leaf extract*. *Ingrédients issus de l'agriculture biologique. Contient de la cire d'abeille et de l'aloe vera biologiques. 100% du total des ingrédients sont d'origine naturelle. 20,4% du total des ingrédients sont issus de l'agriculture biologique.  Soin : isopropyl myristate, prunus amygdalus dulcis oil*, parfum, citral, limonene, linalool. *Ingrédients issus de l'agriculture biologique.100% du total des ingrédients sont d'origine naturelle. 10% du total des ingrédients sont issus de l'agriculture biologique.]|"
0,41€ / Pce"|"
8,23 €"
3652|Cire orientale bio petites zones, sourcils, lèvre supérieure, retouches.|Le tube de 15ml|[Origine : FRANCE, Grâce à son applicateur précision, cette cire basse température est spécialement conçue pour une épilation facile, efficace et en toute sécurité des duvets et petites zones., Sucrose*, aqua, citrus medica limonium juice*, cananga odorata oil*, parfum. *Ingrédients issus de l'agriculture biologique., 9 mois après ouverture.]|"
617,33€ / L"|"
9,26 €"
3653|Cire orientale bio petites zones, sourcils, lèvre supérieure, retouches.|Le tube de 15ml|[Origine : FRANCE, Grâce à son applicateur précision, cette cire basse température est spécialement conçue pour une épilation facile, efficace et en toute sécurité des duvets et petites zones., Sucrose*, aqua, citrus medica limonium juice*, cananga odorata oil*, parfum. *Ingrédients issus de l'agriculture biologique., 9 mois après ouverture.]|"
617,33€ / L"|"
9,26 €"
3654|Cire royale, innovation, la 1ère cire sans bandes, 100% naturelle, labélisée bio.|Le pot de 100g|[Origine : FRANCE, Sa formule à base de résine de pin naturelle garantit une efficacité sur poils courts et des résultats professionnels jusqu'à 4 semaines. Idéale pour une épilation complète des zones sensibles (aisselles, maillot, visage)., Elle se chauffe rapidement au micro-ondes (2 min), s'applique facilement en couche fine et se retire sans bandes. Lire attentivement le mode d'emploi. Ne pas utiliser pour un autre usage que celui indiqué. Chauffer uniquement au micro-ondes. Une ciresurchauffée peut provoquer des brûlures. Bien respecter la durée de chauffage et les temps de pause. Avant d'utiliser ce produit, toujours tester la réaction de votre peau en appliquant la cire sur une petite partie de la zone à épiler. Ne pas utiliser sur une peau irritée ou fragilisée. Eviter tout contact avec les yeux ou les muqueuses. Ne pas avaler. Cire non rinçable à l'eau. A conserver hors de la portée des enfants., Glyceryl rosinate, cera alba*, ricinus communis oil, helianthus annuus seed oil*, lilium, candidum bulb extract*. *ingrédients issus de l'agriculture biologique. Contient un extrait de lys blanc biologique et de la cire d'abeille biologique.]|"
61,60€ / Kg"|"
6,16 €"
3655|Cire royale, innovation, la 1ère cire sans bandes, 100% naturelle, labélisée bio.|Le pot de 100g|[Origine : FRANCE, Sa formule à base de résine de pin naturelle garantit une efficacité sur poils courts et des résultats professionnels jusqu'à 4 semaines. Idéale pour une épilation complète des zones sensibles (aisselles, maillot, visage)., Elle se chauffe rapidement au micro-ondes (2 min), s'applique facilement en couche fine et se retire sans bandes. Lire attentivement le mode d'emploi. Ne pas utiliser pour un autre usage que celui indiqué. Chauffer uniquement au micro-ondes. Une ciresurchauffée peut provoquer des brûlures. Bien respecter la durée de chauffage et les temps de pause. Avant d'utiliser ce produit, toujours tester la réaction de votre peau en appliquant la cire sur une petite partie de la zone à épiler. Ne pas utiliser sur une peau irritée ou fragilisée. Eviter tout contact avec les yeux ou les muqueuses. Ne pas avaler. Cire non rinçable à l'eau. A conserver hors de la portée des enfants., Glyceryl rosinate, cera alba*, ricinus communis oil, helianthus annuus seed oil*, lilium, candidum bulb extract*. *ingrédients issus de l'agriculture biologique. Contient un extrait de lys blanc biologique et de la cire d'abeille biologique.]|"
61,60€ / Kg"|"
6,16 €"
3656|Kit epilation complet, bandes assorties, prêtes à l'emploi,      hypoallergéniques.|La boîte de 32 bandes assorties|[Origine : FRANCE, Cet étui contient : 10 bandes corps. 10 bandes aisselles & maillot. 4 bandes visage. 8 bandes sourcils + 1 soin après épilation. Format 4 en 1 : kit pratique et nomade, parfait pour une épilation complète. Une formule exclusive, efficace sur les poils courts pour une peau douce jusqu'à 4 semaines., Frotter la double bande entre les mains pour réchauffer la cire. Séparer doucement les 2 feuillets pour obtenir 2 bandes prêtes à l'emploi. Appliquer la bande sur la zone à épiler en massant fermement dans le sens de la pousse du poil. Tendre la peaud'une main, et de l'autre, retirer la bande d'un geste vif, parallèlement à la peau et dans le sens inverse de la pousse du poil. Une même bande peut être utilisée plusieurs fois jusqu'à ce qu'elle ne colle plus. Appliquer le soin après épilation àl'huile d'amande douce bio pour éliminer les éventuels résidus de cire. Avant toute première utilisation, faire un essai sur une partie limitée de la zone à épiler. Si aucune réaction désagréable n'est constatée après 24 heures commencer l'épilation.Eviter tout contact avec les yeux. Ne pas avaler. Ne pas utiliser pour un autre usage que celui indiqué. A tenir hors de portée des enfants. Appliquer sur une peau propre, sèche et saine. Ne pas utiliser sur une peau irritée, boutonneuse, sur les varices, cicatrices et grains de beauté ou en cas d'antécédents de réactions aux bandes dépilatoires. Ne pas appliquer sur les muqueuses. Au cours de la même séance d'épilation, il est recommandé de ne pas appliquer la cire plus de deux fois sur la même zone. Ne pas appliquer dans les 24 h avant et après une longue exposition au soleil ou après un bain chaud. Attendre 24 h avant d'utiliser un savon ou un produit à base d'alcool (parfum, déodorant )., Cire : glyceryl rosinate, ricinus communis seed oil, cera alba*, argania spinosa kernel oil*, helianthus annuus seed oil*, aloe barbadensis leaf extract*. *Ingrédients issus de l'agriculture biologique. 100% du total des ingrédients sont d'origine naturelle. Soin : isopropyl myristate, prunus amygdalus dulcis oil*, parfum. *Ingrédients issus de l'agriculture biologique. Contient de l'huile d'amande douce biologique. 100% du total des ingrédients sont d'origine naturelle., A conserver à l'abri de la chaleur et de l'humidité.]|"
12,45€ / Pce"|"
12,45 €"
3657|Kit epilation complet, bandes assorties, prêtes à l'emploi,      hypoallergéniques.|La boîte de 32 bandes assorties|[Origine : FRANCE, Cet étui contient : 10 bandes corps. 10 bandes aisselles & maillot. 4 bandes visage. 8 bandes sourcils + 1 soin après épilation. Format 4 en 1 : kit pratique et nomade, parfait pour une épilation complète. Une formule exclusive, efficace sur les poils courts pour une peau douce jusqu'à 4 semaines., Frotter la double bande entre les mains pour réchauffer la cire. Séparer doucement les 2 feuillets pour obtenir 2 bandes prêtes à l'emploi. Appliquer la bande sur la zone à épiler en massant fermement dans le sens de la pousse du poil. Tendre la peaud'une main, et de l'autre, retirer la bande d'un geste vif, parallèlement à la peau et dans le sens inverse de la pousse du poil. Une même bande peut être utilisée plusieurs fois jusqu'à ce qu'elle ne colle plus. Appliquer le soin après épilation àl'huile d'amande douce bio pour éliminer les éventuels résidus de cire. Avant toute première utilisation, faire un essai sur une partie limitée de la zone à épiler. Si aucune réaction désagréable n'est constatée après 24 heures commencer l'épilation.Eviter tout contact avec les yeux. Ne pas avaler. Ne pas utiliser pour un autre usage que celui indiqué. A tenir hors de portée des enfants. Appliquer sur une peau propre, sèche et saine. Ne pas utiliser sur une peau irritée, boutonneuse, sur les varices, cicatrices et grains de beauté ou en cas d'antécédents de réactions aux bandes dépilatoires. Ne pas appliquer sur les muqueuses. Au cours de la même séance d'épilation, il est recommandé de ne pas appliquer la cire plus de deux fois sur la même zone. Ne pas appliquer dans les 24 h avant et après une longue exposition au soleil ou après un bain chaud. Attendre 24 h avant d'utiliser un savon ou un produit à base d'alcool (parfum, déodorant )., Cire : glyceryl rosinate, ricinus communis seed oil, cera alba*, argania spinosa kernel oil*, helianthus annuus seed oil*, aloe barbadensis leaf extract*. *Ingrédients issus de l'agriculture biologique. 100% du total des ingrédients sont d'origine naturelle. Soin : isopropyl myristate, prunus amygdalus dulcis oil*, parfum. *Ingrédients issus de l'agriculture biologique. Contient de l'huile d'amande douce biologique. 100% du total des ingrédients sont d'origine naturelle., A conserver à l'abri de la chaleur et de l'humidité.]|"
12,45€ / Pce"|"
12,45 €"
3658|Roll on cire orientale, bio, fleur d'ylang & sucre de canne, pourcorps.|Roll on 100ml|[Origine : FRANCE, Cette formule haute performance élimine le poil et sa racine pour un résultat impeccable. Le roll on permet d'appliquer des bandes régulières de cire facilement., Glucose, glycerin, sucrose*/**, citric acid, anthemis nobilis flower water**, parfum. * Ingrédients issus de l'agriculture biologique. ** Ingrédients issus du commerce équitable. 100% du total des ingrédients sont d'origine naturelle, 13% du total des ingrédients sont issus de l'agriculture biologique.]|"
102,40€ / L"|"
10,24 €"
3659|Roll on cire orientale, bio, fleur d'ylang & sucre de canne, pourcorps.|Roll on 100ml|[Origine : FRANCE, Cette formule haute performance élimine le poil et sa racine pour un résultat impeccable. Le roll on permet d'appliquer des bandes régulières de cire facilement., Glucose, glycerin, sucrose*/**, citric acid, anthemis nobilis flower water**, parfum. * Ingrédients issus de l'agriculture biologique. ** Ingrédients issus du commerce équitable. 100% du total des ingrédients sont d'origine naturelle, 13% du total des ingrédients sont issus de l'agriculture biologique.]|"
102,40€ / L"|"
10,24 €"
3660|Bandes épilatoires corps, peaux sensibles|Le paquet de 36 bandes|[Origine : FRANCE, Une épilation douce, simple, en 2 gestes faciles. Les Bandes épilatoires Jolen éliminent rapidement et en douceur les poils, en profondeur, avec la racine, pour un résultat longue durée. A usage unique, les Bandes Jolen peuvent s'utiliser en retoucheexpress sans laisser aucuns résidus sur la peau., Lire attentivement la notice intérieure avant utilisation. Sur la peau propre et saine, détacher la bande de son support et appliquer en lissant dans le sens d'implantation du poil. Maintenir la peau tendue et retirer immédiatement la bande d'un coupsec parallèlement à la zone épilée, dans le sens inverse de la pousse du poil. Pour éviter que la cire ne colle trop à la peau, vous pouvez talquer la zone à épiler. Ne pas avaler. Ne pas utiliser sur la peau lésée ou irritée, les varices, les peauxacnéiques ou les grains de beauté. Ne convient pas aux diabétiques., Styrene/isoprene copolymer, C3-C6 hydrocarbon resin, pentaerythrityl rosinate, dicaprylilthiotriazinylamino di t-butylphenol, tris (nonylphenyl) phosphite, phosphorous acid dinonylphenyl bis (nonylphenyl) ester, triisopropanolamine. Sans paraben.]|"
0,25€ / Pce"|"
8,85 €"
3661|Bandes épilatoires visage, peaux sensibles|Le paquet de 16 bandes|[Origine : FRANCE, Une épilation douce, simple, en 2 gestes faciles. Les Bandes épilatoires Jolen éliminent rapidement et en douceur les poils et duvets disgracieux sur le visage pour un résultat longue durée. A usage unique, les Bandes Jolen peuvent s'utiliser en retouche express sans laisser aucuns résidus sur la peau., Lire attentivement la notice intérieure avant utilisation. Sur la peau propre et saine, détacher la bande de son support et appliquer en lissant dans le sens d'implantation du poil. Maintenir la peau tendue et retirer immédiatement la bande d'un coupsec parallèlement à la zone épilée, dans le sens inverse de la pousse du poil. Pour éviter que la cire ne colle trop à la peau, vous pouvez talquer la zone à épiler. Ne pas avaler. Ne pas utiliser sur la peau lésée ou irritée, les varices, les peauxacnéiques ou les grains de beauté. Ne convient pas aux diabétiques., Styrene/isoprene copolymer, C3-C6 hydrocarbon resin, pentaerythrityl rosinate, dicaprylilthiotriazinylamino di t-butylphenol, tris (nonylphenyl) phosphite, phosphorous acid dinonylphenyl bis (nonylphenyl) ester, triisopropanolamine. Sans paraben.]|"
0,35€ / Pce"|"
5,61 €"
3662|Bandes de cire froide aisselles & maillot aux extraits de        coton apaisants, peaux sencibles|La boîte de 16 bandes|[Origine : FRANCE, Parce que la peau est souvent réactive aux agressions extérieures, Laurence Dumont Haute Tolérance a créé les bandes aisselles/maillot hypoallergéniques. Sans colophane et sans paraben, elles sont formulées pour minimiser les risques d'allergie et respectent les épidermes les plus sensibles. Pour encore plus de douceur, elles sont enrichies en : huile de coton et aloe vera. Avec leur texture adhérente, les bandes vous garantissent un arrachage efficace, même sur les poils les plus courts. Les poils sont éliminés avec la racine, votre peau est plus douce, plus longtemps., Frotter la bande pendant 15 secondes entre vos mains. Séparer lentement le feuillet en deux. Appliquer la bande dans le sens du poil et lisser plusieurs fois. Retirer la bande d'un geste vif dans le sens inverse de la pousse du poil, en tendant bienla peau. Renouveler l'opération jusqu'à saturation de la bande. Appliquer la lingette à l'huile de coton pour éliminer les résidus de cire. Suivre attentivement le mode d'emploi. Avant la première utilisation, faire un essai sur une zone limitée de la partie à épiler. Si au bout de 24h aucune réaction désagréable n'est constatée, l'épilation peut avoir lieu. Ne pas utiliser pour un autre usage que celui indiqué. Utiliser sur une peau parfaitement propre, sèche et saine. Ne pas utiliser sur une peau irritée, lésée (boutons, coups de soleil ). Ne pas utiliser après un bain et ne pas s'exposer au soleil dans les heures qui suivent l'épilation. Eviter tout contact avec les yeux. Tenir hors de portée des enfants. En cas de forte température (au-delà de 30°), mettre les bandes au frigo un court instant avant de les utiliser., Bandes : hydrogenated polycyclopentadiene, paraffinum liquidum, cera microcristallina, titanium dioxide, aloe barbadensis leaf extract, gossypium oil, mica. Lingettes : paraffinum liquidum, gossypium herbaceum (cotton) seed oil, bisabolol, parfum. Sans paraben. Sans phenoxyethanol. Sans allergènes.]|"
0,35€ / Pce"|"
5,55 €"
3663|Bandes de cire froide hypoallergéniques visage                   aux extraits de coton apaisants, peaux sencibles|La boîte de 20 bandes|[Origine : FRANCE, Parce que la peau est souvent réactive aux agressions extérieures, Laurence Dumont Haute Tolérance a créé les bandes visage hypoallergéniques. Sans colophane et sans paraben, elles sont formulées pour minimiser les risques d'allergie et respectent les épidermes les plus sensibles. Pour encore plus de douceur, elles sont enrichies en : huile de coton et aloe vera. Avec leur texture adhérente, les bandes vous garantissent un arrachage efficace, même sur les poils les plus courts. Les poils sont éliminés avec la racine, votre peau est plus douce, plus longtemps., Frotter la bande pendant 15 secondes entre vos mains. Séparer lentement le feuillet en deux. Appliquer la bande dans le sens du poil et lisser plusieurs fois. Retirer la bande d'un geste vif dans le sens inverse de la pousse du poil, en tendant bienla peau. Renouveler l'opération jusqu'à saturation de la bande. Appliquer la lingette à l'huile de coton pour éliminer les résidus de cire. Suivre attentivement le mode d'emploi. Avant la première utilisation, faire un essai sur une zone limitée de la partie à épiler. Si au bout de 24h aucune réaction désagréable n'est constatée, l'épilation peut avoir lieu. Ne pas utiliser pour un autre usage que celui indiqué. Utiliser sur une peau parfaitement propre, sèche et saine. Ne pas utiliser sur une peau irritée, lésée (boutons, coups de soleil ). Ne pas utiliser après un bain et ne pas s'exposer au soleil dans les heures qui suivent l'épilation. Eviter tout contact avec les yeux. Tenir hors de portée des enfants. En cas de forte température (au-delà de 30°), mettre les bandes au frigo un court instant avant de les utiliser., Bandes : hydrogenated polycyclopentadiene, paraffinum liquidum, cera microcristallina, titanium dioxide, aloe barbadensis leaf extract, gossypium oil, mica. Lingettes : paraffinum liquidum, gossypium herbaceum (cotton) seed oil, bisabolol, parfum. Sans paraben. Sans phenoxyethanol. Sans allergènes.]|"
0,28€ / Pce"|"
5,51 €"
3664|Bandes de cire visage|La boîte de 20 bandes|[Origine : FRANCE]|"
0,24€ / Pce"|"
4,83 €"
3665|Bandes strips de cire froide jambes & corps|La boîte de 20 bandes|[Origine : FRANCE, Prêtes à l'emploi, les bandes de cire froide Laurence Dumont vous offrent une épilation très facile en quelques minutes. Leur format les rend idéales pour les grandes zones comme bras & jambes. Grâce à leur nouvelle formule et à la technologie Perfect Peel System, les bandes sont encore plus adhérentes et permettent de mieux saisir les poils à l'arrachage, même les plus courts. Elles laissent votre peau lisse et douce jusqu'à 4 semaines., Frotter la bande pendant 15 secondes entre vos mains. Séparer lentement le feuillet en deux. Appliquer la bande dans le sens du poil et lisser plusieurs fois. Retirer la bande d'un geste vif dans le sens inverse de la pousse du poil, en tendant bienla peau. Renouveler l'opération jusqu'à saturation de la bande. Appliquer la lingette à l'huile d'azulène pour éliminer les résidus de cire. Avant la première utilisation, faire un essai sur une zone limitée de la partie à épiler. Si au bout de 24h aucune réaction désagréable n'est constatée, l'épilation peut avoir lieu. Ne pas utiliser pour un autre usage que celui indiqué. Utiliser sur une peau parfaitement propre, sèche et saine. Ne pas utiliser sur une peau irritée, lésée (boutons, coups desoleil ) Ne pas utiliser après un bain et ne pas s'exposer au soleil dans les heures qui suivent l'épilation. Eviter tout contact avec les yeux. Ne pas avaler. Tenir hors de la portée des enfants. En cas de forte température (au delà de 30°), mettreles bandes au frigo un court instant avant de les utiliser., Bandes (strips) : glyceryl rosinate, ricinus communis seed oil, cera alba, parfum, pentaerythrityl tetra-di-t-butyl hydroxyhydrocinnamate, argania spinosa kernel oil, helianthus annuus seed oil, hexyl cinnamal, aloe barbadensis leaf extract, polyhydroxystearic acid, CI77891, CI45430. Lingettes (wipes) : paraffinum liquidum, isopropyl myristate, triticum vulgare germ oil, parfum, phenethyl alcohol, bht, caprylyl glycol, guaiazulene, ascorbyl palmitate, CI61565.]|"
0,25€ / Pce"|"
5,04 €"
3666|Epilation brésilienne, maillot échancré, bande de cire froide|La boîte de 16 bandes|[Origine : ESPAGNE, Prêtes à l'emploi, les bandes de cires froide vous offrent une épilation très facile en quelques minutes. Très adhérentes, elles permettent de mieux saisir les poils à l'arrachage, même les plus courts. Elles laissent votre peau lisse et douce jusqu'à 4 semaines., Cet étui contient : 16 bandes de cire (8 bandes doubles) + 4 lingettes d'huile d'azulène. Frotter la double bande entre les mains afin de réchauffer la cire. Séparer lentement le feuillet en 2. Appliquer la bande sur la zone à épiler, dans le sens dela pousse naturelle des poils et lisser fermement. Bien tendre la peau et retirer la bande d'un geste vif, à l'inverse de la pousse des poils et bien parallèlement à la peau. Renouveler cette opération jusqu'à ce que la bande soit saturée de poils.Appliquer la lingette à l'huile d'azulène pour éliminer les éventuels résidus et adoucir votre peau., Glyceryl rosinate, ricinus communis seed oil, cera alba, parfum, pentaerythrityl tetra-di-t-butyl hydroxyhydrocinnamate, argania spinosa kernel oil, helianthus annuus seed oil, hexyl cinnamal, aloe barbadensis leaf extract, polyhydroxystearic acid, ci 77891, ci 45430. Sans paraben.]|"
0,33€ / Pce"|"
5,35 €"
3667|Epil douce, épilateur à disques.|Blister D'1 épilateur + 5 disques|[Origine : FRANCE, NA]|"
6,79€ / Pce"|"
6,79 €"
3668|Roll-on cire haute protection, hypoallergénique, pour le respect des peaux sensibles.|Le blister d'1 roll-on cire|[Origine : ESPAGNE, Grâce à sa texture adhérente, la cire enveloppe totalement les poils, même les plus courts, vous garantissant une élimination efficace jusqu'à la racine. Votre peau est parfaitement épilée, lisse et douce jusqu'à 4 semaines. Le Roll-on : ultra-pratique, le capuchon sert de support pendant l'utilisation pour maintenir le roll-on tête en bas et permettre une application facile de la cire. L'applicateur roll-on garantit des bandes de cire fines et régulières, pour un résultat professionnel., Cet étui contient : 1 roll-on applicateur 100 ml. 4 lingettes à l'huile de coton. 12 bandes de non tissé. Avant votre 1ère épilation, faire un essai sur une petite partie de la zone à épiler. Si aucune réaction désagréable  dans les 24 heures, vous pouvez procéder à l'épilation complète. Appliquer uniquement sur peau saine : ne pas utiliser la cire sur une peau irritée, sur des plaies, boutons,  grains de beauté), varices ou en cas d'insuffisances veineuses. Ne convient pas aux personnes diabétiques. Convient à l'épilation des jambes,  des bras, des aisselles et du maillot. Ne convient pas à l'épilation du visage et des zones péri-anales ou génitales.  Eviter tout contact avec les yeux et les muqueuses. La peau doit être parfaitement propreet sèche, sans trace de crème ou d'huile. Talquer la zone à épiler si nécessaire. Ne pas s'épiler dans les 24 heures suivant une exposition au soleil ou immédiatement après le bain ou la douche. Après une épilation, attendre au moins 24 heures avantd'utiliser un déodorant alcoolisé, un parfum ou de s'exposer au soleil. Ne se rince pas à l'eau. Au micro-ondes : placer le roll-on dans une assiette. Toujours observer la cire pendant toute la durée du chauffage. Ne jamais surchauffer la cire. Contrôler précisément le temps de chauffe. Après le temps de chauffage, laissez reposer le roll-on 1 minute dans le micro-ondes fermé et éteint. Ce temps de repos permet une bonne diffusion de la chaleur dans la cire. Au bain-marie : placer le roll-on de, Cire : glyceryl rosinate, ricinus communis seed oil, parfum, gossypium herbaceum seed oil, bht, Cl77891. Lingettes : paraffinum liquidum, gossypium herbaceum seed oil, bisabolol, parfum, farnesol., Conserver à l'abri de la chaleur et de l'humidité.]|"
107,60€ / L"|"
10,76 €"
3669|Bandes de cire froides corps|Les 40 bandes institut|[Origine : FRANCE]|"
0,22€ / Pce"|"
8,74 €"
3670|Cire à base de résine naturelle de pin parfum monoï des îles intense, chauffage micro-ondes|La boîte de 400g|[Origine : FRANCE, Issue d'une nouvelle génération de cire à base de résine naturelle, Cire Divine de Nair vous assure une épilation parfaite et laissera votre peau nette et divinement douce.Efficacité et douceur : Cire Divine enrobe le poil pour mieux le saisir à la racine. Son efficacité est prouvée sur poils courts dès 2mm et permet un résultat longue durée (jusqu'à 4 semaines). Elle convient à tous les types de peaux, même sensibles. Ultra pratique : avec sa cuve spéciale micro-ondes, Cire Divine est facile àpréparer. De texture souple, elle s'applique facilement en bandes fines, sèche rapidement et se retire sans bande de tissu. Envoûtant monoï des îles : offrez-vous la douceur d'une pause beauté teintée d'exotisme et laissez-vous transporter par le parfum ensoleillé du monoï, pour une vraie épilation plaisir., La cuve de 400g permet une épilation complète des demi-jambes, du maillot et des aisselles. Préparation et chauffage : pour un résultat optimal et éviter tout risque de brûlure, se reporter impérativement à la notice jointe et bien respecter la méthode de chauffage. Une fois la texture idéale de miel onctueux obtenue, prendre une noisette de cire avec le bout de la spatule et faire une touche d'essai sur le poignet pour vérifier la température avant l'épilation. Déposer une noisette de cire surle haut de la zone à épiler et former immédiatement avec la tranche de la spatule une bande de cire fine (1 à 2mm) et homogène, dans le sens de la pousse des poils en terminant par un bourrelet qui facilitera son retrait. Quand la cire est bien sèche, retirer la bande d'un geste rapide. Votre peau est divinement douce et nette ! Pour l'épilation du maillot et des aisselles, talquer la zone à épiler avant d'appliquer la cire pour en faciliter le retrait. Avant toute utilisation, lire attentivement la notice d'utilisation. A utiliser uniquement au micro-ondes. A conserver et à utiliser hors de portée des enfants. Utilisation déconseillée chez les adolescents sans surveillance d'un adulte. Ne pas appliquer sur le visage, les muqueuses, les peaux lésées ou fragilisées (boutons, blessures ). Ne convient pas aux diabétiques ou aux personnes souffrant de troubles circulatoires (varices, etc ). En cas de contact avec les yeux ou d'ingestion, consulter un médecin., Cire : glyceryl rosinate, paraffin, hydrogenated butylene/ethylene/styrene copolymer, parfum, BHT, cinnamyl alcohol, isoeugenol, Cl77019, Cl77891, Cl19140. Soin après épilation : paraffinum liquidum, ethylhexyl stearate, cetearyl ethylhexanoate, isopropyl myristate, bisabolol, chamomilla recutita extract, methylparaben, butylparaben, ethylparaben, propylparaben, isobutylparaben, parfum, alpha-isomethyl ionone, benzyl salicylate, citronellol, eugenol, hydroxyisohexyl 3-cyclohexene carboxaldehyde,limonene, linalool, guaiazulene.]|"
25,88€ / Kg"|"
10,35 €"
3671|Cire au sucre aux extraits d'agrumes|Le flacon et 10 bandes|[Origine : FRANCE, En s'inspirant d'un rituel de beauté des femmes de Méditerranée, Nair a créé cette cire très naturelle au sucre et aux huiles essentielles d'agrumes pour vous offrir une épilation très simple, efficace et extrêmement douce pour la peau., Facile à préparer, le roll-on Nair est prêt à l'utilisation en 15 secondes seulement micro-ondes. (Lire impérativement le mode d'emploi joint avant chauffage). Avec son flacon multi-positions exclusif, les bandes de cire sont toujours régulières et homogènes, quelle que soit la zone à épiler. De forme ergonomique, il facilite l'application pour un vrai geste professionnel. Cet étui s'utilise comme support pendant l'épilation. En maintenant le flacon tête en bas durant toute l'épilation, la cirereste en contact  permanent avec l'applicateur. Cet étui contient : 1 flacon de cire 100 ml avec applicateur roll-on + 10 bandes de non tissé + le mode d'emploi et les précautions à lire avant utilisation., Glucose, Sucrose, Fructose, Aqua, Glycerin, Citric Acid, Chamomilla Recutita, Caramel, Parfum, Hexyl Cinnamal, Limonene., Bien conserver l'applicateur roll-on et l'étui après les avoir nettoyés sous l'eau]|"
95,30€ / L"|"
9,53 €"
3672|Cire au sucre visage, lys adoucissant|Le roll-on de 15ml|[Origine : FRANCE, 3 étapes faciles et rapides. La lingettes rafraîchissantes : nettoient et préparent la peau, bandes de cire froide : épilent en douceur, lingettes apaisantes : adoucissent., Préparez la peau en passant la lingette de soin avant épilation. Attendez que la peau soit bien sèche pour épiler. Frottez une double-bande entre les mains pendant quelques secondes pour réchauffer la cire. Dédoublez lentement les bandes. Vous avez 2bandes prêtes pour l'épilation. Appliquez la bande sur la peau et faites adhérer en appuyant avec la paume de la main, dans le sens de la pousse du poil. Une même bande peut servir plusieurs fois jusqu'à ce qu'elle n'adhère plus. Retirez les éventuelles traces de cire en tapotant celles-ci avec une bande usagée. Terminez l'épilation en appliquant la lingette de soin après épilation pour enlever les éventuels résidus de cire et adoucir la peau. Avant la première utilisation , tester la réactionde la peau en appliquant les lingettes et la cire sur une zone limitée de la partie à épiler. Pour être parfaitement efficace, la cire froide nécessite une manipulation précise, dans le respect du mode d'emploi. Ne pas utiliser dans l'heure suivant un bain ou douche, ou sur une peau humide et chaude. Ne pas utiliser sur le visage, la tête, la poitrine, les boutons, les grains de beautés, les muqueuses, les zones péri-anales ou génitales ou encore sur une peau irritée. Avant l'épilation, la peaudoit être propre, sèche et sans trace de crème. N'utiliser ni eau, ni alcool pour retirer la cire. Utiliser les soins après épilation prévus à cet effet, ou au besoin passer sur la peau un coton imprégné d'huile. Attendre 24 heures avant d'appliquer, Lingettes avant épilation : alcohol denat, aqua, propylene glycol, mentha arvensis extract, benzalkonium chloride, limonene. Cire : triethylene glycol rosinate, glyceryl rosinate, cera microcristallina, mentha arvensis extract, ricinus communis oil,guaiazulene, CI 42090, CI 77891, limonene. Lingettes  après épilation : paraffinum liquidum, ethylhexyl stearate, cetearyl ethylhexanoate, isopropyl myristate, bisabolol, chamomilla recutita extract, methylparaben, butylparaben, ethylparaben, propylparaben, isobutylparaben, parfum, alpha-isomethyl ionone, benzyl salicylate, citronellol, eugenol, hydroxyisohexyl 3-cyclohexene carboxaldehyde, limonene, linalool, guaiazulene.]|"
534,67€ / L"|"
8,02 €"
3673|Cire divine, fleur d'oranger & huile d'argan, complexe pro-sensitive, chauffage au micro-ondes.|Le pot de 400g|[Origine : FRANCE, Epilation 100% plaisir grâce à son parfum divin à la fleur d'oranger et sa formule enrichie en huile d'argan bio et fleur d'oranger reconnues pour leurs vertus hydratantes et nourrissantes. Efficacité sur poils courts. La cire enrobe parfaitement lepoil tout en adhérant moins à la peau. La sensation désagréable que l'on peut ressentir lors du retrait de la cire est alors réduite. Avec Cire Divine Bye Bye Douleur de Nair, les sensations douloureuses sont significativement réduites lors de l'arrachage du poil, pour 8 femmes sur 10., Cet étui contient : une cuve de 400 g de cire résine spéciale micro-ondes. 1 spatule en bois. 2 lingettes 'finition parfaite' de soin après épilation. 1 notice à l'ire impérativement avant chaque utilisation. Préparation et chauffage : respecter précisément la méthode de chauffage. A chauffer uniquement au micro-ondes. Prendre une noisette de cire avec le bout de la spatule et faire une touche d'essai sur le poignet pour vérifier la température  avant épilation. Déposer une noisette de cire surle haut de la zone à épiler et former immédiatement avec la tranche de la spatule une bande de cire fine (1 à 2 mm) et homogène, dans le sens de la pousse des poils en terminant par un bourrelet qui facilitera son retrait. Quant la cire est bien sèche, retirer la bande d'un geste rapide. Votre peau est divinement douce et nette. A conserver et à utiliser hors de portée des enfants. Utilisation déconseillée chez les adolescents sans surveillance d'un adulte. Ne pas appliquer sur le visage, les muqueuses, les peaux âgées, flasques, lésées ou fragilisées (bouton, blessures). Ne convient pas aux diabétiques ou aux personnes souffrant de troubles de la circulation (varices, etc ). En cas de contact avec les yeux ou d'ingestion, consulter un médecin., Lingettes post-épilation : paraffinum liquidum, ethylhexyl stearate, cetearyl ethylhexanoate, isopropyl myristate, phenethyl alcohol, caprylyl glycol, bisabolol, glycine soja oil, parfum, benzyl salicylate, butylphenyl methylpropional, farnesol, hydroxyisohexyl 3-cyclohexene carboxaldehyde, linalool, citronellol, alpha-isomethyl ionone, eugenol, chamomilla recutita extract, bht, tocopherol. Cire : glyceryl rosinate, triethylene glycol rosinate, hydrogenated butylene, ethylene, styrene copolymer,paraffin, cera microcristallina, zinc oxide, mica, parfum, bht, caprylic/capric triglyceride, citrus aurantium amara flower extract, argania spinosa kernel oil, butylphenyl methylpropional, benzyl salicylate, citronellol, hexyl cinnamal, limonene, linalool, eugenol, Cl77891. Sans paraben.]|"
27,78€ / Kg"|"
11,11 €"
3674|Cire divine, maillot, aisselles, extrait d'orchidée bleue, spéciale micro-ondes|La boîte de 100g|[Origine : FRANCE, Issue d'une génération de cire à base de résine naturelle, Cire Divine de Nair vous assure une épilation parfaite et laissera votre peau nette et divinement douce.Son efficacité est prouvée sur poils courts dès 2mm et permet un résultat longue durée(jusqu'à 4 semaines). Elle convient à tous les types de peaux et est particulièrement bien adaptée aux zones sensibles (maillot-aisselles). Ultra-pratique : avec sa cuve spéciale micro-ondes, cire divine est facile à préparer. De texture souple, elles'applique facilement en bandes fines, sèche rapidement et se retire sans bande de tissu. Cire Divine à l'extrait d'orchidée bleue. Cet étui contient : une cuve de 100g de résine, une spatule en bois, 2 lingettes de soin après épilation, une noticeà lire impérativement avant toute utilisation., Préparation et chauffage : pour un résultat optimal et éviter tout risque de brûlure, se reporter impérativement à la notice jointe et bien respecter la méthode de chauffage. Une fois la texture idéale de miel onctueux obtenue, prendre une noisette de cire avec le bout de la spatule et faire une touche d'essai sur le poignet pour vérifier la température avant l'épilation. Déposer une noisette de cire sur le haut de la zone à épiler et former immédiatement avec la tranche de la spatule une bandede cire fine (1 à 2mm) et homogène, dans le sens de la pousse des poils en terminant par un bourrelet qui facilitera son retrait. Quand la cire est bien sèche, retirer la bande d'un geste rapide. Votre peau est divinement douce et nette. Pour l'épilation du maillot et des aisselles, talquer la zone à épiler avant d'appliquer la cire pour en faciliter le retrait. Avant toute utilisation, lire attentivement la notice d'utilisation. A utiliser uniquement au micro-ondes. A conserver et à utiliser hors de portée des enfants. Utilisation déconseillée chez les adolescents sans surveillance d'un adulte. Ne pas appliquer sur le visage, les muqueuses, les peaux lésées ou fragilisées (boutons, blessures). Ne convient pas aux diabétiques ou aux personnes souffrant de troubles circulatoires (varices, etc). En cas de contact avec les yeux ou d'ingestion, consulter un médecin., Cire : glyceryl rosinate, paraffin, hydrogenated butylene/ethylene/styrene copolymer, sunflower seed oil, vanda coerulea extract, parfum, citronellol, coumarin, limonene, alpha isomethylionone, geraniol, hexyl cinnamal, butylphenyl methylpropional, linalool, bht, mica, Cl 77891, Cl 17200. Soin après épilation : paraffinum liquidum, ethylhexyl stearate, cetearyl ethylhexanoate, isopropyl myristate, bisabolol, chamomilla recutita extract, methylparaben, butylparaben, ethylparaben, propylparaben, isobutylparaben, parfum, alpha-isomethyl ionone, benzyl salicylate, citronellol, eugenol, hydroxyisohexyl 3-cyclohexene carboxaldehyde, limonene, linalool, guaiazulene.]|"
69,50€ / Kg"|"
6,95 €"
3675|Cire divine,Rituel Douceur, Huiles nourrissantes bio Argan et Onagre, à base de résine naturelle de pin, Peaux Sèches et Sensibles|Le Pot de 400g|[Origine : FRANCE]|"
23,53€ / Kg"|"
9,41 €"
3676|Cire froide aisselles & bikini                                   Toutes peaux même sencibles|La boîte de 16 bandes|[Origine : ESPAGNE, Prêtes à l'emploi avec un format adapté aux aisselles et au bikini, l'épilation est simple, rapide et efficace même sur les poils courts (dès 2 mm). Résultat longue durée jusqu'à 4 semaines., Dédoublez lentement les bandes, vous avez 2 bandes prêtes à l'emploi. Frottez une double bande entre les mains pendant quelques secondes pour réchauffer la cire. Pour le maillot : appliquez la bande sur la peau et faites adhérer en lissant avec la main, dans le sens de la pousse du poil, généralement vers l'intérieur des cuisses. Avec une main, maintenez la peau à la base de la bande et avec l'autre main, retirez la bande d'un mouvement rapide, dans le sens inverse de la pousse du poil et le plus parallèlement possible à la peau. Pour les aisselles : l'épilation s'effectue en deux fois car les poils poussent dans deux directions différentes : levez le coude vers le haut afin de tendre la peau. Sur la partie supérieure de l'aisselle, appliquez la bande de cire en lissant vers le coude. Sur la partie inférieure de l'aisselle, appliquez la bande de cire en lissant vers le bas. Retirez la bande d'un mouvement rapide, dans le sens inverse de l'application et le plus parallèlement possible àla peau. Une même bande peut servir plusieurs fois. Retirez les éventuelles traces de cire en tapotant celles-ci avec une bande usagée. Terminez l'épilation en appliquant une lingette après épilation pour retirer les éventuels résidus de cire, apaiser et adoucir la peau. Avant la première utilisation, testez la réaction de la peau en appliquant la cire et la lingette sur une zone limitée de la partie à épiler. Pour être parfaitement efficace, la cire froide nécessite une manipulation précise, d, Bandes de cire froide : glyceryl rosinate, ricinus communis seed oil, hydrogenated microcrystalline wax, parfum, mica, hexyl cinnamal, helianthus annuus seed oil, alpha isomethyl ionone, butylphenyl methylpropional, linalool, coumarin, dendrobium phalaenopsis flower extract, tocopherol, CI77891, CI45410, CI60725. Lingette post épilation : paraffinum liquidum, ethylhexyl stearate, cetearyl ethylhexanoate, isopropyl myristate, phenethyl alcohol, caprylyl glycol, bisabolol, glycine soja oil, parfum, benzyl salicylate, butylphenyl methylpropional, farnesol, hydroxyisohexyl 3-cyclohexene carboxaldehyde, linalool, citronellol, alpha isomethyl ionone, eugenol, chamomilla recutita extract, bht, tocopherol., 18 mois après ouverture. A conserver à l'abri de la chaleur.]|"
0,42€ / Pce"|"
6,75 €"
3677|Cire froide corps, bandes prêtes à l'emploi, cocktail végétal adoucissant et apaisant|Le paquet de 40 bandes|[Origine : FRANCE, Spécialement conçues pour celles qui recherchent une épilation facile et rapide dans le plus grand respect des Peaux Sensibles, les bandes de cire froide institut Nair sont prêtes à l'emploi.Une formule douce qui convient particulièrement aux peaux délicates. Une efficacité poils courts prouvée, une douceur qui dure., Lisez intégralement ce mode d'emploi avant de procéder à l'épilation. Frottez une double-bande entre les mains pendant quelques secondes pour réchauffer la cire. Dédoublez lentement les bandes, comme indiqué sur le dessin. Vous avez 2 bandes prêtes pour l'épilation. Appliquez la bande, dans le sens de la pousse du poil pour les jambes : du genou vers la cheville et faites adhérer en lissant avec la paume de la main. Avec une main, maintenez la peau à la base de la bande pour en faciliter le retrait. Avec l'autre main, retirez la bande d'un mouvement rapide, dans le sens inverse de l'application et le plus parallèlement possible à la peau. Une même bande peut servir plusieurs fois jusqu'à ce qu'elle n'adhère plus. Retirez les éventuelles traces de cire en tapotant celles-ci avec une bande usagée. Terminez l'épilation en appliquant la lingette après épilation pour enlever les éventuels résidus de cire et adoucir la peau. Avant la première utilisation, tester la réaction de la peau en appliquant la cire et la lingette sur une zone limitée de la partie à épiler. Pour être parfaitement efficace, la cire froide nécessite une manipulation précise, dans le respect du mode d'emploi. Ne pas utiliser dans l'heure suivant un bain ou une douche, ou sur une peau humide et chaude. Ne pas utiliser sur le visage, la tête, la poitrine, les boutons, les grains de beauté, les muqueuses, les zones péri-anales ou génitales, les varices ou encore sur une peau irritée. Avant l'épilation, la peau doi, Cire : glyceryl rosinate, ricinus communis oil, cera microcristallina, guaiazulene, chamomilla recutita extract, achillea millefolium extract, parfum, citronellol, coumarin, geraniol, limonene, linalool, citral. Lingettes après épilation : paraffinumliquidum, ethylhexyl stearate, cetearyl ethylhexanoate, isopropyl myristate, bisabolol, chamomilla recutita extract, methylparaben, butylparaben, ethylparaben, propylparaben, isobutylparaben, parfum, alpha-isomethyl ionone, benzyl salicylate, citronellol, eugenol, hydroxyisohexyl 3-cyclohexene carboxaldehyde, limonene, linalool, guaiazulene., A conserver à l'abri de la chaleur.]|"
0,21€ / Pce"|"
8,30 €"
3678|Douceur nature, roll-on de cire au sucre, peaux sèches & sensibles, lait et miel adoucissants, sucres hydratants|Le blister de 100ml|[Origine : FRANCE, Composée à 85% de sucres hydratants, la formule du roll-on Nair enrobe parfaitement le poil sur toute sa longueur pour mieux l'éliminer avec sa racine tout en respectant la peau. Spécialement destinée aux peaux sensibles avec sa formule 100% d'origine naturelle enrichie de miel et de lait adoucissants, la cire au sucre Nair vous offre une épilation parfaite des jambes, du maillot et des aisselles dans le plus grand respect de votre peau. La cire Nair se rince facilement à l'eau. Sa formule est testée sous contrôle dermatologique. La peau est parfaitement nette, hydratée et douce jusqu'à 4 semaines selon la pilosité., Facile à préparer, le roll-on Nair est prêt à l'utilisation en 15 secondes seulement au micro-ondes. (Lire impérativement le mode d'emploi joint avant chauffage). Avec son flacon multi-positions exclusif, les bandes de cire sont toujours régulières et homogènes, quelle que soit la zone à épiler. De forme ergonomique, il facilite l'application pour un vrai geste professionnel., Glucose, sucrose, fructose, aqua, glycerin, citric acid, parfum, mel, sine adipe lac, pentylene glycol, PEG-40 hydrogenated castor oil, trideceth-9, phenoxyethanol, methylparaben, ethylparaben, butylparaben, propylparaben, isobutylparaben, benzyl benzoate, Cl77891. Cet étui contient : 1 flacon de cire 100 ml avec applicateur roll-on + 10 bandes de non-tissé + le mode d'emploi et les précautions à lire avant utilisation., A utiliser dans les 36 mois après ouverture.]|"
88,90€ / L"|"
8,89 €"
3679|Le kit caresse, spécial visage, mono-bandes de cire froide, lys blanc adoucissant, cire sans parfum|Le kit de 20 mono-bandes|[Origine : FRANCE, Conçues pour simplifier l'épilation des duvets du visage et des sourcils, les mono-bandes de cire froide Nair conviennent à tous les types de peaux, même les plus délicates. Une manipulation ultra-facile : plus besoin de réchauffer les bandes entre les mains avant de les séparer ! Il suffit de retirer le film transparent et d'appliquer directement sur le visage la bande avec la cire. En plus, ces bandes ne laissent pas de résidu ! Une formule douce pour la peau, un résultat longue durée : sans parfum et enrichie en lys blanc adoucissant et hydratant, la cire froide de Nair convient parfaitement à la peau délicate du visage. Elle adhère parfaitement aux poils et duvets qu'elle élimine avec leur racine. La peau est nette et douce pour longtemps, jusqu'à 4 semaines. La lingette après épilation, enrichie en camomille, parfait l'épilation en apaisant et en adoucissant votre peau., Lisez intégralement ce mode d'emploi avant de procéder à l'épilation. Ne pas réchauffer la mono-bande entre les mains pour que celle-ci se décolle facilement. Retirez le film transparent d'un geste rapide en une seule fois. Si la bande est difficileà séparer de son support, la mettre au réfrigérateur un court instant. Appliquez la bande de cire sur votre peau dans le sens de la pousse des poils. Faites adhérer en massant légèrement. Maintenez la peau à la base de la bande et retirez d'un mouvement vif dans le sens inverse de la pousse des poils et le plus parallèlement possible à la peau. Une même bande peut servir plusieurs fois. Une fois l'épilation terminée, appliquez la lingette après épilation pour retirer les éventuels résidus de cire, apaiser et adoucir la peau. Astuce beauté : avant de retirer le film transparent, n'hésitez pas à découper la bande pour l'adapter à la forme de vos sourcils.  Avant la première utilisation, tester l'absence de réaction de la peau en utilisant lacire et les lingettes sur une zone limitée de la partie à épiler. Pour être parfaitement efficace, la cire froide nécessite une manipulation précise, dans le respect du mode d'emploi. Ne pas utiliser sur les boutons, grains de beauté, muqueuses, cicatrices, coupures, l'eczéma, une peau irritée ou brûlée par le soleil, ou encore sur les cils. Ne pas appliquer sur la peau des personnes diabétiques, âgées, et souffrant de troubles circulatoires. Avant l'épilation, la peau doit être propre, sèche et, Cire : hydrogenated styrene/methyl styrene/indene copolymer, C30-45 alkyl methicone, C30-45 olefin, caprylic/capric triglyceride, helianthus annuus seed oil, lilium candidum extract, tocopherol, Cl75470. Lingettes après épilation : paraffinum liquidum, ethylhexyl stearate, cetearyl ethylhexanoate, isopropyl myristate, bisabolol, chamomilla recutita extract, methylparaben, butylparaben, ethylparaben, propylparaben, isobutylparaben, parfum, alpha-isomethyl ionone, benzyl salicylate, citronellol, eugenol, hydroxyisohexyl 3-cyclohexene carboxaldehyde, limonene, linalool, guaiazulene., A conserver à l'abri de la chaleur.]|"
0,32€ / Pce"|"
6,40 €"
3680|Recharge de cire, visage duvet & sourcils, cire professionnelle.|La boite d'1 recharge de cire+20 bandes|[Origine : FRANCE, Sureté d'un appareil électronique : contrôle de la température, pas de surchauffe. Application facile & ultra-précise. Ultra-efficace sur duvets et sourcils. Chauffage rapide : 10 minutes. Respect des peaux sensibles., Cet étui contient : 1 applicateur roll-on. 1 recharge de cire à utiliser uniquement dans le Roll-on électrique Nair visage (non contenu dans cet étui). 20 bandes de non-tissé. 4 lingettes apaisantes après épilation. 1 notice à lire impérativement avant chaque utilisation. Pour l'épilation du visage uniquement. A chauffer uniquement dans le Roll-on électrique visage de Nair. Ne pas utiliser sur une peau humide et chaude. Ne pas appliquer sur les muqueuses, les grains de beauté, les peaux âgées, flasques, lésées, fragilisées (bouton, blessures) ou sur une peau ayant déjà réagi à la cire. Ne convient pas aux personnes diabétiques ou souffrant de troubles circulatoires (varices, etc ). Ne pas avaler. Tenir hors de portée des enfants. Utilisation déconseillée chez les adolescents sans surveillance d'un adulte., Cire : colophonium, glyceryl rosinate, dipropylene glycol dibenzoate, parfum, Lilium candidum flower extract, helianthus annuus seed oil, benzyl salicylate, butylphenyl methylpropional, linalool, citronellol, hexyl cinnamal, limonene, Cl77891, Cl16035. Lingettes : paraffinum liquidum, ethylhexyl stearate, cetearyl ethylhexanoate, isopropyl myristate, phenethyl alcohol, caprylyl glycol, bisabolol, glycine soja oil, parfum, benzyl salicylate, butylphenyl methylpropional, farnesol, hydroxyisohexyl3-cyclohexene carboxaldehyde, linalool, eugenol, chamomilla recutita extract, bht, tocopherol., 12 mois après ouverture.]|"
376,80€ / L"|"
9,42 €"
3681|Roll-on aisselles et bikini, cire au sucre, parfum Délice|Le roll-on de 50ml|[Origine : ESPAGNE, La cire au sucre du Roll-on Aisselles & Bikini de Nair est enrichie en Orchidée adoucissante. Elle enrobe parfaitement le poil et l'élimine avec sa racine pour un résultat longue durée. Elle se rince facilement à l'eau et laisse la peau douce et hydratée. Succombez à son parfum sensuel et gourmand, aux notes de sucre de violette., Ultra-pratique et facile, le Roll-on Aisselles et Bikini de Nair est prêt à l'utilisation en 10 secondes seulement au micro-ondes à 700W (lire impérativement le mode d'emploi joint avant chauffage). Ne jetez pas l'étui ! Il sert de support au flaconpendant l'utilisation., Hydrolyzed corn starch, sucrose, glucose, glycerin, citric acid, parfum, aqua, Cl 77891 (titanium dioxide), butylene glycol, phalaenopsis amabilis extract, butylphenyl methylpropional, alpha isomethyl ionone, coumarin, hexyl cinnamal, limonene, linalool., 36 mois après ouverture.]|"
177,00€ / L"|"
8,85 €"
3682|Roll-on électrique visage duvet & Sourcils, cire professionnelle.|La boîte de Roll-on électrique|[Origine : FRANCE, Roll-on électrique visage pour une épilation professionnelle du visage à domicile. Ultra pratique et très facile à préparer. Respect de la peau. Utilisée dans les Instituts par les professionnels, la cire Nair a une efficacité cliniquement prouvée sur duvets et sourcils : elle enrobe parfaitement le poil et l'élimine avec sa racine pour un résultat longue durée, jusqu'à 4 semaines., Vissez l'applicateur roll-on sur la recharge (après avoir retiré le bouchon), puis glissez la recharge dans l'appareil chauffe-cire. Branchez-le 10 minutes sur secteur : votre cire est prête. Ne pas utiliser sur une peau humide et chaude. Ne pas appliquer sur les muqueuses, les grains de beauté, les peaux âgées, flasques, lésées, fragilisées (bouton, blessures) ou sur une peau ayant déjà réagi à la cire. Ne convient pas aux personnes diabétiques ou souffrant de troubles circulatoires (varices, etc ). Ne pas avaler. Tenir hors de portée des enfants. Utilisation déconseillée chez les adolescents sans surveillance d'un adulte., Cire : colophonium, glyceryl rosinate, dipropylene glycol dibenzoate, parfum, Lilium candidum flower extract, helianthus annuus seed oil, benzyl salicylate, butylphenyl methylpropional, linalool, citronellol, hexyl cinnamal, limonene, Cl77891, Cl16035. Lingettes : paraffinum liquidum, ethylhexyl stearate, cetearyl ethylhexanoate, isopropyl myristate, phenethyl alcohol, caprylyl glycol, bisabolol, glycine soja oil, parfum, benzyl salicylate, butylphenyl methylpropional, farnesol, hydroxyisohexyl3-cyclohexene carboxaldehyde, linalool, eugenol, chamomilla recutita extract, bht, tocopherol.]|"
17,50€ / Pce"|"
17,50 €"
3683|Roll-on ultimate, cire experte, efficace poils très courts, rinçable à l'eau.|La boîte d'1 roll-on|[Origine : FRANCE, L'alliance d'un applicateur Roll-on ultra pratique, lavable et réutilisable, et d'une formule exclusive, ultra efficace et rinçable à l'eau ! Efficacité cliniquement prouvée. Respect de la peau, même sensible. Utilisation facile et pratique. Un parfum divin à la fleur d'oranger et une peau nette, douce et hydratée., Cet étui contient : 1 flacon de cire de 110 ml avec applicateur roll-on. 10 bandes de non-tissé lavables et réutilisables. 1 notice à lire avant chaque utilisation. 1 étui support. Prêt en 25 secondes au micro-ondes. A réchauffer uniquement au micro-ondes. Bien rincer à l'eau tiède savonneuse après épilation. Ce produit convient pour une épilation des demi-jambes et d'une autre zone (cuisse, aisselles ou bikini par exemple). A conserver hors de la portée des enfants. Utilisation déconseillée chez les adolescents sans surveillance d'un adulte. Ne pas appliquer sur les muqueuses, les peaux âgées, flasques, lésées ou fragilisées (bouton, blessures). Ne convient pas aux diabétiques ou aux personnes souffrant de troubles de la circulation (varices, etc )., Colophonium, peg-40 hydrogenated castor oil, triethanolamine, parfum, argania spinosa kernel oil, caprylic/capric triglyceride, citrus aurantium amara flower extract, butylphenyl methylpropional, benzyl salicylate, citronellol, hexyl cinnamal, limonene, linalool., 12 mois après ouverture.]|"
105,36€ / L"|"
11,59 €"
3684|Sucre à épiler au miel pour peaux sensibles|La boîte de 300g|[Origine : FRANCE, Véritable trésor de beauté, l'épilation au sucre, méthode empreinte de tradition et de légendes, est entièrement naturelle. Utilisable pour le visage et tout le corps, l'épilation au sucre reflète la générosité des méthodes ancestrales de beauté transmises de mères en filles. Elle est prodiguée depuis des siècles aux futures mariées pour adoucir et embellir leur peau avant la cérémonie. L'élaboration artisanale de Sucre Derme au miel en fait un produit authentique et original. Sa composition demeure ce qu'elle était il y a des siècles, subtil dosage secret d'ingrédients, laissé en héritage aux femmes, de générations en générations. Sucre Derme au miel est le fruit du savoir faire millénaire et du raffinement unique de la culture orientale.Sucre Derme au miel est idéal pour épiler tout son corps en douceur et donner, pour longtemps, une peau belle et lisse, symbole de féminité et de séduction., Prendre le sucre à épiler avec des doigts bien secs (environ 20gr pour les jambes, 15gr pour les aisselles et 10gr pour le pourtour des lèvres). Malaxer longuement jusqu'à obtention d'une pâte molle comme du chewing gum. Appliquer sur la peau dans lesens de la pousse du poils. Tirer d'un coup sec et rapide dans le sens inverse. Répéter la même opération jusqu'à disparition des poils. Pour finir rincer à l'eau. Sucre Derme au miel peut durcir en hiver, réchauffer aux micro-ondes (750 watt, 15 secondes) ou au bain marie (85°C, 5 minutes). Respecter le temps de chauffe. Ne pas utiliser sur une peau irritée ou en cas de mauvaise circulation sanguine. Le sucre à épiler surchauffé peut provoquer des brûlures sérieuses., Sucre, miel (5%), acide citrique et eau., Bien refermer le pot après usage.]|"
23,50€ / Kg"|"
7,05 €"
3685|Bandes cire Froide visage, vitamine E & huile d'Amande Douce, avec Expert Grip Technology|La boîte de 20 bandes|[Origine : FRANCE, Idéales pour les petites zones : les bandes s'adaptent parfaitement aux petites zones comme la lèvre supérieure. Elles sont aussi très pratiques pour les retouches. Des résultats longue durée.Efficaces sur poils courts. rapide et faciles à utiliser.Cette formule retire efficacement vos poils même si votre technique n'est pas parfaite. Adaptées à votre type de peau : les bandes de cire Veet sont sans colorant et contiennent de l'huile d'amande douce et de la vitamine E connues pour leurs actionsbénéfiques sur la peau., Suivre le mode d'emploi figurant sur la notice à l'intérieur de la boîte. Convient pour une utilisation sur la lèvre supérieure, les bras, les aisselles et le maillot mais ne convient pas pour toute autre partie du corps. Ne pas utiliser sur les boutons, coupures, varices, grains de beauté, cicatrices, une peau altérée, irritée, brûlée par le soleil ou une peau ayant déjà réagi à l'épilation à la cire. Demandez conseil à votre médecin avant l'épilation si vous suivez actuellement un traitementpouvant affecter votre peau ou si vous souffrez de problèmes de peau. L'épilation à la cire ne convient pas aux personnes âgées ou diabétiques ou sous rétinoïdes oraux. Avant utilisation, toujours tester la réaction de votre peau en appliquant la cire et les lingettes sur une petite partie de la zone que vous voulez épiler, en suivant le mode d'emploi. Si après 24 heures aucune réaction désagréable de l'épiderme n'est constatée commencez l'épilation. Si vous épilez à la cire pour la première fois, nous vous recommandons de commencer l'épilation par les jambes. Ne vous épilez les parties sensibles telles que les aisselles, le maillot ou la lèvre supérieure que si vous avez l'habitude de l'épilation à la cire. Sur ces zones, nous recommandonsde ne jamais épiler la même zone deux fois de suite durant une même séance d'épilation. A conserver hors de la portée des enfants. En cas d'ingestion, consultez immédiatement un médecin et montrez-lui l'emballage. En cas de sensation de picotement o, Bandes de cire : triethylene glycol, rosinate, glyceryl rosinate, silica, polyethylene, prunus amygdalus dulcis oil (sweet almond oil), tocopheryl acetate, bha, parfum. Lingettes : paraffinum liquidum, hexyldecyl stearate, parfum, isopropylparaben, isobutylparaben, butylparaben, citrus aurantium dulcis peel oil, limonene, cedrus atlantica bark oil, pélargonium graveolens flower oil.]|"
0,35€ / Pce"|"
7,06 €"
3686|Bandes de cire, prêtes à l'emploi, peaux normales|La boîte de 40 bandes + 4 lingettes|[Origine : FRANCE, Découvrez les bandes de cire Easy Strip : une forme révolutionnaire, avec une languette conçue pour améliorer votre technique et retirer efficacement vos poils en un tour de main ! Résultats longue durée : votre peau reste douce jusqu'à 4 semaines !Contrairement aux rasoirs, les bandes de cire Veet retirent les poils à la racine ! Enlève les poils dès 1,5mm, vous attendez donc moins longtemps avant la prochaine épilation., Convient pour 4 épilations des demi-jambes. Frottez la bande de cire Veet entre vos mains afin de réchauffer la cire. Ouvrez délicatement la bande de cire Veet au niveau de la languette. Appliquez une des bandes de cire, languette vers le bas, et lissez plusieurs fois dans le sens de la pousse du poil. Attrapez la languette et d'un geste rapide, retirez la bande dans le sens inverse de la pousse du poil (du bas vers le haut pour les jambes). Assurez-vous de bien tirer la bande parallèlement à lajambe. Après l'épilation, utilisez une lingette finition parfaite pour retirer les éventuels résidus de cire. Conservez la boîte. Ce produit convient pour une utilisation sur les jambes, les aisselles, le maillot, les bras, mais ne convient pas pourle visage, la tête, la poitrine, les zones périanales ou génitales ou pour toute autre partie du corps. Ne pas utiliser sur les boutons, coupures, cicatrices, varices, grains de beauté, une peau altérée, irritée, brûlée par le soleil ou une peau ayant déjà réagi à l'épilation à la cire. Les bandes de cire Veet sont efficaces sur les poiles entre 1,5mm et 5mm. Si vos poils sont plus longs, coupez-les avant l'épilation pour éviter les sensations d'inconfort. Demandez conseil à votre médecin avantl'épilation si vous suivez actuellement un traitement pouvant affecter votre peau ou si vous souffrez de problèmes de peau. L'épilation à la cire ne convient pas aux personnes âgées ou diabétiques ou sous rétinoïdes oraux. Si vous vous épilez à la c, Bandes de cire : triethylene glycol rosinate, glyceryl rosinate, silica, polyethylene, parfum, paraffinum liquidum, butyrospermum parkii butter, bha, bht, Cl 77891, Cl 15850. Lingettes : paraffinum liquidum, hexyldecyl stearate, parfum, tocopheryl acetate, citrus aurantium dulcis peel oil, limonene, cedrus atlantica bark oil, pélargonium graveolens flower oil.]|"
0,27€ / Pce"|"
10,80 €"
3687|Bandes de cire froide|La boîte de 16 bandes|[Origine : FRANCE, Veet Bandes de Cire Froide Maillot Aisselles Peaux Sensibles. Idéales pour le maillot et les aisselles. Leur taille a été spécialement conçue pour s'adapter à ces zones difficiles à épiler.Des résultats longue durée : le poil est retiré à la racine,pour vous offrir une peau douce, un résultat qui dure jusqu'à 4 semaines. De plus, en utilisant régulièrement les bandes de Cire Veet, vos poils repousseront moins nombreux, plus fins et plus doux, c'est prouvé cliniquement. Efficaces sur poils courts : efficaces dès 2 mm ! Rapides et faciles à utiliser : cette formule retire efficacement vos poils même si votre technique n'est pas parfaite. Adaptées à votre type de peau : les Bandes de cire Veet sont sans colorant et contiennent de l'Huile d'Amande Douce et de la Vitamine E connues pour leurs actions bénéfiques sur la peau., Suivre le mode d'emploi figurant sur la notice à l'intérieur de la boîte. Ce produit convient pour une utilisation sur les zones du maillot et des aisselles, les bras et les jambes, mais il ne convient pas pour toute autre partie du corps. Ne pas utiliser sur les boutons, coupures, varices, grains de beauté, cicatrices, une peau altérée, irritée, brûlée par le soleil ou une peau ayant déjà réagi à l'épilation à la cire dans le passé. Demandez conseil à votre médecin avant l'épilation si vous suivez actuellement un traitement pouvant affecter votre peau ou si vous souffrez de problèmes de peau. L'épilation à la cire ne convient pas aux personnes âgées ou diabétiques. Avant utilisation, toujours tester la réaction de votre peau en appliquantla cire et les lingettes sur une petite partie de la zone que vous voulez épiler, en suivant le mode d'emploi. Si après 24 heures aucune réaction désagréable de l'épiderme n'est constatée commencez l'épilation. Si vous vous épilez à la cire pour lapremière fois, nous vous recommandons de commencer l'épilation par les jambes. Ne vous épilez les parties sensibles telles que les aisselles, le maillot ou la lèvre supérieure que si vous avez l'habitude de l'épilation à la cire. Sur ces zones, nousrecommandons de ne jamais épiler la même zone deux fois de suite durant une même séance d'épilation. A conserver hors de la portée des enfants. En cas d'ingestion, consultez immédiatement un médecin et montrez-lui l'emballage. En cas de sensation de, Valeur énergétique en Joules :  0, Valeur énergétique en Kcal : 0, Glucides : 0, Lipides : 0, Protides :0, Bandes de Cire : triethylene glycol rosinate, glyceryl rosinate, silica, polyethylene, prunus amygdalus dulcis oil (sweet almond oil), tocopheryl acetate, bha, parfum. Lingettes : paraffinum liquidum (mineral oil), hexyldecyl stearate, isopropylparaben, isobutylparaben, butylparaben, parfum (Fragance).]|"
0,46€ / Pce"|"
7,30 €"
3688|Crème dépilatoire, peaux normales, efficacité 3 min.|Le tube de 200ml|[Origine : FRANCE, Epilation efficace en 3 minutes. Sa formule enrichie en huile de coton et en extrait de lotus laisse votre peau douce et confortable., Sur une peau propre et sèche, appliquez à l'aide d'une spatule une couche épaisse de crème jusqu'à recouvrir complètement les poils. Laissez agir pendant 3 minutes en chronométrant puis retirez la doucement avec le bout de la spatule en testant sur une petite zone. Si les poils ne s'enlèvent pas facilement, laissez agir davantage la crème en vérifiant régulièrement sans jamais dépasser 8 minutes de temps de pose au total. (Si des irritations apparaissent durant l'application, enlevez immédiatement le produit et rincez abondamment). Enfin retirez la totalité de la crème à l'aide de la spatule et rincez abondamment à l'eau froide ou à peine tiède. Séchez délicatement la peau. Bien respecter le mode d'emploi. Utiliser uniquement sur les jambes, les aisselles et le maillot. Ne convient pas pour un usage sur le visage, la tête, la poitrine et les parties génitales ou péri-anales. E pas utiliser sur les grains de beauté, les cicatrices ni sur un peau boutonneuse, irritée, altérée, brûlée, ayant été rasée dans les dernières 72h ou ayant déjà réagi à des dépilatoires chimiques. Avant d'utiliser ce produit pour la première fois et avant chaque utilisation sur une nouvelle zone du corps, toujours vérifier la réaction de la peau en faisant une petite touche d'essai sur une partie de la zone à épiler en veillant à bien respecter le mode d'emploi. Si après 24h aucune réaction désagréable de l'épiderme n'est constatée, vous pouvez procéder à l'épilation. Si une gêne est ressentie pendant l, Aqua, cetearyl alcohol, paraffinum liquidum, urea, calcium hydroxide, thioglycolic acid, cetyl alcohol, propylene glycol, potassium hydroxide, acrylates copolymer, lithium hydroxide, sodium cetearyl sulfate, ceteareth-20, parfum, cyclopentasiloxane,disodium edta, gossypium herbaceum seed oil, isostearyl isostearate, nelumbo nucifera flower extract, lecithin, tocopherol, ascorbyl palmitate, glyceryl stearate, glyceryl oleate, citric acid, bht, CI 77891.]|"
16,10€ / L"|"
3,22 €"
3689|Crème dépilatoire, peaux sensibles, efficacité 5 min.|Le tube de 200ml|[Origine : FRANCE, La crème dépilatoire peaux sensibles vous assure une épilation efficace en 5 minutes. Spécialement conçue pour les peaux sensibles., Sur une peau propre et sèche, appliquez à l'aide d'une spatule une couche épaisse de crème jusqu'à recouvrir complètement les poils. Laissez agir pendant 5 minutes en chronométrant puis retirez la doucement avec le bout de la spatule en testant sur une petite zone. Si les poils ne s'enlèvent pas facilement, laissez agir davantage la crème en vérifiant régulièrement sans jamais dépasser 8 minutes de temps de pose au total. (Si des irritations apparaissent durant l'application, enlevez immédiatement le produit et rincez abondamment). Enfin retirez la totalité de la crème à l'aide de la spatule et rincez abondamment à l'eau froide ou à peine tiède. Séchez délicatement la peau. Bien respecter le mode d'emploi. Utiliser uniquement sur les jambes, les aisselles et le maillot. Ne convient pas pour un usage sur le visage, la tête, la poitrine et les parties génitales ou péri-anales. E pas utiliser sur les grains de beauté, les cicatrices ni sur un peau boutonneuse, irritée, altérée, brûlée, ayant été rasée dans les dernières 72h ou ayant déjà réagi à des dépilatoires chimiques. Avant d'utiliser ce produit pour la première fois et avant chaque utilisation sur une nouvelle zone du corps, toujours vérifier la réaction de la peau en faisant une petite touche d'essai sur une partie de la zone à épiler en veillant à bien respecter le mode d'emploi. Si après 24h aucune réaction désagréable de l'épiderme n'est constatée, vous pouvez procéder à l'épilation. Si une gêne est ressentie pendant l, Aqua, cetearyl alcohol, paraffinum liquidum, urea, calcium hydroxide, cetyl alcohol, thioglycolic acid, propylene glycol, potassium hydroxide, lithium hydroxide, butyrospermum parkii butter, parfum, sodium cetearyl sulfate, ceteareth-20, cyclopentasiloxane, disodium edta, tocopheryl acetate, bisabolol, aloe barbadensis leaf juice, lecithin, tocopherol, ascorbyl palmitate, glyceryl stearate, glyceryl oléate, citric acid, CI 77891.]|"
16,10€ / L"|"
3,22 €"
3690|Crème décolorante corps sans paraben                             Aux 3 huiles 100% naturelles|La boîte de 2 tubes de 60ml|[Origine : FRANCE, Une décoloration plaisir grâce à cette texture onctueuse et délicatement parfumée. Ce complexe associe 3 huiles 100% naturelles (huile de Neem, huile de sésame et huile essentielle de Boswellia Serrata), à l'efficacité prouvée, qui agissent en synergie pour protéger et apaiser la peau., Crème décolorante tube A (contient de l'ammoniaque) : aqua (water), paraffinum liquidum (mineral oil), cetearyl alcohol, ceteareth-20, parfum (fragrance), ammonium hydroxide, aloe barbadensis leaf extract, maltodextrin, sesamum indicum (sesame) seedoil, melia azadirechta seed oil, boswellia serrata oil, bht, citronellol, coumarin, alpha-isomethyl ionone, geraniol, hexyl cinnamal. Crème décolorante tube B (contient du peroxyde d'hydrogène) : aqua (water), paraffinum liquidum (mineral oil), cetearyl alcohol, ceteareth-20, etidronic acid, acetanilid. Sans paraben., 8 mois après ouverture.]|"
95,17€ / L"|"
11,42 €"
3691|Gel décolorant visage, à l'huile essentielle de camomille bleue apaisante|Les 2 tubes de 25ml|[Origine : FRANCE, Grâce à sa formule hyper active, le gel décolorant visage Blondépil permet une décoloration encore plus efficace et plus rapide des poils et duvets.Facile et pratique à utiliser grâce à son indicateur de dosage, le résultat est visible jusqu'à 4 semaines (selon la pilosité). A base de camomille bio, aux propriétés éclaircissantes et antiseptiques et à base de palmatine, le gel décolorant hyper actif visage Blondépil, prolonge l'effet blond. Au parfum délicat, ce gel s'utilise sans risque., Juste avant utilisation, détacher la spatule de la coupelle. Verser le gel n°1 et n°2 dans la coupelle en quantité équivalente (1 coupelle = 1 décoloration complète du visage). Bien mélanger à l'aide de la spatule. Si le dosage a été correctement effectué, une couleur rose apparaît (indicateur de dosage), le mélange est alors prêt à être appliqué. La couleur rose peut disparaître au bout de quelques minutes. Appliquer le mélange obtenu en couche épaisse sur la partie à décolorer. Laisser agir 7minutes (poils châtains) à 10 minutes (poils bruns) puis rincer abondamment à l'eau claire. Si le duvet est insuffisamment décoloré, renouveler l'opération (ne pas renouveler l'opération plus de deux fois par 24h). Ne pas conserver le mélange restantdans la coupelle et rincer la coupelle après utilisation. Utiliser sur une peau propre et sèche. Eviter le contact du produit avec une peau irritée, une plaie, les muqueuses ou les yeux. Si le produit entre en contact avec les yeux, rincer immédiatement avec de l'eau et consulter un spécialiste. Avant la première utilisation, faire un test sur une petite partie du corps. Si aucune réaction ne se manifeste au bout de 24h, vous pouvez utiliser régulièrement le produit. Un léger picotement est normal lors de la décoloration. Il est possible que des rougeurs apparaissent après la décoloration. Tenir hors de portée des enfants. Ne pas avaler., Gel N°1 : aqua, hydrogen peroxide, cetearyl alcohol, peg-40 castor oil, steareth-10 allyl ether/acrylates copolymer, chamomilla recutita oil, panthenol, sodium cetearyl sulfate, alcohol denat, caprylic/capric triglycéride, carbomer, tribehenin, xanthan gum, sorbitan laurate, palmatine, nylon-12, parfum, linalool, hexyl cinnamal, limonene, disodium edta, benzoic acid, phosphoric acid, o-cresolphtalein. Gel N°2 : aqua, sodium hydroxide, steareth-10 alkyl ether/acrylates copolymer, ammonium hydroxide, xanthan gum, sodium laureth sulfate. Sans paraben., 12 mois après ouverture.]|"
132,60€ / L"|"
6,63 €"
3692|Gel décolorant visage, sans ammoniaque|La boîte de 2x25|[Origine : FRANCE, Grâce à sa formule unique sans ammoniaque, ce gel décolorant au parfum agréable respecte même les peaux plus sensibles. 9 minutes suffisent pour obtenir une décoloration efficace et durable jusqu'à 4 semaines. Il s'utilise facilement et sans risque dès lors que le mélange devient rose. *Dépend du type de poils., Tous types de peaux. Avant utilisation, lire attentivement le mode d'emploi et les précautions d'emploi figurant sur la notice., 12 mois après ouverture.]|"
158,40€ / L"|"
7,92 €"
3693|Gel décolorant visage & corps, à la camomille bio et à la palmatine.|Les 2 tubes de 75ml|[Origine : FRANCE, Efficacité dès 7 min. 94% des femmes satisfaites. Résultats prouvés. Sans paraben. A l'huile essentielle de Camomille Bleau apaisante.Spécialement conçu pour les surfaces importantes (bras, jambes), le gel décolorant super actif grand format permet une décoloration encore plus efficace et plus rapide des poils et duvets. Facile et pratique à utiliser grâce à son indicateur de dosage, le résultat est visible jusqu'à 4 semaines (selon la pilosité). A l'huile Essentielle de Camomille Bleue et à lavitamine B sélectionnées respectivement pour leurs pouvoirs éclaircissants, antiseptiques, apaisants et hydratants, le gel décolorant super actif visage et corps Blondépil, au parfum délicat, s'utilise sans risque., Juste avant utilisation, verser le gel n°1 et le gel n°2 dans le gobelet en quantité équivalente. Bien mélanger à l'aide de la spatule. Si le dosage a été correctement effectué, une couleur rose apparaît (indicateur de dosage), le mélange est alors prêt à être appliqué. La couleur rose peut disparaître au bout de quelques minutes. Appliquer le mélange obtenu en couche épaisse sur la partie à décolorer. Laisser agir 7 minutes (poils châtains) à 10 minutes (poils bruns) puis rincer abondamment à l'eau claire. Si le duvet est insuffisamment décoloré, renouveler l'opération (ne pas renouveler l'opération plus de deux fois par 24h). Ne pas conserver le mélange restant dans le gobelet et rincer le gobelet après utilisation. Le gel décolorant super actif Blondépil s'utilise en mélangeant le gel N°1 (contenant de l'eau oxygénée) et le gel n°2 (contenant de l'ammoniaque). Utiliser sur une peau propre et sèche. Eviter le contact du produit avec une peau irritée, une plaie, les muqueuses ou les yeux. Si le produit entre en contact avec les yeux, rincer immédiatement avec de l'eau et consulter un spécialiste. Avant la première utilisation, faire un test sur une petite partie du corps. Si aucune réaction ne se manifeste au bout de 24h, vous pouvez utiliser régulièrement le produit. Un léger picotement est normal lors de la décoloration. Il est possible que des rougeurs apparaissent après la décoloration., Gel n°1 : aqua (water), hydrogen peroxide, cetearyl alcohol, peg-40 castor oil, steareth-10 alkyl ether/acrylates copolymer matricaria chamomilla, panthenol, sodium cetearyl sulfate, sodium laureth sulfate, alcohol denat (sd alcohol 39-c), carbomer,xanthan gum, parfum, linalool, hexyl cinnamal, limonene, disodium edta, 0201001, 0201002, ocresolphtalein. Gel n°2 : aqua (water) sodium hydroxide, steareth-10 alkyl ether/acrylates copolymer, ammonium hydroxide, xanthan gum, sodium laureth sulfate., 12 mois après ouverture.]|"
62,60€ / L"|"
9,39 €"
3694|Crème décolorante, poils superflus|Le pot de 30ml|[Origine : FRANCE, Jolen crème décolorante, pour les poils superflus des plus clairs aux plus foncés. Non testé sur les animaux., Le mélange des deux produits doit se faire exclusivement sur le plateau, dans la proportion suivante : 1 part d'activateur (fiole) pour 2 parts de crème (pot). Appliquez et laissez agir le produit ainsi mélangé pendant environ 15 minutes. Rincez à l'eau froide. Pour plus de détails, reportez-vous à la notice incluse. Ne jamais appliquer ce produit après un bain chaud. Si votre peau est sensible au mélange, enlevez-le avec la spatule et ajoutez de la crème. Evitez le contact du produit avec les yeux. Rincez immédiatement les yeux si le produit entre en contact avec ceux-ci. Ne pas avaler., Crème : aqua, hydrogen peroxide, glyceryl stéarate, isopropyl myristate, stearyl stearate, propylene glycol, aloe barbadensis, stearic acid, stearamidopropyl dimethylamine, phosphoric acid. Accélérateur : ammonium bicarbonate. Contient de l'eau oxygénée. Sans paraben., A utiliser dans les 12 mois après ouverture.]|"
307,33€ / L"|"
9,22 €"
3695|Crème décolorante à l'aloe vera|Le pot de 125ml|[Origine : FRANCE, Jolen crème décolorante, pour les poils superflus des plus clairs aux plus foncés., Le mélange des deux produits doit se faire exclusivement sur le plateau, dans la proportion suivante : 1 part d'activateur (fiole) pour 2 parts de crème (pot). Appliquez et laissez agir le produit ainsi mélangé pendant environ 15 minutes. Rincez à l'eau froide. Evitez le contact du produit avec les yeux. Rincez immédiatement les yeux si le produit entre en contact avec ceux-ci. Ne pas avaler. Ne jamais appliquer ce produit après un bain chaud. Si votre peau est sensible au mélange, enlevez-le avec la spatule et ajoutez de la crème. Contient de l'eau oxygénée., Crème : aqua, hydrogen peroxide, glyceryl stearate, isopropyl myristate, stearyl stearate, propylene glycol, aloe barbadensis, stearic acid, stearamidopropyl dimethylamine, phosphoric acid. Accélérateur : ammonium bicarbonate. Sans paraben., 12 mois après ouverture.]|"
172,96€ / L"|"
21,62 €"
3696|Crème décolorante à l'aloe vera, poils superflus, formule douce|Le pot de 30ml|[Origine : FRANCE, Jolen crème décolorante, pour les poils superflus des plus clairs aux plus foncés. Non testé sur les animaux., Le mélange des deux produits doit se faire exclusivement sur le plateau, dans la proportion suivante : 1 part d'activateur (fiole) pour 2 parts de crème (pot). Appliquez et laissez agir le produit ainsi mélangé pendant environ 15 minutes. Rincez à l'eau froide. Pour plus de détails, reportez-vous à la notice incluse. Ne jamais appliquer ce produit après un bain chaud. Si votre peau est sensible au mélange, enlevez-le avec la spatule et ajoutez de la crème. Evitez le contact du produit avec les yeux. Rincez immédiatement les yeux si le produit entre en contact avec ceux-ci. Ne pas avaler., Crème : aqua, hydrogen peroxide, glyceryl stéarate, isopropyl myristate, stearyl stearate, propylene glycol, aloe barbadensis, stearic acid, stearamidopropyl dimethylamine, phosphoric acid. Accélérateur : ammonium bicarbonate. Contient de l'eau oxygénée. Sans paraben., A utiliser dans les 12 mois après ouverture.]|"
292,33€ / L"|"
8,77 €"
3697|Crème décolorante pour les poils superflus|Le pot de 125ml|[Origine : FRANCE, PRECAUTION PARTICULIERE D'EMPLOI: CONTIENT DE L'EAU OXYGENEE. EVITER LE CONTACT DU PRODUIT AVEC LES YEUX. RINCER IMMEDIATEMENT LES YEUX SI LE PRODUIT ENTRE EN CONTACT AVEC CEUX-CI., Après ouverture, à consommer pendant 12 mois]|"
160,56€ / L"|"
20,07 €"
3698|Crème dépilatoire hydratante, fleur de Tiaré, efficacité poils   courts, toutes peaux, même sensibles|Le tube de 200ml|[Origine : ROYAUME UNI, Enrichie en Fleur de Tiaré adoucissante et en Cold Cream Nair nourrissant, cette crème onctueuse laisse la peau parfaitement nette, douce et hydratée dans le plus grand confort., Jambes, maillot, aisselles. Bien lire les précautions d'emploi avant utilisation. Avec la spatule ou à la main, recouvrir la zone à épiler, propre et sèche, avec une couche épaisse et régulière de crème. Après 5 à 6 minutes, tester une petite zone avec la tranche de la spatule. Si les poils ne partent pas facilement, laisser agir quelques minutes de plus (sans dépasser 15 minutes en tout). Retirer la crème à l'aide de la spatule, puis rincer la zone épilée immédiatement et abondamment à l'eau tiède sans savon, pour éliminer toute trace de crème. Contient des sels de l'acide thioglycolique et un agent alcalin. Suivre le mode d'emploi. Avant chaque utilisation, faire un essai sur une partie limitée de la zone à épiler. Si après 24h aucune réaction désagréable de l'épiderme n'est constatée, procéder à l'épilation complète. En cas de sensation de brûlure ou picotements, enlever immédiatement la crème dépilatoire et bien rincer à l'eau. Ne pas utiliser sur une peau irritée, boutonneuse, enétat de sudation ou après un bain. Attendre 24h avant d'utiliser un désodorisant, un parfum ou une lotion astringente. Eviter tout contact avec les yeux et les muqueuses. En cas de contact avec les yeux et les muqueuses, laver immédiatement et abondamment avec de l'eau et consulter un médecin. Ne pas s'épiler plus de 2 fois sur la même zone lors de la même séance d'épilation. A conserver hors de la portée des enfants. Ne pas avaler., Aqua, paraffinum liquidum, calcium thioglycolate, cetearyl alcohol, calcium hydroxide, sodium hydroxide, ceteth-20, silica, synthetic beeswax, parfum, gardenia tahitensis flower extract, glycerin, limonene, linalool, citronellol, amyl cinnamal, potassium sorbate, sorbic acid, CI45350., 12 mois après ouverture.]|"
29,10€ / L"|"
5,82 €"
3699|Crème dépilatoire hydratante, maillot-aisselles, huile de coton, lys blanc|La boîte de 100ml|[Origine : FRANCE, Efficacité et respect. Parce que le maillot et les aisselles sont des zones sensibles à la pilosité spécifique, cette crème dépilatoire Nair a été formulée pour une épilation efficace dans la plus grande douceur : enrichie en Cold Cream Nair aux vertus nourrissante et protectrice, en Huile de Coton hydratante et d'un extrait de Lys blanc adoucissant sa formule a été testée sous contrôle dermatologique et laisse la peau hydratée et confortable après rinçage. Texture et parfum plaisir. Onctueuse et délicatement parfumée, la crème dépilatoire Nair s'applique et se rince très facilement. Parfaitement épilée et hydratée, votre peau est incroyablement douce et soyeuse., Bien lire les précautions d'emploi avant toute première épilation. Avec la spatule ou à la main, recouvrir la zone à épiler, propre et sèche, avec une couche épaisse et régulière de crème. Après 5 à 6 minutes, tester une petite zone avec la tranche de la spatule. Si les poils ne partent pas facilement, laisser agir quelques minutes de plus. Ne pas laisser plus de 15 minutes au total. Retirer la crème à l'aide de la spatule, puis rincer la zone épilée immédiatement et abondamment à l'eau tiède sans savon, pour éliminer toute trace de crème.  Avant toute première utilisation, faire un essai sur une partie limitée de la zone à épiler. Si après 24 heures aucune réaction désagréable de l'épiderme n'est constatée, procéder à l'épilation complète.En cas de sensation de brûlure ou picotement, enlever immédiatement la crème dépilatoire et bien rincer à l'eau Ne pas utiliser sur une peau irritée, boutonneuse, en état de sudation ou après un bain Attendre 24 heures avant d'utiliser un déodorant,un parfum ou une lotion astringente Eviter le contact avec les yeux et les muqueuses. En cas de contact avec les yeux et les muqueuses, laver immédiatement et abondamment avec de l'eau et consulter un médecin  A conserver hors de portée des enfantsNe pas avaler, Aqua, paraffinum liquidum, calcium thioglycolate, cetearyl alcohol, calcium hydroxide, sodium hydroxide, ceteth-20, silica, synthetic beeswax, parfum, propylene glycol, lilium candidum extract, methylparaben, propylparaben, hydrogenated cottonseed oil, butylphenyl methylpropional, benzyl benzoate, limonene, linalool, alpha-isomethyl ionone, citronellol. Contient des sels de l'acide thioglycolique. Contient de l'alcali.]|"
57,20€ / L"|"
5,72 €"
3700|Crème dépilatoire hydratante, peaux sèches et sensibles, à l'huile de camélia, de ylang-ylang et cold cream|Le tube de 200ml|[Origine : FRANCE, La crème dépilatoire Peaux Sèche & Sensibles de Nair a été spécialement formulée pour un respect optimal des épidermes délicats et sensibles.Onctueuse et délicatement parfumée, elle est enrichie en Cold Cream Nair nourrissant, en huile de Camélia hydratante et d'un extrait d'Ylang-ylang connu pour ses propriétés protectrices pour une épilation tout en douceur., Bien lire les précautions d'emploi avant utilisation. Avec la spatule ou à la main, recouvrir la zone à épiler, propre et sèche, avec une couche épaisse et régulière de crème. Après 5 à 6 minutes, tester une petite zone avec la tranche de la spatule.Si les poils ne partent pas facilement, laisser agir quelques minutes de plus (sans dépasser 15 minutes en tout). Retirer la crème à l'aide de la spatule, puis rincer la zone épilée immédiatement et abondamment à l'eau tiède sans savon, pour éliminer toute trace de crème. Suivre le mode d'emploi. Avant tout première utilisation, faire un essai sur une partie limitée de la zone à épiler. Si après 24h aucune réaction désagréable de l'épiderme n'est constatée, procéder à l'épilation complète. En cas de sensation de brûlure ou picotements, enlever immédiatement la crème dépilatoire et bien rincer à l'eau. Ne pas utiliser sur une peau irritée, boutonneuse n état de sudation ou après un bain. Attendre 24 heures avant d'utiliser un déodorant, unparfum ou une lotion astringente. Eviter le contact avec les yeux et les muqueuses. En cas de contact avec les yeux et les muqueuses, laver immédiatement et abondamment à l'eau et consulter un médecin. Conserver hors de portée des enfants. Ne pas avaler., Aqua, paraffinum liquidum, calcium thioglycolate, cetearyl alcohol, calcium hydroxide, sodium hydroxide, ceteth-20, silica, synthetic beeswax, parfum, propylene glycol, cananga odorata extract, methylparaben, propylparaben, camellia oleifera seed oil, butylphenyl methylpropional, benzyl benzoate, limonene, linalool, alpha-isomethyl ionone, citronellol, Cl77491, Cl77492. Contient des sels de l'acide thioglycolique. Contient de l'alcali., 12 mois après ouverture.]|"
29,80€ / L"|"
5,96 €"
3701|Brume dépilatoire peaux sensibles, au complexe hydratant, aloe vera & vitamine E, 5 minutes|La bombe de 150ml|[Origine : FRANCE, Obtenez une peau douce grâce à la nouvelle brume dépilatoire Veet Peaux Sensibles enrichie en complexe hydratant, aloe vera et vitamine E.Elle vous épile efficacement sans couper le poil. La repousse est plus douce et votre peau est hydratée., Extrêmement inflammable. Voir le mode d'emploi et lire les précautions sur la notice avant l'utilisation. Suivre attentivement le mode d'emploi. Conçue pour les jambes, le maillot et les aisselles. Ne pas utiliser sur d'autres parties du corps. Ne pas utiliser sur les grains de beauté, les cicatrices, sur une peau boutonneuse, irritée, altérée, brûlée par le soleil, sur une peau épilée dans les dernières 72 heures ou sur une peau ayant déjà réagi à des crèmes dépilatoires. Consultez votre médecin avant utilisation si vous suivez un traitement pouvant affecter votre peau ou si vous souffrez d'un quelconque problème de peau. Avant toute utilisation, testez la réaction de votre peau en appliquant la crème sur une petite partie de la zone quevous souhaitez épiler en suivant le mode d'emploi. Si après 24 heures aucune réaction n'est apparue, commencez à utiliser la crème. Ne jamais pulvériser près du visage ou directement sur le maillot ou les aisselles. Eviter le contact avec les yeux. En cas de contact avec les yeux, rincer immédiatement et abondamment avec de l'eau et consulter un médecin. Ce produit peut rendre les surfaces glissantes. Eviter de le répandre sur les moquettes, vêtements ou sols. Tenir hors de la portée des enfants. En cas d'ingestion, consultez un médecin et montrez-lui l'emballage. Récipient sous pression. Ne pas percer ou brûler après usage. Ne pas vaporiser vers une flamme ou un corps incandescent. Conserver et utiliser à l'écart de toute flamme ou source, Aqua, urea, potassium thioglycolate, glycerin, calcium hydroxide, cetearyl alcohol, butane , propane, ceteareth-20, butyrospermum parkii, magnesium trisilicate, parfum, PEG-15 stearyl ether, isobutane, propylene glycol, sodium gluconate, acrylates copolymer, tocopheryl acetate, aloe barbadensis gel, hydrated silica, BHT, citronellol, limonene, CL 77891.]|"
57,33€ / L"|"
8,60 €"
3702|Crème décolorante spécial visage|Les 2 tubes de 30ml|[Origine : FRANCE, La crème décolorante Veet spécialement conçue pour le visage est une méthode facile, efficace et agréable pour dissimuler tous les poils que vous ne souhaitez pas épiler. Facile : une coupelle ainsi qu'une spatule spécialement conçues pour faciliterle mélange, l'application et le retrait. Efficace : seules 10 minutes suffisent pour rendre vos poils invisibles. Agréable : la formule associe un parfum et une texture agréables à des huiles adoucissantes., A l'aide de la spatule, mélangez dans la coupelle une dose de crème rose activante et une dose de crème blanche décolorante. Sur une peau propre et parfaitement sèche, étalez la préparation sur la zone à décolorer à l'aide de la spatule. Laissez la préparation agir pendant 10 minutes en chronométrant avec une montre. Si les poils ne sont pas assez clairs, laissez agir 5 minutes de plus tout en surveillant régulièrement. Ne jamais dépasser 15 minutes de temps de pose au total. Retirez la crème àl'aide de la spatule et rincez abondamment à l'eau tiède. Séchez sans frotter. Nettoyer la coupelle soigneusement et assurez-vous que les tubes sont bien refermés. Suivre le mode d'emploi. Conçu pour une utilisation sur le visage mais ne convient paspour les cils, les sourcils, les muqueuses, près des yeux ou tout autre partie du corps. Ne pas utiliser sur les boutons, coupures, cicatrices, varices, grains de beauté, une peau altérée, irritée, brûlée par le soleil ou une peau ayant déjà réagi àdes crèmes décolorantes dans le passé. Consultez votre médecin avant toute utilisation si vous suivez actuellement un traitement qui peut affecter votre peau ou si vous souffrez de problèmes de peau. Avant utilisation, toujours tester la réaction devotre peau en appliquant la crème sur une petite partie de la zone à traiter en suivant le mode d'emploi. Si après 24 heures aucune réaction désagréable de l'épiderme n'est constatée, commencer l'utilisation. En cas de sensation de picotements ou de, Crème activante (rose) : aqua, cetearyl alcohol, ceteareth-20, PPG-15 stearyl ether, ammonium hydroxide, sodium carbonate, bht, parfum, citronellol, geraniol, linalool, Cl 12490. Crème décolorante (blanche) : aqua, paraffinum liquidum, isopropyl myristate, hydrogen peroxide, steareth-21, cetyl alcohol, steareth-2, phosphoric acid. Contient 12% d'huiles adoucissantes. Contient de l'eau oxygénée., A conserver dans un endroit sec et frais]|"
116,83€ / L"|"
7,01 €"
3703|Crème décolorante visage et corps|Les 2 tubes de 75ml|[Origine : FRANCE]|"
78,87€ / L"|"
11,83 €"
3704|Crème dépilatoire, pafum rose velours & huiles essentielles|Le flacon de 400ml|[Origine : FRANCE, Des jambes douces jusqu'à deux fois plus longtemps qu'avec un rasoir grâce à a crème dépilatoire Veet. La formule Veet Suprem' Esssence est enrichie d'un mélange d'huiles essentielles et parfum Rose velours pour vous offrir une peau hydratée et délicatement parfumée., Suivre le mode d'emploi. Eviter le contact avec les yeux. En cas de contact avec les yeux, laver immédiatement et abondamment avec de l'eau et demander un avis médical. A conserver hors de la portée des enfants. Contient de l'alcali et des sels de l'acide thioglycolique. Ne pas utiliser sur une peau qui a déjà été épilée dans les dernières 72h., Aqua, urea, potassium thioglycolate, paraffinum liquidum, ceterayl alcohol, calcium hydroxide, talc, ceteareth-20, glycerin, sorbitol, parfum, potassium hydroxide, magnesium trisilicate, propylene glycol, lithium manesium sodium silicate, butyrospermum parkii butter, sodium gluconate, limonene, citrus aurantium dulcis peel oil, citrus grandis peel oil, benzyl alcohol, acrylates copolymer, linalool, hydrated silica, butylphenyl methylpropional methylchloroisothiazolinone, methylisothiazolinone, CI 77891.]|"
29,23€ / L"|"
11,69 €"
3705|Crème dépilatoire, parfum rose velours et huiles essentielles.|Le tube de 180ml|[Origine : FRANCE, Des jambes douces jusqu'à deux fois plus longtemps qu'avec un rasoir grâce à la crème dépilatoire Veet ! La formule Veet est efficace quelle que soit la longueur de vos poils, y compris sur les poils très courts. La formule Veet Suprem'Essence est enrichie d'un mélange d'Huiles Essentielles et de parfum Rose Velours pour vous offrir une peau hydratée et délicatement parfumée., Lire les précautions avant utilisation. Appliquez la crème directement à l'aide de la spatule, en couches régulières, pour recouvrir les poils. Laissez la crème agir pendant 3 minutes en chronométrant attentivement, puis retirez-la doucement avec laspatule en testant sur à une petite zone. Si les poils s'en vont facilement, enlevez le reste de la crème. En fonction du type de pilosité, il peut être nécessaire de laisser agir la crème un peu plus longtemps. Sans jamais excéder 6 minutes de tempsde pose au total. Rincez votre peau abondamment avec de l'eau après usage et séchez. Conserver l'emballage car il comprend le mode d'emploi et les précautions. Suivre le mode d'emploi. Ne pas excéder 6 minutes de temps de pose au total. Conçue pourles jambes, les bras, les aisselles et le maillot mais ne convient pas pour une utilisation sur toute autre partie du corps. Ne pas utiliser sur les grains de beauté, les cicatrices, sur une peau boutonneuse, irritée, altérée, brûlée par le soleil, rasée dans les dernières 72 heures ou ayant déjà réagi à des crèmes dépilatoires dans le passé. Consultez votre médecin avant toute utilisation si vous suivez un traitement qui peut affecter la peau ou si vous souffrez d'un quelconque problème de peau. Avant toute utilisation, toujours tester la réaction de votre peau en appliquant la crème sur une petite partie de la zone que vous souhaitez épiler, en suivant le mode d'emploi. Si après 24 heures aucune réaction désagréable de l'épiderme n'est co, Aqua, urea, potassium thioglycolate, paraffinum liquidum, cetearyl alcohol, calcium hydroxide, talc, ceteareth-20, glycerin, sorbitol, parfum, potassium hydroxide, magnesium trisilicate, propylene glycol, lithium magnesium sodium silicate, butyrospermum parkii butter, sodium gluconate, limonene, citrus aurantium dulcis peel oil, citrus grandis peel oil, benzyl alcohol, acrylates copolymer, linalool, hydrated silica, butylphenyl methylpropional, methylchloroisothiazolinone, methylisothiazolinone,Cl 77891. Contient de l'alcali et des sels de l'acide thioglycolique.]|"
43,22€ / L"|"
7,78 €"
3706|Crème dépilatoire, peaux normales, lait de lotus, senteur jasmin|Le tube de 200ml|[Origine : FRANCE, La crème dépilatoire Veet doux comme une caresse vous assure une épilation optimale en seulement 3 minutes. Spécialement conçue pour les peaux normales, sa formule enrichie au lait de lotus et sa senteur jasmin laissent votre peau parfaitement douceet hydratée. Vous vous sentez irrésistible., es copolymer, sodium gluconate, propylene glycol dicaprylate/caprate, nelumbo nucifera flower, xanthan gum, phenoxyethanol, methylparaben, ethylparaben, butylparaben, propylparaben et isobutylparaben BHT, hydrated silica, parfum, linalool, butylphenyl methylpropional, Cl77891, Cl45380/3. Contient de l'alcali et des sels de l'acide thioglycolique.]|"
34,45€ / L"|"
6,89 €"
3707|Crème dépilatoire au complexe hydratant, aloé vera et vitamine E, peux sensibles|Le tube de 200ml|[Origine : FRANCE, Spécialement conçue pour les peaux sensibles, cette formule est enrichie en aloé vera et vitamine E pour un respect maximal de votre peau.Des jambes douces jusqu'à deux fois plus longtemps qu'avec un rasoir grâce à la crème dépilatoire VEET ! Contrairement au rasoir qui peut parfois assécher la surface de votre peau, la nouvelle formule des crèmes dépilatoires VEET Hydro'Restor contient des ingrédients aident à restaurer le niveau naturel d'hydratation de la peau. La nouvelle formule VEET agit au plus près de la racine, ainsi votre peau reste douce plus longtemps !, Lire les précautions avant utilisation. Appliquez la crème directement à l'aide de la spatule, en couches régulières, pour recouvrir les poils. Laissez la crème agir 5 minutes en chronométrant attentivement, puis retirez-la doucement avec la spatuleen testant sur une petite zone. Si les poils s'en vont facilement, enlevez le reste de la crème. En fonction du type de pilosité, il peut être nécessaire de laisser agir la crème un peu plus longtemps, sans jamais excéder 10 minutes de temps de poseau total. Rincez votre peau abondamment avec de l'eau après usage et séchez. Conserver l'emballage car il comprend le mode d'emploi et les précautions. Suivre le mode d'emploi. Ne pas excéder 10 minutes de temps de pose total. Conçu pour les jambes,les bras, les aisselles et le maillot, mais ne convient pas pour une utilisation sur toute autre partie du corps. Ne pas utiliser sur les grains de beauté, les cicatrices, sur une peau boutonneuse, irritée, altérée, brûlée par le soleil, rasée dans les dernières 72 heures ou ayant déjà réagi à des crèmes dépilatoires dans le passé. Consultez votre médecin avant utilisation si vous suivez un traitement pouvant affecter la peau ou si vous souffrez d'un quelconque problème de peau. Avant toute utilisation, toujours tester la réaction de votre peau en appliquant la crème sur une petite partie de la zone que vous souhaitez épiler, en suivant le mode d'emploi. Si après 24 heures aucune réaction désagréable de l'épiderme n'est constatée, commencer, Aqua, urea, paraffinum liquidum, potassium thioglycolate, cetearyl alcohol, calcium hydroxide, talc, ceteareth-20, glycerin, magnesium trisilicate, parfum, propylene glycol, lithium magnesium sodium silicate, sodium gluconate, tocopheryl acetate, aloe barbadensis gel, acrylates copolymer, limonene, citronellol, potassium sorbate, sodium benzoate, methylchloroisothiazolinone, methylisothiazolinone, Cl77891. Contient de l'alcali et des sels de l'acide thioglycolique., 12 mois après ouverture.]|"
32,40€ / L"|"
6,48 €"
3708|Crème dépilatoire peaux sèches, 3 minutes|Le tube de 200ml|[Origine : FRANCE, La nouvelle formule de la crème dépilatoire Veet contient désormais 2 fois plus d'agents hydratant*. Elle vous assure une épilation optimale en seulement 3 minutes*** et laisse votre peau parfaitement douce et hydratée**. Et parce que la crème dépilatoire dissout le poil au lieu de le couper, fini la repousse qui pique ! Vous sentez votre peau plus douce plus longtemps qu'avec un rasoir. Spécialement conçue pour les peaux normales, sa formule est enrichie au Beurre de Karité & Senteur Pétale deLys., Lire les précautions avant utilisation. Appliquez la crème directement à l'aide de la spatule, en couches régulières et suffisamment épaisses pour recouvrir les poils. - Rincez-vous les mains et les ongles abondamment après utilisation. - Laissez lacrème agir pendant 3 minutes en chronométrant, puis la retirer doucement avec le bout de la spatule en testant sur une petite zone. Si les poils s'en vont facilement, enlevez le reste de la crème. En fonction du type de pilositè, il peut être nécessaire de laisser agir la crème un peu plus longtemps SANS JAMAIS DEPASSER 6 MINUTES de temps de pose au total. - Rincez votre peau abondamment avec de l'eau après usage et séchez.  CONSERVER HORS DE LA PORTEE DES ENFANTS. En cas d'ingestion, consulterimmédiatement un médecin et lui montrer l'emballage. Eviter le contact avec les yeux. En cas de contact avec les yeux, laver immédiatement et abondamment avec de l'eau et consulter un spécialiste. Contient de l'alcali et des sels de l'acide thioglycolique., Aqua, Urea, Paraffinum Liquidum, Cetearyl Alcohol, Potassium Thioglycolate, Calcium Hydroxide, Talc, Ceteareth-20, Pentaerythrityl, Tetrasostearate, Cyclopentasiloxane, Magnesium Trisilicate, Potassium Hydroxide, Propylene Glycol, Lithium Magnesium Sodium Silicilate, Dimethiconol, Butyrosperum Parkii Butter, Prunus Arnygdalus Dulcis Oil, Acrylates Copolymer, Sodium Gluconate, Hydrated Silica, Parfum, Citronellol, Hexyl Cinnamal, Linalool, Butylphenyl Methylpropional, Alpha Methyl Ionone, CI 77891, CI 77289.]|"
32,45€ / L"|"
6,49 €"
3709|Crème dépilatoire peaux sensibles, Aloé Véra et Vitamine E|Le tube de 100ml|[Origine : FRANCE, La crème dépilatoire Veet agit au plus près de la racine, même sur les poils courts. Spécialement conçu pour les aisselles et le maillot, son dôme applicateur permet d'épouser parfaitement la forme de votre corps et d'apposer la crème tout en douceur, sans en mettre partout. Ainsi votre peau reste douce jusqu'à 2 fois plus longtemps que le rasage. Cette formule, enrichie en aloé vera et vitamine E, est spécialement conçue pour convenir aux peaux sensibles. Elle laisse votre peau lisse et douce comme de la soie., 5 à 10 minutes. 3 étapes pour une peau belle et douce : Enlever le bouchon du tube. Appliquer la crème directement sur la zone à épiler, en utilisant l'embout du tube spécialement conçu pour les zones des aisselles et du maillot. Assurez-vous que lazone que vous voulez épiler est complètement recouverte de crème. Ne pas faire pénétrer la crème dans la peau. Laisser agir la crème pendant 5 minutes en chronométrant attentivement, puis la retirer doucement avec la spatule en testant sur une petitezone. Si les poils s'en vont facilement, enlever le reste de la crème avec la partie de la spatule adaptée à la taille de la zone épilée. En fonction du type de pilosité, il peut être nécessaire de laisser agir la crème plus longtemps. Sans jamais dépasser 10 minutes de temps de pose au total. Rincer votre peau abondamment avec de l'eau après usage et sécher. Nettoyer l'embout du tube et refermer le tube après utilisation. Conserver l'emballage car il comprend le mode d'emploi et les précautions. Lire les précautions avant utilisation et toujours suivre le mode d'emploi. Ne pas excéder 10 minutes de temps de pose au total. Ce produit convient pour une utilisation sur les jambes, les aisselles, le maillot, les bras, mais il ne convient paspour le visage, la tête, la poitrine, les zones péri annales ou génitales ou pour toute autre partie du corps. Ne pas utiliser sur les grains de beauté, les cicatrices, sur une peau boutonneuse, irritée, altérée, brûlée par le soleil, rasée dans les, Aqua, urea, cetearyl alcohol, potassium thioglycolate, ceteareth-20, calcium hydroxide, vp/hexadecene copolymer, ppg-15 stearyl ether, paraffinum liquidum, magnesium trisilicate, parfum, propylene glycol, lithium magnesium sodium silicate, sodium gluconate, tocopheryl acetate, aloe barbadensis leaf extract, acrylates copolymer, hydrated silica, bht, potassium sorbate, sodium benzoate, Cl 77891.]|"
66,80€ / L"|"
6,68 €"
3710|Crème dépilatoire peaux sensibles, au complexe hydratant, aloé vera & vitamine E|Le tube de 100ml|[Origine : FRANCE, La nouvelle formule de la crème dépilatoire Veet contient désormais deux fois plus d'agents hydratants. Elle vous assure une épilation optimale en seulement 5 minutes et laisse votre peau parfaitement douce et hydratée. Et parce que la crème dépilatoire dissout le poil au lieu de la couper, fini la repousse qui pique ! Vous sentez votre peau plus douce plus longtemps qu'avec un rasoir. Spécialement conçue pour les peaux sensibles, sa formule est enrichie à l'aloé vera et à la vitamine E., Lire les précautions avant utilisation. Appliquer la crème directement à l'aide de la spatule, en couches régulières et suffisamment épaisses pour recouvrir les poils. Laisser la crème agir pendant 5 minutes en chronométrant, puis la retirer doucement avec le bout de la spatule en testant sur une petite zone. Si les poils s'en vont facilement, enlever le reste de la crème. En fonction du type de pilosité, il peut être nécessaire de laisser agir la crème un peu plus longtemps sans jamais dépasser10 minutes de temps de pose au total. Rincer votre peau abondamment avec de l'eau après usage et sécher.  Suivre le mode d'emploi. Conçue pour les jambes, les bras, les aisselles et le maillot mais ne convient pas pour le cuir chevelu, le visage, lapoitrine et les zones péri-anales ou génitales. Ne pas utiliser sur les grains de beauté, les cicatrices, sur une peau boutonneuse, irritée, altérée, brûlée par le soleil, rasée dans les dernières 72 heures ou ayant déjà réagi à des crèmes dépilatoires. Consultez votre medecin avant toute utilisation si vous suivez un traitement qui peut affecter la peau ou si vous souffrez d'un quelconque problème de peau. Avant toute utilisation, toujours tester la réaction de votre peau en appliquant la crème sur une petite partie de la zone que vous souhaitez épiler, en suivant le mode d'emploi. Si après 24 heures aucune réaction désagréable de l'épiderme n'est constatée, commencez l'épilation. Si vous ressentez quelques picotements ou douleurs vives p, glycol, aloe barbadensis extract, tocopheryl acetate, sodium gluconate, acrylates copolymer, parfum, citronellol, limonene, Cl77891. Contient de l'alcali et des sels de l'acide thioglycolique.]|"
41,60€ / L"|"
4,16 €"
3711|Crème dépilatoire sous la douche|Le tube de 135ml|[Origine : FRANCE, Avec la nouvelle Crème Dépilatoire Sous la Douche Veet Suprem'Essence, votre peau sera douce et soyeuse en seulement 3 minutes.Découvrez la nouvelle crème dépilatoire Sous la Douche Veet Suprem'Essence, pour une peau douce, hydratée et délicatement parfumée. La formule Veet Suprem'Essence est enrichie d'un mélange d'huiles essentielles et de parfum rose velours, pour vous offrir une peau hydratée et délicatement parfumée. Fini les coupures du rasoir et l'odeur désagréable traditionnellement associée aux crèmes dépilatoires. Grâce à son complexe unique d'actifs résistants à l'eau, la crème reste sur votre peau pendant la douche. Elle est accompagnée d'une éponge douce pour laisser votre peau lisse comme de la soie., Lire les précautions avant utilisation. Avant la douche, appliquez la crème sur une peau sèche en une couche régulière. Utilisez pour cela le côté doux et coloré de l'éponge sèche. Assurez-vous que la zone que vous voulez épiler est complètement recouverte de crème. Ne faites pas pénétrer la crème dans la peau. Rincez-vous les mains et les ongles abondamment après utilisation. Une fois la crème appliquée, attendez 1 minute avant d'entrer dans la douche pour un résultat optimal. Dans la douche, laissez la crème agir 2 minutes en chronométrant attentivement. La crème partira au fur et à mesure au contact de l'eau. Pour qu'elle ne se retire pas trop vite, évitez d'exposer directement au jet d'eau les parties du corps couvertes de crème, pendant les 2 premières minutes de la douche. Pour retirer les poils et le reste de crème, utilisez le côté blanc de l'éponge en massant par mouvements circulaires. Si les poils s'en vont facilement, enlevez le reste de crème. En fonction du type de pilosité, il peut être nécessaire de laisser agir la crème plus longtemps sans jamais dépasser 6 minutes de temps de pose au total. Le côté doux et coloré de l'éponge peut être utilisé pour les zones sensibles. Rincez abondamment votre peau sous la doucheaprès utilisation. Rincez l'éponge. Refermez bien le tube après utilisation. Conserver l'emballage car il comprend les précautions et le mode d'emploi. Suivre le mode d'emploi. Conçue pour une utilisation sur les jambes, les bras, les aisselles et le, Aqua, urea, cetearyl alcohol, potassium thioglycolate, calcium hydroxide, ceteareth-20, polyethylene, ppg-15 stearyl ether, parfum, magnésium trisilicate, potassium hydroxide, propylene glycol, paraffinum liquidum, acrylates copolymer, butyrospermumparkii, sodium gluconate, limonene, citrus aurantium dulcis oil, citrus grandis oil, benzyl salicylate, butylphenyl methylpropional, linalool, hydrated silica, propylene glycol dicaprylate/dicaprate, nelumbo nucifera flower extract, bht, phenoxyethanol, xanthan gum, methylparaben, butylparaben, ethylparaben, isobutylparaben, propylparaben, Cl77891., 12 mois après ouverture.]|"
57,93€ / L"|"
7,82 €"
3712|Crème dépilatoire sous la douche, peaux sensibles|Le flacon de 400ml|[Origine : FRANCE]|"
37,05€ / L"|"
14,82 €"
3713|Crème dépilatoire sous la douche, peaux sensibles, aloe vera & vitamine E|Le tube de 150ml|[Origine : FRANCE, Obtenez une peau douce tout en vous douchant grâce à la Crème Dépilatoire Sous la Douche Veet Peaux Sensibles enrichie en Complexe Hydratant, Aloé Vera et Vitamine E.Elle vous épile efficacement sans couper le poil. La repousse est ainsi plus douce et votre peau est hydratée. Grâce à son complexe unique d'actifs résistants à l'eau, la crème reste sur votre peau pendant la douche. Elle est accompagnée d'une éponge très douce pour laisser votre peau lisse comme de la soie., Lire les précautions avant utilisation. Avant la douche, appliquez ta crème sur votre peau sèche en une couche régulière. Utilisez pour cela le côté doux et coloré de l'éponge sèche. Assurez-vous que la zone que vous voulez épiler est complètement recouverte de crème. Ne faites pas pénétrer la crème dans la peau. Rincez-vous les mains et les ongles abondamment après utilisation. Une fois la crème appliquée, attendez 2 minutes avant d'entrer dans la douche pour un résultat optimal. Dans la douche, laissez la crème agir 3 minutes en chronométrant attentivement. La crème partira au fur et à mesure au contact de l'eau. Pour qu'elle ne se retire pas trop vite, évitez d'exposer directement au jet d'eau les parties du corps couvertes de crème, pendant les 3 premières minutes de la douche. Pour retirer les poils et le reste de crème, utilisez le côté blanc de l'éponge en massant par mouvements circulaires. Si les poils s'en vont facilement, enlevez le reste de crème, en fonction du type de pilosité, il peut être nécessaire de laisser agir la crème plus longtemps sans jamais dépasser 10 minutes de temps de pause au total. Le côté doux et coloré de l'éponge peut être utilisé pour les zones sensibles. Rincez abondamment votre peau sous la douche après utilisation. Rincez l'éponge. Refermez bien le tube après utilisation. Conserver l'emballage car il comprend les précautions et le mode d'emploi. Suivre le mode d'emploi. Conçu pour une utilisation sur les jambes, les bras, les aisselles e, Aqua, urea, cetearyl alcohol, potassium thioglycolate, ceteareth-20, calcium hydroxide, vp/hexadecene copolymer, ppg-15 stearyl ether, paraffinum liquidum, magnésium trisilicate, parfum, propylene glycol, lithium magnésium sodium silicate, sodium gluconate, tocopheryl acétate, aloe barbadensis leaf extract, acrylates copolymer, hydrated silica, limonene, bht, potassium sorbate, sodium benzoate, Cl 77891. Contient de l'alcali et des sels de l'acide thioglycolique., 12 mois après ouverture. Ne pas stocker les produits directement à la lumière du soleil.]|"
48,00€ / L"|"
7,20 €"
3714|Gommage stimulant, extrait de citron&noyaux d'abricots, exfoliant&dynamisant, corps.|Le tube de 200ml|[Origine : FRANCE, Ce gommage stimulant élimine les cellules mortes sur une peau douce et soyeuse. Son parfum et l'huile essentielle de citron aident à stimuler votre corps et à éveiller vos sens., Appliquer sur une peau humide, par mouvement circulaire, 1 à 2 fois par semaine ou la veille d'une épilation. Ne pas utiliser pour le visage. Eviter tout contact avec les yeux et les muqueuses. Appliquer sur une peau saine., Aqua (water), aloe barbadensis leaf juice*, cetyl glucoside, glycerin, hydrated silica, parfum (fragrance), caprylyl/capryl glucoside, cellulose gum, benzyl alcohol, xanthan gum, olea europaea (olive) seed powder, prunus armeniaca (apricot) seed powder*, caramel, citrus limon (medica limonum) peel oil*, citric acid, dehydroacetic acid, sodium sulfate, limonene. *ingrédients issus de l'agriculture biologique., 6 mois après ouverture. A conserver à l'abri de la chaleur et de l'humidité.]|"
68,45€ / L"|"
13,69 €"
3715|Gommage stimulant, extrait de citron&noyaux d'abricots, exfoliant&dynamisant, corps.|Le tube de 200ml|[Origine : FRANCE, Ce gommage stimulant élimine les cellules mortes sur une peau douce et soyeuse. Son parfum et l'huile essentielle de citron aident à stimuler votre corps et à éveiller vos sens., Appliquer sur une peau humide, par mouvement circulaire, 1 à 2 fois par semaine ou la veille d'une épilation. Ne pas utiliser pour le visage. Eviter tout contact avec les yeux et les muqueuses. Appliquer sur une peau saine., Aqua (water), aloe barbadensis leaf juice*, cetyl glucoside, glycerin, hydrated silica, parfum (fragrance), caprylyl/capryl glucoside, cellulose gum, benzyl alcohol, xanthan gum, olea europaea (olive) seed powder, prunus armeniaca (apricot) seed powder*, caramel, citrus limon (medica limonum) peel oil*, citric acid, dehydroacetic acid, sodium sulfate, limonene. *ingrédients issus de l'agriculture biologique., 6 mois après ouverture. A conserver à l'abri de la chaleur et de l'humidité.]|"
68,45€ / L"|"
13,69 €"
3716|Anti-repousse, sans paraben, ralentit la repousse des poils.|Le flacon de 75ml|[Origine : FRANCE, L'actif végétal anti-repousse contenu dans cette formule ralentit progressivement la repousse du poil, en l'affaiblissement à la racine., Appliquer sur une peau saine. Ne pas utiliser pour un autre usage que celui indiqué. Eviter tout contact avec les yeux et les muqueuses. Conserver hors de la portée des enfants. Ne pas avaler., Aqua, alcohol denat, glycerin, PEG-7 glyceryl cocoate, PEG-40 hydrogenated castor oil, mannitol, parfum, pentylene glycol, ammonium glycyrrhizate, gymnema sylvestre extract, caffeine, zinc gluconate, aesculus hippocastanum extract, allantoin, coumarin, isoeugenol, alpha-isomethyl ionone, sodium hydroxide, CI42090., 17 mois après ouverture.]|"
82,67€ / L"|"
6,20 €"
3717|Dermo-soin épilation, spécial poils incarnés|Le flacon de 75ml|[Origine : FRANCE, Le Dermo-soin épilation purifie la peau prévient des boutons, rougeurs et élimine les poils sous peau sur les zones les plus sensibles comme les aisselles et le maillot. Sa formule est un véritable cocktail antibactérien, exfoliant, riche en vitamines A, E, C, et B3. Le complexe anasensyl apaise l'épiderme juste après l'épilation. Enfin la glycérine hydratante et l'allantoïne rendent votre peau douce et satinée., Appliquer avec un coton, juste après l'épilation et renouveler régulièrement.  Conserver hors de portée des enfants, ne pas avaler, ne pas utiliser pour un autre usage que celui indiqué, éviter tout contact avec les yeux., Aqua, alcohol denat., glycerin, PPG-1 PEG-9 lauryl glycol ether, PEG-7 glyceryl cocoate, mannitol (and) ammonium glycyrrhizate (and) caffeine (and) aesculus hippocastanum seed extract, allantoin, tocopheryl acetate, glutamic acid, ascorbic acid, methylchloroisothiazolinone (and) methylisothiazolinone, piroctone olamine, niacinamide, DL tryptophane, retinyl palmitate, parfum, coumarin, isoeugenol, alpha-iso-methyl ionone, Cl16255. Sans paraben., A utiliser dans les 6 mois après ouverture.]|"
82,27€ / L"|"
6,17 €"
3718|Dermo-soin post-épilation, huile d'azulène, formule non grasse|Le flacon de 75ml|[Origine : FRANCE, Sa formule apaisante est conçue pour éliminer les résidus de cire résine, hydrater et modérer la repousse. Pour une peau nette, belle et hydratée plus longtemps  Cette huile convient après toutes les épilations., Après l'épilation ou le rasage. Appliquer après l'épilation par massage léger puis régulièrement jusqu'à l'épilation suivante. Appliquer sur une peau saine. Ne pas utiliser pour un autre usage que celui indiqué. Conserver hors de la portée des enfants. Ne pas avaler., Isopropyl myristate, menthol, guaiazulene, penethyl alcohol. Sans paraben., A utiliser dans les 6 mois après ouverture.]|"
82,27€ / L"|"
6,17 €"
3719|Huile sèche merveilleuse, à la poudre d'or, protectrice et sublimante, corps et cheveux.|Le flacon de 150ml|[Origine : FRANCE, L'huile merveilleuse Laurence Dumont protège et sublime votre peau en un seul geste. Sa formule unique à la poudre d'Or et à la vitamine E donne à la peau un effet satiné tout en la protégeant des agressions extérieures. Sa texture non grasse pénètrerapidement et laisse sur votre peau un parfum gourmand et envoûtant pour un véritable moment de plaisir., Secouez soigneusement avant utilisation. Vaporisez sur le corps et les cheveux pour un effet glamour et scintillant. Appliquer sur une peau saine. Eviter tout contact avec les yeux et les muqueuses. Ne contient pas de filtre solaire, ne protège pas des rayons UV., Caprylic capric, triglyceride, hydrated silica, mica parfum, titanium dioxyde, tocopherol (mixed), iron oxides, gold, benzyl salicylate, coumarin, limonene, linalool., 12 mois après ouverture. A conserver à l'abri de la chaleur.]|"
48,00€ / L"|"
7,20 €"
3720|Rasoir jetable féminin bikini.|Le paquet de 3 rasoirs|[Origine : FRANCE, La petite tête du rasoir jetable bikini Monoprix a été spécialement conçue pour atteindre les zones sensibles et vous assurer un rasage de près et efficace. Sa lame protégée vous apporte un meilleur confort et plus de sécurité. Sa bande lubrifiante enrichie en extrait d'aloe vera et en huile d'arbre de thé limite les risques d'irritation. Spécialement adapté pour les peaux sensibles., Mouillez la peau à l'eau chaude. Utilisez de préférence un gel à raser. Rincez régulièrement la lame sous l'eau courante. Après le rasage, rincez la peau et la sécher. Conserver hors de la portée des enfants. Ne jamais toucher ou essuyer les lames. Après utilisation, repositionner le capot de protection sur les lames pour plus de sécurité., Peg-7m, peg-115m, polystyrene, tocopheryl acetate, malaleuca alternifolia leaf oil, aloe barbadensis leaf extract, paraffinum liquidum, Cl 77891, Cl 73915, Cl 77007.]|"
0,79€ / Pce"|"
2,38 €"
3721|Rasoirs jetables pour elle, avec bande lubrifante, 3 lames|Le paquet de 4 rasoirs|[Origine : FRANCE, La tête pivotante  du  rasoir jetable  Monoprix 3 lames s'adapte parfaitement aux courbes de votre corps  pour un rasage de près et en toute sécurité.Son manche antidérapant vous assure une bonne prise en mains même sous la douche. Sa bande lubrifiante enrichie en extrait d'aloé vera et en huile de jojoba vous procure douceur. Pour peaux sensibles., Repositionner le capot de protection sur les lames pour plus de sécurité après utilisation. Ne pas laisser à la portée des enfants. Ne jamais toucher ni essuyer les lames., PEG-7M, PEG-115M,  Polystyrène, tocophéryle acétate, aloé barbadensis leaf extract, paraffinum liquidum, simmondsia chinensis seed oil, vitis vinifera seed oil, butyrospermum parkii butter, theobroma cacao seed butter, CI 77891, CI 73915, CI 77007.]|"
1,00€ / Pce"|"
4,01 €"
3722|Rasoirs jetables pour elle, bande lubrifiante, enrichie en vitamine E*, & en extrait d'aloe vera|Le paquet de 5 rasoirs|[Origine : ETATS-UNIS AMERIQUE, Rincez régulièrement le rasoir au cours du rasage. Après utilisation, repositionnez le capot de protection sur les lames. Vous pouvez utiliser le gel à raser de Monoprix pour un rasage en toute sécurité. Ne jamais essuyer les lames. Ne pas laisser àla portée des enfants., PEG-7M, PEG-155M, polystyrène,  tocopheryl acetate.]|"
0,38€ / Pce"|"
1,90 €"
3723|Rasoirs jetables, Aloe Vera|Le sachet de 4 rasoirs jetables|[Origine : FRANCE, PEG-115M, Tocopherol, polysorbate 20, Aloe Barbadensis, BHT.]|"
0,74€ / Pce"|"
2,96 €"
3724|Rasoirs jetables, aloe vera & vitamines E|Le sachet de 3 rasoirs|[Origine : FRANCE, Rasoir doté d'une technologie de lames mobiles. Une peau douce comme la soie. Aloe vera & vitamine E., PEG-115M, tocopherol, polysorbate 20, aloe barbadensis, BHT.]|"
1,22€ / Pce"|"
3,66 €"
3725|Rasoirs jetables, lames mobiles.|Blister de 4 rasoirs|[Origine : FRANCE, Rasoir 4 lames actives/mobiles. Pour une peau douce et soyeuse., PEG-115M, prunus amygdalus dulcis oil, tocopherol, theobroma cacao butter, butyrospermum parkii butter, aloe barbadensis, cocos nucifera oil, BHT.]|"
2,02€ / Pce"|"
6,07 €"
3726|Rasoirs jetables pour elle, peaux sensibles|Le paquet de 8 rasoirs|[Origine : FRANCE]|"
0,39€ / Pce"|"
3,10 €"
3727|Rasoirs jetables pour elle, vitamin E|Les 4 rasoirs|[Origine : FRANCE]|"
1,20€ / Pce"|"
4,79 €"
3728|Tout en un , rasoir pour elle.|Le manche + 4 recharges|[Origine : FRANCE, 3 lames pour un rasage de près et confortable. Manche compatible avec les recharges de Bic Soleil Clic., PEG-115M, prunus amygdalus dulcis oil, tocopherol, theobroma cacao butter, butyrospermum parkii butter, aloe barbadensis, cocos nucifera extract, BHT.]|"
6,17€ / Pce"|"
6,17 €"
3729|Lames|Le paquet de 4 lames|[Origine : FRANCE, Venus Breeze rend le rasage si facile ! Pas besoin de mousse à raser ou savon. Barres de gel à raser intégrées aux huiles extraites de plantes et au parfum tropical frais.Les barres de gel flexibles épousent chaque courbe de votre corps pour un rasage incroyablement précis., Il vous suffit de mouiller le rasoir pour obtenir une mousse légère et une glisse tout en douceur. Toutes les recharges de lames Venus conviennent à tous les manches Venus. Scellées séparément pour être au propre et au sec même dans la douche., Gel bar ingredients : sodium stearate, propylene glycol, aqua, glycerin, sorbitol, sodium laureth sulfate, sodium myristate, squalane, olea europaea (olive) fruit oil, persea gratissima (avocado) oil, paraffinum liquidum, polyethylene, polybutene, peg-90M, peg-45M, parfum, lauryl dimethicone/polyglycerin-3 crosspolymer, garcinia indica seed butter, peg-7M, niacinamide, panthenol, polyquaternium-10, tris (tetramethylhydroxypiperidinol) citrate, tetrasodium etidronate, pentasodium pentetate, alpha-isomethyl ionone, amyl cinnamal, benzyl salicylate, butylphenyl methylpropional, citronellol, hexyl cinnamal, limonene, linalool, Cl 60730, Cl 17200. Lubrastrip ingredients : peg-115M, peg-7M, peg-100, bht, tocopheryl acetate, aloe barbadensis, vitis vinifera, persea gratissima.]|"
3,91€ / Pce"|"
15,65 €"
3730|Lames|Les 4 lames|[Origine : FRANCE, Les 3 lames offrent un rasage de près exceptionnel.                       Barres de gel à raser intégrées aux huiles extraites de plantes et au parfum., Toutes les lames Venus sadaptent à tous les rasoirs de la gamme Venus.]|"
3,99€ / Pce"|"
15,95 €"
3731|Lames confort de rasage|Les 4 lames|[Origine : FRANCE]|"
4,31€ / Pce"|"
17,25 €"
3732|Lames confort de rasage|Les 5 lames et 3 recharges|[Origine : FRANCE, 5 lames confort pour moins de sensations d'irritations ** vs. Simply VenusTM. Toutes les lames Venus® s'adaptent à tous les rasoirs Venus® !, Clipser la lame sur le manche de rasoir Venus. Faire mousser avec du gel., PEG-115M, PEG-7M, PEG-100, BHT, TOCOPHERYL ACETATE, ALOE BARBADENSIS. RIBBON]|"
5,13€ / Pce"|"
15,40 €"
3733|Lames de rasage pour elle|Les 3 recharges de 5 lames|[Origine : FRANCE, Pack de recharges 5 Lames pour atteindre un maximum de poils et une peau incroyablement douce !                                                     Toutes les lames Venus® s'adaptent à tous les rasoirs Venus® !            5 lames qui épousent vos courbent et s'ajustent individuellement pour laisser une peau soyeuse,Ruban protecteur lubrifiant pour une glisse tout en douceur.                                                                   Clipser la lame sur le manche de rasoir Venus. Faire mousser avec du gel., Recharges fermées hermétiquement pour rester au sec sous la douche. Toutes les recharges Venus sont compatibles avec tous les rasoirs Venus., LUBRASTRIP : PEG-115M, PEG 7-M, PEG-100, BHT, TOCOPHERYL ACETATE, ALOE]|"
4,84€ / Pce"|"
14,51 €"
3734|Lames de rasage pour elle|Les 8 lames|[Origine : FRANCE]|"
2,54€ / Pce"|"
20,28 €"
3735|Rasoir 5 lames, aide à retenir l'hydratation de la peau.|Le rasoir|[Origine : FRANCE, Aide à retenir l'hydratation de la peau tout en rasant de près. Vous aimez la sensation d'avoir une peau douce et lisse, mais le rasage peut parfois rendre votre peau terne et sèche. Seul le rasoir Vénus & Olaz combine le meilleur de la technologie du rasage Gillette et l'expertise du soin de la peau Olaz. Les barre lubrifiantes Olaz aident à maintenir lhydratation de votre peau pour réduire les sensations de sécheresse et les 5 lames Venus vous procurent un rasage de près. Résultat : une peaubelle et ultra douce. Pas besoin de gel à raser. Manche anti-dérapant souple pour une meilleure prise en main., 24 mois après ouverture.]|"
14,00€ / Pce"|"
14,00 €"
3736|Rasoir Breeze SPA|L'unité|[Origine : FRANCE, Rasoir 2 en 1 avec Barres de Gel à Raser intégrées.                       Le secret pour gagner du temps lors du rasage ? Venus Breeze. Il suffit de mouiller le rasoir pour obtenir un rasage incroyablement doux.           Les barres de gel à raser intégrées rendent le rasage si facile.          Les 3 lames offrent un rasage de près exceptionnel.                       Recharges de lames interchangeables. Support de douche pour un rangement ultra pratique des lames. Manche anti-dérapant pour une prise en main sûre., Gel bars : sodium stearate, propylene glycol, aqua, glycerin, sorbitol, sodium laureth sulfate, sodium myristate, squalane, olea europaea (olive) fruit oil\persea gratissima (avocado) oil, paraffinum liquidum, polyethylene, polybutene, peg-90m, peg-45m, lauryl dimethicone/polyglycerin-3 crosspolymer, garcinia indica seed butter, parfum, peg-7m, tris(tetramethylhydroxypiperidinol) citrate, niacinamide, panthenol, polyquaternium-10, tocopheryl acetate, tetrasodium etidronate, pentasodium pentetate, benzyl salicylate, hexyl cinnamal, limonene, linalool, Cl17200. Lubrastrip : peg-115m, peg-7m, peg-100, bht, tocopheryl acetate, aloe barbadensis, vitis vinifera, persea gratissima.]|"
12,24€ / Pce"|"
12,24 €"
3737|Rasoir féminin|L'unité|[Origine : FRANCE]|"
11,57€ / Pce"|"
11,57 €"
3738|Rasoir pour elle|Le rasoir 5 lames confort|[Origine : FRANCE, Un rasage de près, avec moins de sensations d'irritations. Idéal, même pour les peaux sensibles ! 5 lames Confort plus resserrées, pour réduire la pression. Un ruban lubrifiant protecteur à la formule enrichie, pour une glisse facile. Manche en gel souple, pour un contrôle optimal., Peg-7m, peg-115m, peg-100, bht, tocopheryl acetate, aloe barbadensis., 24 mois après ouverture.]|"
12,97€ / Pce"|"
12,97 €"
3739|Rasoir pour elle|Le rasoir et 2 lames|[Origine : FRANCE, Le premier rasoir 3 lames conçu pour les femmes.                          Le rasoir Venus Classique est doté de 3 lames entourées de coussinets protecteurs pour un rasage de près en douceur.                                3 lames pour un rasage de près Coussinets protecteurs pour se raser sans se couper Recharges de lames interchangeables Manche agréable fraîchement parfumé aux couleurs tropicales, prise en main confortable et antu-glisse., PEG-115M, PEG-7M, PEG-100, tocopheryl acetate, bht, aloe barbadensis.]|"
9,56€ / Pce"|"
9,56 €"
3740|Rasoirs jetables 5 lames confort.|Les 3 rasoirs|[Origine : FRANCE, Un rasage de près, avec moins de sensations d'irritations. Idéal, même pour les peaux sensibles ! 5 lames Confort plus resserrées, pour réduire la pression. Un ruban lubrifiant protecteur à la formule enrichie, pour une glisse facile. Manche en gel souple, pour un contrôle optimal., Peg-7m, peg-115m, peg-100, bht, tocopheryl acetate, aloe barbadensis., 24 mois après ouverture.]|"
5,15€ / Pce"|"
15,44 €"
3741|Rasoirs jetables avec plaquettes lubrifiantes, ultragrip|Le sachet de 10 rasoirs|[Origine : FRANCE, Avec plaquettes lubrifiantes à l'Aloe Vera et manche ultragrip., Peg-115M, Peg-7M, Peg-100, BHT, tocopheryl acetate, aloe barbadensis, paraffinum liquidum.]|"
0,60€ / Pce"|"
5,97 €"
3742|Rasoirs jetables pour elle|Les 4 rasoirs|[Origine : FRANCE, PEG-115M, PEG-7M, PEG-100,BHT, tocopheryl acetate, aloe barbadensis, vitis vinifera, persea gratissima.]|"
1,14€ / Pce"|"
4,56 €"
3743|Rasoirs jetables Proskin|Les 3 rasoirs|[Origine : FRANCE]|"
2,85€ / Pce"|"
8,54 €"
3744|Un rasage de près pour des jambes éblouissantes.|La boîte de 4 cartouches|[Origine : FRANCE, Un rasage de près et une peau douce comme de la soie en un seul passage., Toutes les recharges de lames Venus conviennent à tous les manches Vénus., PEG-115M, PEG-7M, PEG-100, tocopheryl acetate, BHT, aloe barbadensis.]|"
2,58€ / Pce"|"
10,31 €"
3745|Bikini, tout en un rasoir et tondeuse bikini|Le rasoir + pile, lame et supp|[Origine : FRANCE, Un seul accessoire pour un geste beauté si facile: un rasoir pour une peau douce et lisse et une tondeuse bikini pour un maillot soigné., PEG 115-M, PEG-100, Tocopherol Acetate, Aloe Barbadensis, Panthenol., PEG 115-M, PEG-100, Tocopherol Acetate, Aloe Barbadensis, Panthenol.]|"
14,47€ / Pce"|"
14,47 €"
3746|Lames spécial courbes au sérum hydratant, aux extraits marins|La boîte de 5 lames|[Origine : FRANCE, 5 lames speciales courbes munies de micro-coussins protecteurs uniques qui lissent la peau pour réduire les irritations. Sérum hydratant  aux extraits marins, qui s'active au contact de l'eau.  Hydrate comme aucun autre rasoir, laissant la peau douceet soyeuse., PEG-115M, titanium dioxide, algae, lauryl methacrylate/glycol, dimethacrylate crosspolymer, butyrospermum parkii (shea) butter.]|"
4,34€ / Pce"|"
13,03 €"
3747|Lames tête pivotante, pour une douceur longue durée, hypo-allergenic, aloe.|Les 3 recharges|[Origine : FRANCE, 4 lames. Tête pivotante. Pour une douceur longue durée., Peg-115m, peg-100, aloe barbadensis.]|"
3,48€ / Pce"|"
10,45 €"
3748|Lames ultra-fines pour peau douce et lisse|La boite de 4|[Origine : FRANCE, 4 lames ultra fines pour une peau douce et lisse en un clin d'oeil., PEG 115-M, PEG-7M, PEG-100, tocopheryl acetate, aloe barbadensis, panthenol.]|"
2,70€ / Pce"|"
8,09 €"
3749|Rasoir intuition naturals sensitive, mousse et hydrate pendant lerasage.|Le rasoir|[Origine : FRANCE, Mousse, rase et hydrate votre peau en un seul geste grâce à ses 4 lames au coeur d'un savon crème ultra doux. Pour une peau plus radieuse. Pas besoin de préparation à raser, de gel douche ou de savon., Humidifiez le savon-crème pour obtenir une mousse légère et une glisse tout en douceur, et appliquer délicatement sur la peau. Grader la peau et le savon-crème humide pendant le rasage., Sodium palmitate, sodium cocoate, sodium isostearate, aqua, potassium palmitate, glycerin, sodium isostearoyl lactylate, potassium cocoate, kaolin, potassium isostearate, sucrose cocoate, titanium dioxide, sodium chloride, peg 50, shea butter, tocopheryl acetate, pentasodium pentetate, tetrasodium etidronate, isostearic acid, aloe barbadensis leaf extract, parfum, linalool, ci 77288. Bande : pvp, peg 115m, peg 7m, aloe barbadensis leaf juice, tocopheryl acetate, maltodextrin., 24 mois après ouverture.]|"
11,63€ / Pce"|"
11,63 €"
3750|Rasoir lames spéciales courbes avec sérum hydratant aux extraits marins|L'unité|[Origine : FRANCE, Hydrate comme un autre rasoir, laissant la peau douce et soyeuse. Sérum hydratant aux extraits marins, qui s'active au contact de l'eau. Micro-coussins protecteurs uniques qui lissent la peau pour réduire les irritations. 5 lames qui épousent vos courbes et s'ajustent individuellement pour un rasage au plus près. Manche finition Soft Touch., Rechargez avec les lames Wilkinson Sword Hydro Silk.]|"
11,32€ / Pce"|"
11,32 €"
3751|Rasoirs jetables extra3 beauty, aloe.|Le sachet de 6 rasoirs+2 grat.|[Origine : FRANCE, PEG-115M, PVP, PEG-100, cyclodextrin, tocopherol, simmondsia chinensis, butyrospermum parkii, aloe barbadensis, maltodextrin.]|"
1,32€ / Pce"|"
7,92 €"
3752|Rasoirs jetables Hydro 5|Le paquet de 3|[Origine : FRANCE, Hydrate (les couches supérieures de l'épiderme jusqu'à 2 heures après le rasage) comme aucun autre rasoir, laissant la peau douce et soyeuse. Sérum hydratant aux extraits marins, qui s'active au contact de l'eau. Micro-coussins protecteurs uniques qui lissent la peau pour réduire les irritations. 5 lames qui épousent vos courbes et s'ajustent individuellement pour un rasage au plus près. Testé dermatologiquement., 24 mois après ouverture.]|"
2,36€ / Pce"|"
9,42 €"
3753|Rasoirs Xtreme 3 Beauty, Aloe & Jajoba flexible confort|La paquet de 3 + 1 gratuit|[Origine : FRANCE, PEG-115M, PVP, PEG-100, cyclodextrin, tocopherol, simmondsia chinensis, butyrospermum parkii, aloe barbadensis, maltodextrin.]|"
2,18€ / Pce"|"
6,54 €"
3754|Gel a raser à l'extrait d'aloe vera, peaux sensibles|La pompe de 75ml|[Origine : FRANCE, Mouillez votre peau à l'eau tiède. Appuyer sur le diffuseur en le maintenant droit pour recueillir le gel. Etalez sur votre peau tout en massant de manière à obtenir une mousse onctueuse. Rincez à l'eau claire après usage.  Récipient sous près pression. A protéger contre les rayons solaires et à ne pas exposer à une température supérieure à 50°C. Ne pas percer ou brûler, même après usage. Ne pas vaporiser vers une flamme ou un corps incandescent. Conserver a I'écart de toute flamme ou source d'étincelles. Ne pas fumer. Conserver hors de la portée des enfants. Eviter de vaporiser vers  les  yeux ou sur une peau irritée et d'inhaler intentionnellement. Ne pas utiliser pour un usage autre que celui pour lequel le produit est destiné. Procéderpar de brèves pression sans pulvérisation prolongée. Ne pas utiliser dans une atmosphère confinée.  Contient 4% en masse de composants inflammable., AQUA, PALMITIC ACID.   OLETH- 20, TRIETHANOLAMINE,  I SO P E NTAN E, S0RBITOL, HYDROGENATED POLYISOBUTENE, ISOBUTANE, COCAMIDE, MlPA,GLYCERETH-26, PARFUM, BENZYL BENZOATE, HYDR0XYETHYLCELLULOSE, STEARAMINE OXIDE, ALOE BARBADENSIS, METHYLPARABEN, POLYQUATERNIUM-7 TRITiCUM VULGARE, PRUNUS DULCIS, PEG-150 DISTEARATE BISABOLOL, Cl 42051.]|"
25,07€ / L"|"
1,88 €"
3755|Gel à raser peaux sensibles|Le flacon de 200ml|[Origine : FRANCE, Une glisse optimale du rasoir, protège votre peau des agressions causées par le rasage en minimisant les risques de micro-coupures et d'irritations. Votre peau est douce, souple et hydratée.Le gel à raser Monoprix enrichi en extrait d'aloé vera et desoie a été spécialement formulé pour préparer votre peau, même sensible, au rasage., Bien agiter avant emploi. Humidifiez la peau à l'eau tiède. Prenez une petite quantité de gel dans le creux de la main. Massez jusqu'à l'obtention d'une mousse onctueuse et appliquez sur les zones à raser (jambes, maillot, aisselles ). Rasez puis rincez à l'eau claire. Conserver hors de la portée des enfants. Récipient sous pression. Ne pas percer ou brûler même après usage. Ne pas vaporiser vers une flamme ou un corps incandescent. Conserver à l'écart de toute flamme ou source d'étincelles et d'ignition, source de chaleur. Ne pas fumer pendant l'utilisation. Procéder par de brèves pressions sans pulvérisation prolongée. Eviter de vaporiser vers les yeux ou sur une peau irritée. Utiliser et conserver le récipient dans un endroit bien ventilé. Ne pas utiliser pour un usage autre que celui pour lequel le produit est destiné. Contient 4% en masse de composants inflammables., Aqua. palmitic acid, triethanolamine  oleth-20, isopentane, sorbitol,, laureth-23, aloe barbadensis leaf juice, cocamide mipa, isobutane, hydrogenated polyisobutene,  hydroxyethylcellulose, tocopheryl, acetate, bisabolol dimethicone, hydrolyzed silk,sodium chloride, citric acid, sodium sulfate, sodium hydroxide, ethylhexylglycerin,  phenoxyethanol, parfum, ci 42051., A protéger contre les rayons solaires et à ne pas exposer à une température supérieure à 50°C.]|"
14,35€ / L"|"
2,87 €"
3756|Gel à raser, légèrement parfumé, pour une belle peau douce et satinée.|Le flacon de 200ml|[Origine : ROYAUME UNI, Légèrement parfumé. Pour une belle peau douce et satinée. Satin Care avec une touche d'Olaz et au beurre de karité. Spécialement conçu pour les peaux sèches ! Sa formule hydratante aide à protéger contre le dessèchement de la peau pendant le rasage.Les agents lubrifiants libérés pendant le rasage laissent votre peau incroyablement lisse et douce. ., Appliquez délicatement le gel à raser sur une peau humide afin d'obtenir une mousse onctueuse pour un rasage tout en douceur. Récipient sous pression.  Ne pas percer ou brûler même après usage. Conserver hors de portée des enfants. Contient 5,1% en masse de composants inflammables., À protéger contre les rayons du soleil et à ne pas exposer à des températures supérieures à 50°C.]|"
22,40€ / L"|"
4,48 €"
3757|Gel à raser, sans parfum ni colorant.|La bombe de 200ml|[Origine : FRANCE, Satin Care Pure & Délicat a été spécialement développé pour les peaux sensibles. Ce gel laisse votre peau douce, lisse et satinée à chaque rasage., Appliquer délicatement sur une peau humide afin d'obtenir une mousse onctueuse, pour un rasage tout en douceur. Récipient sous pression. Ne pas percer ou brûler même après usage. Conserver hors de la portée des enfants. Contient 5,1% en masse de composants inflammables., Aqua, palmitic acid, triethanolamine, isopentane, glyceryl oleate, stearic acid, isobutane, sorbitol, hydroxyethylcellulose, ptfe, peg-90m, peg-23m, glycerin, lavandula angustifolia oil, sodium nitrate, eucalyptus globulus leaf oil, glyoxal, silica,polysorbate 60, disodium phosphate, bht., A protéger contre les rayons solaires et à ne pas exposer à des températures supérieures à 50°C.]|"
22,40€ / L"|"
4,48 €"
3758|Gel à raser à l'aloe vera pour peau sensible|L'atomiseur de 200ml|[Origine : FRANCE, Satin Care Peau Sensible à l'aloe vera est spécialement conçu pour les peaux sensibles. Le gel, légèrement parfumé possède des lubrifiants avancés et vous procure un rasage d'une glisse incroyable pour une protection contre les coupures et les entailles., Appliquer délicatement sur une peau humide afin d'obtenir une mousse onctueuse pour un rasage tout en douceur. Récipient sous pression. Ne pas percer ou brûler, même après usage. Conserver hors de la portée des enfants., Aqua, palmitic acid, triethanolamine, isopentane, glyceryl oleate, stearic acid, isobutane, sorbitol, hydroxyethylcellulose, parfum, peg-90M, PTFE, peg-23M, glycerin, propylene glycol, linalool, butylphenyl methylpropional, hexyl cinnamal, benzyl salicylate, sodium nitrate, limonene, glyoxal, silica, aloe barbadensis leaf juice, polysorbate 60, hydrolyzed silk, calcium peroxide, disodium phosphate, Cl42090, BHT. Contient 5,1% en masse de composants inflammables., A protéger contre les rayons solaires et à ne pas exposer à des températures supérieures à 50°C.]|"
22,40€ / L"|"
4,48 €"
3759|Baume corps nourrissant hydrate&adoucit, peaux sèches à très sèches, beurre de karité, huile d'argan.|Le pot de 250ml|[Origine : FRANCE]|"
15,36€ / L"|"
3,84 €"
3760|Huile sèche corps et cheveux, peaux sèches à très sèches, beurre de karité et huile d'argan|Le spray de 150ml|[Origine : FRANCE, L'huile sèche sublimante Monoprix nourrit et sublime votre peau. Sa formule enrichie  en beurre de karité et en huile d'argan hydrate et satine votre peau.Sa texture douceur pénètre rapidement sans laisser de film gras pour une sensation de confort immédiat. Votre peau est souple, douce et délicatement parfumée., Pour des cheveux soyeux, appliquez une fois par semaine sur cheveux mouillés après le shampooing sur vos pointes. Ne pas appliquer sur le visage., Isopropyl palmitate, paraffinum liquidum, isododecane, C12-15 alkyl benzoate, sesamum indicum seed oil, dimethicone, diisopropyl adipate rosa canina fruit oil, parfum, tocopheryl acetate, butyrospermum parkii butter, bisabolol, argania spinosa kerneloil., 18 mois après ouverture.]|"
34,27€ / L"|"
5,14 €"
3761|Lait corps nourrissant, hydrate & adoucit, peaux sèches à très sèches, beurre de karité, huile d'argan.|Le flacon de 250ml|[Origine : FRANCE]|"
13,92€ / L"|"
3,48 €"
3762|Lait corps nourrissant , peaux sèches à très sèches, beurre de Karité, huile d'argan.|Le flacon de 500ml|[Origine : FRANCE, Sa formule enrichie en beurre de karité et en huile d'argan, vous assure une hydratation continue pendant 24h et prévient votre peau du dessèchement. Sa texture plaisir, fluide et non grasse, pénètre rapidement sans laisser de film gras pour une sensation de confort immédiat. Votre peau est nourrie, souple, douce et délicatement parfumée., Appliquez chaque jour sur l'ensemble du corps après la douche ou le bain, en insistant sur les zones les plus exposées ou desséchées., 12 mois après ouverture.]|"
10,32€ / L"|"
5,16 €"
3763|Lait corps nourrissant peaux sèches à très sèches, A la fleur de cerisier & au beurre de karité|Le tube de 200ml|[Origine : FRANCE, Grâce au beurre de karité et de babassu, le lait corps nourrissant Monoprix Bio, certifié par Ecocert, hydrate et protège les peaux sèches à très sèches.                                                                     Enrichi en extrait de fleurde cerisier et en aloe vera aux vertus protectrices et adoucissantes, il laisse la peau douce et souple. De texture agréable et non collante, cette formule a été testée sous contrôle dermatologique., Aqua, caprylic/capric triglyceride, aloe barbadensis gel*, glycerin, brassica campestris seed oil*, polyglyceryl-3 methylglucose distearate hydrogenated palm kernel glycerides, glyceryl stearate citrate, orbignya oleifera seed oil*, butyrospermum parkii butter*, benzyl alcohol, hydrogenated palm glycerides, sodium benzoate, stearyl alcohol, xanthan gum, parfum, sodium cocoamphoacetate, citric acid, tocopherol, pca ethyl cocoyl arginate, helianthus annuus seed oil, tetrasodium glutamate diacetate, sodium hydroxide, prunus cerasus flower extract, citral, limonene, linalool. *ingrédients issus de l'agriculture biologique., Refermer le tube après usage. A utiliser de préférence dans les 3 mois après ouverture.]|"
23,65€ / L"|"
4,73 €"
3764|Lait corps nourrissant peaux sèches à très sèches, A la fleur de cerisier & au beurre de karité|Le tube de 200ml|[Origine : FRANCE, Grâce au beurre de karité et de babassu, le lait corps nourrissant Monoprix Bio, certifié par Ecocert, hydrate et protège les peaux sèches à très sèches.                                                                     Enrichi en extrait de fleurde cerisier et en aloe vera aux vertus protectrices et adoucissantes, il laisse la peau douce et souple. De texture agréable et non collante, cette formule a été testée sous contrôle dermatologique., Aqua, caprylic/capric triglyceride, aloe barbadensis gel*, glycerin, brassica campestris seed oil*, polyglyceryl-3 methylglucose distearate hydrogenated palm kernel glycerides, glyceryl stearate citrate, orbignya oleifera seed oil*, butyrospermum parkii butter*, benzyl alcohol, hydrogenated palm glycerides, sodium benzoate, stearyl alcohol, xanthan gum, parfum, sodium cocoamphoacetate, citric acid, tocopherol, pca ethyl cocoyl arginate, helianthus annuus seed oil, tetrasodium glutamate diacetate, sodium hydroxide, prunus cerasus flower extract, citral, limonene, linalool. *ingrédients issus de l'agriculture biologique., Refermer le tube après usage. A utiliser de préférence dans les 3 mois après ouverture.]|"
23,65€ / L"|"
4,73 €"
3765|Lait corps réparateur, nourrit & soulage, peaux extra sèches à abimées, beurre de karité, mangue.|Le flacon de 250ml|[Origine : FRANCE, Le lait corps réparateur Monoprix a été spécialement conçu pour réparer, nourrir et soulager les peaux extra sèches, abîmées ou desséchées. Sa formule enrichie en beurre de karité et en extrait de mangue, vous assure une hydratation longue durée et prévient votre peau du dessèchement. Sa texture fluide et non grasse pénètre rapidement sans laisser de film gras pour une sensation de confort immédiat. Votre peau est réparée, souple et douce. Testé sous contrôle dermatologique., Appliquez chaque jour sur l'ensemble du corps après la douche ou le bain et massez délicatement la peau. Evitez le contact avec les yeux. En cas de contact avec les yeux, rincer abondamment à l'eau claire., 12 mois après ouverture.]|"
13,12€ / L"|"
3,28 €"
3766|Beurre de Karité visage, corps et cheveux 100% Bio|Le pot de 100g|[Origine : FRANCE, Favorise le renouvellement cellulaire et nourrit intensément l'épiderme. Assouplit, adoucit et protège la peau et les lèvres. Redonne éclat en vitalité aux cheveux et apaise le feu du rasoir., Réchauffer une noisette de produit dans la paume de la main puis appliquer sur la peau., Butyrospermum parkii butter*. *ingrédients issu de l'agriculture biologique. 100% du total des ingrédients sont d'origine naturelle. 100% du total des ingrédients sont issus de l'agriculture biologique., 6 mois après ouverture.]|"
82,30€ / Kg"|"
8,23 €"
3767|Lait corps Aloe vera bio|le flacon de 500ml|[Origine : FRANCE, Le Lait pour le Corps Modelant Cattier hydrate, aide à raffermir et prévient le vieillissement cutané. Riche en acides gras essentiels et en huile d'onagre, recherchée pour ses propriétés restructurantes et anti-âge, il apporte souplesse et beauté àl'épiderme et renforce son élasticité., Appliquer généreusement sur tout le corps en insistant sur les zones sèches. Masser jusqu'à complète pénétration., Aqua, helianthus annuus hybrid oil*, glycerin, caprylic/capric triglycéride, sorbitan stéarate, butyrospermum parkii butter*, oenothera biennis oil*, methyl glucose sesquistearate, stearic acid, xanthan gum, aloe barbadensis leaf extract*, parfum, benzyl alcohol, sodium benzoate, lactic acid, tocophérol, citronellol, limonène, linalool. *Ingrédients issus de l'agriculture biologique. 99,3% du total des ingrédients sont d'origine naturelle. 15% du total des ingrédients sont issus de l'agriculturebiologique., 12 mois après ouverture.]|"
24,26€ / L"|"
12,13 €"
3768|Lait corps Aloe vera bio|le flacon de 500ml|[Origine : FRANCE, Le Lait pour le Corps Modelant Cattier hydrate, aide à raffermir et prévient le vieillissement cutané. Riche en acides gras essentiels et en huile d'onagre, recherchée pour ses propriétés restructurantes et anti-âge, il apporte souplesse et beauté àl'épiderme et renforce son élasticité., Appliquer généreusement sur tout le corps en insistant sur les zones sèches. Masser jusqu'à complète pénétration., Aqua, helianthus annuus hybrid oil*, glycerin, caprylic/capric triglycéride, sorbitan stéarate, butyrospermum parkii butter*, oenothera biennis oil*, methyl glucose sesquistearate, stearic acid, xanthan gum, aloe barbadensis leaf extract*, parfum, benzyl alcohol, sodium benzoate, lactic acid, tocophérol, citronellol, limonène, linalool. *Ingrédients issus de l'agriculture biologique. 99,3% du total des ingrédients sont d'origine naturelle. 15% du total des ingrédients sont issus de l'agriculturebiologique., 12 mois après ouverture.]|"
24,26€ / L"|"
12,13 €"
3769|Lait corps hydratant nourrissant, beurre de karité, géranium, cosmétique bio|La pompe de 500ml|[Origine : FRANCE, Le Lait pour le Corps Nourrissant Cattier hydrate, apaise et nourrit intensément l'épiderme. Riche en acides gras essentiels, en huile essentielle de géranium, aux propriétés calmantes et apaisantes, et en beurre de karité, reconnu pour ses extraordinaires vertus réparatrices, anti-desséchantes et protectrices, il prévient la sécheresse cutanée, assouplit et adoucit la peau en l'enveloppant d'un film protecteur, délicatement parfumé., Appliquer généreusement sur tout le corps en insistant sur les zones sèches. Masser jusqu'à complète absorption., Aqua, helianthus annuus oil*, glycerin, caprylic/capric triglycéride, sorbitan stéarate, butyrospermum parkii*, simmondsia chinensis oil*, stearic acid, methyl glucose sesquistearate, xanthan gum, parfum, pelargonium graveolens oil*, benzyl alcohol,sodium benzoate, citral, geraniol, citronellol, limonene, linalool. *Ingrédients issus de l'agriculture biologique. 15% du total des ingrédients sont issus de l'agriculture biologique. 99.2% du total des ingrédients sont d'origine naturelle. Garantisans paraben et sans phénoxyéthanol., A utiliser dans les 12 mois après ouverture.]|"
24,26€ / L"|"
12,13 €"
3770|Lait corps hydratant nourrissant, beurre de karité, géranium, cosmétique bio|La pompe de 500ml|[Origine : FRANCE, Le Lait pour le Corps Nourrissant Cattier hydrate, apaise et nourrit intensément l'épiderme. Riche en acides gras essentiels, en huile essentielle de géranium, aux propriétés calmantes et apaisantes, et en beurre de karité, reconnu pour ses extraordinaires vertus réparatrices, anti-desséchantes et protectrices, il prévient la sécheresse cutanée, assouplit et adoucit la peau en l'enveloppant d'un film protecteur, délicatement parfumé., Appliquer généreusement sur tout le corps en insistant sur les zones sèches. Masser jusqu'à complète absorption., Aqua, helianthus annuus oil*, glycerin, caprylic/capric triglycéride, sorbitan stéarate, butyrospermum parkii*, simmondsia chinensis oil*, stearic acid, methyl glucose sesquistearate, xanthan gum, parfum, pelargonium graveolens oil*, benzyl alcohol,sodium benzoate, citral, geraniol, citronellol, limonene, linalool. *Ingrédients issus de l'agriculture biologique. 15% du total des ingrédients sont issus de l'agriculture biologique. 99.2% du total des ingrédients sont d'origine naturelle. Garantisans paraben et sans phénoxyéthanol., A utiliser dans les 12 mois après ouverture.]|"
24,26€ / L"|"
12,13 €"
3771|Body Smooth, lait nourrissant intensif à l'huile de noyau d'abricot & vitamine E, 24h nutri-serum, peaux sèches|Le flacon de 250ml|[Origine : FRANCE, Tous les produits de soin du corps Dove vont au-delà de l'hydratation*. Ils contiennent un Nutri-Serum 24h** unique avec des nutriments essentiels. L'aspect et le toucher de votre peau sont visiblement améliorés. Dove Lait Nourrissant Intensif, pourune peau visiblement plus douce et éclatante de santé., Aqua, ethylhexyl cocoate, cyclopentasiloxane, paraffinum liquidum, glycerin, cetyl peg/ppg-10/1 dimeticone, prunus armeniaca, tocopheryl acetate, camellia sinensis, vitis vinifera, linoleic acid, magnésium sulfate, zinc sulfate, cera microcristallina, disodium phosphate, propylene glycol, parfum, phenoxyethanol, methylparaben, propylparaben, potassium sorbate, sodium benzoate, sorbic acid, benzoic acid, bht, pentaerythrityl tetra-di-t-butyl hydroxyhydrocinnamate, dilauryl thiodipropionate, alpha-isomethyl ionone, butylphenyl methylpropional, citronellol, coumarin, hexyl cinnamal, hydroxyisohexyl 3-cyclohexene carboxaldehyde, limonene, linalool.]|"
20,16€ / L"|"
5,04 €"
3772|Crème de soin, actif hydratant énergisant et soie pure, effet doux et soyeux|Le pot de 300ml|[Origine : FRANCE, Grâce à l'association voluptueuse de délicats agents hydratants et adoucissants, la crème pour le corps vous enveloppe d'un voile satiné et laisse votre peau éclatante et douce comme de la soie., Aqua, cyclopentasiloxane, sorbitol, caprylic/capric triglycéride, stearic acid, helianthus annuus seed oil, isohexadecane, glycol stearate, dimethicone, serica, hydrolyzed silk, dimethiconol, stearamide AMP, glyceryl stearate, cetyl alcohol, polysorbate 80, triethanolamine, carbomer, xanthan gum, sodium acrylate/sodium acryloyldimethyl taurate copolymer, parfum, methylparaben, propylparaben, phenoxyethanol, sodium benzoate, alpha-isomethyl ionone, benzyl alcohol, citronellol, coumarin, hydroxyisohexyl 3-cyclohexene carboxaldehyde, limonene, linalool, Cl77891., 9 mois après ouverture.]|"
20,80€ / L"|"
6,24 €"
3773|Soin cocoonning, crème nourrissante pour le corps au beurre de karité et à la vanille.|Le pot de 300ml|[Origine : FRANCE, Testé dermatologiquement., Aqua, cyclopentasiloxane, sorbitol, caprylic/capric triglyceride, stearic acid, helianthus annuus seed oil, isohexadecane, glycol stearate, dimethicone, butyrospermum parkii butter, dimethiconol, potassium lactate, sodium pca, isomerized linoleic acid, urea, collagen amino acids, lactic acid, glyceryl stearate, cetyl alcohol, polysorbate 80, stearamide amp, sorbitan oleate, triethanolamine, sodium acrylate/sodium acryloyldimethyl taurate copolymer, carbomer, xanthan gum, parfum, phenoxyethanol,methylparaben, propylparaben, coumarin, cl 77891., 12 mois après ouverture.]|"
21,47€ / L"|"
6,44 €"
3774|Huile de beauté|Le flacon de 150ml|[Origine : FRANCE]|"
61,73€ / L"|"
9,26 €"
3775|Lait beauté absolue, lait corps nourrissant, infusé aux huiles, peaux sèches, non-gras, non-collant.|Le flacon de 250ml|[Origine : FRANCE, Grâce au pouvoir sublimant des huiles, le lait donne à la peau un fini satiné et éclatant. Radieuse et subtilement parfumée, elle apparaît comme transformée. La peau est intensément nourrie. Riches en nutriments essentiels, les huiles précieuses participent à nourrir la peau, renforcer sa fonction-barrière et ainsi prévenir son dessèchement. La texture lait, rapidement absorbée par la peau, est optimale pour un usage quotidien., Ne pas appliquer sur le visage., Aqua/water, petrolatum, glycerin, paraffinum liquidum/mineral oil, cetearyl alcohol, dimethicone, butyrospermum parkii butter, shea butter, argana spinosa oil, argana spinosa kernel oil, caprylyl glycol, carbomer, Cl14700, red 4, Cl19140, yellow 5, glyceryl stearate, macadamia ternifolia seed oil, palmitic acid, peg-100 stearate, phenoxyethanol, prunus amygdalus dulcis oil, sweet almond oil, rosa Rubiginosa seed oil, sodium hydroxide, stearic acid, tocopherol, parfum/fragrance (F.I.L. B162892/2)., 12 mois après ouverture.]|"
21,40€ / L"|"
5,35 €"
3776|Lait hydratant raffermit la peau aux essences de fruits|Le flacon de 250ml|[Origine : FRANCE, Le Lait bodytonic est-il fait pour moi ? Oui, si vous voulez hydrater et raffermir votre peau en un seul geste de plaisir tonifiant. En quoi est-il différent ? Il est conçu comme un vrai cocktail d'énergie : il hydrate durablement, raffermit efficacement la peau, son parfum agrumes et sa texture lait-gel non grasse tonifient immédiatement. C'est prouvé : dès 7 jours, la peau est transformée. Elle est visiblement plus ferme, nettement plus souple., AQUA/WATER, GLYCERIN, ALCOHOL DENAT,CYCLOPENTASILOXANE, ISOPROPYL PALMITATE, PARAFFINUM LIQUIDUM/MINERAL OIL, ACTINIDIA CHINENSIS/KIWI FRUIT WATER, CITRUS GRANDIS/GRAPEFRUIT FRUIT WATER, PYRUS MALUS/APPLE FRUIT WATER, CAFFEINE, METHYLSILANOL MANNURONATE, ACRYLATES/C10-30 ALKYL ACRYLATE CROSSPOLYMER, AMMONIUM POLYACRYLOYLDIMETHYLTAURATE, CARBOMER, DISODIUM EDTA, SODIUM HYDROXIDE, XANTHAN GUM, BENZYL BENZOATE, IMIDAZOLIDINYL UREA, METHYLPARABEN, PROPYLPARABEN, PARFUM/FRAGRANCE ALPHA-ISOMETHYL IONONE, CITRAL, CITRONELLOL, GERANIOL, HEXYL CINNAMAL, HYDROXYCITRONELLAL, HYDROXYISOHEXYL 3-CYCLOHEXENE CARBOXALDEHYDE, LIMONENE, LINALOOL (F.I.LB7753/3)., 12 mois après ouverture.]|"
28,40€ / L"|"
7,10 €"
3777|Baume Nutrition Royale Sublime Body|Le pot de 200ml|[Origine : ALLEMAGNE, Pour préserver sa douceur et son élasticité, la peau a besoin dêtre intensément nourrie. Les peaux extra-sèches ont particulièrement besoin dun soin réparateur. Le meilleur de la nutrition enrichi en 4 huiles nutritives ce baume hydrate la peau 48h, la répare intensément et la protège durablement contre le dessèchement. Résultats : sa texture riche fond sur la peau et pénètre rapidement sans laisser de film gras. la peau est nourrie en profondeur, douce et délicatement parfumée. Tout simplement sublime. Testé sous contrôle dermatologique.]|"
45,10€ / L"|"
9,02 €"
3778|Exfotonic Sublime Body|Le tube de 200ml|[Origine : FRANCE, Ses micro billes gommantes lissent les rugosités, éliminent les cellules mortes et affinent le grain de peau. Une texture moussante au parfum frais pour un véritable moment de plaisir., Appliquez Exfotonic en massage circulaire sur une peau mouillée (une mousse douce et légère apparait) puis rincez abondamment. Ne pas appliquer sur le visage. En cas de contact avec les yeux, rincer immédiatement., Aqua / water, polyethylene, sodium laureth sulfate, glycerin, tea-lauryl sulfate cocamide mea, parfum / fragrance, propylene glycol, triethanolamine, acrylates/C10-30 alkyl acrylate crosspolymer, Ci42090/blue1, CI19140/yellow5, saccharium officinarumextract/sugar cane extract, sodium chloride, sodium benzoate, phenoxyethanol, ppg-5-ceteth-20, polyquaternium-7, limonene, camellia sinensis leaf extract, linalool, pyrus malus extract/apple fruit extract, disodium edta, citral, citrus medica limonium peel extract/lemon peel extract (fil C159171/1)., 12 mois après ouverture.]|"
57,75€ / L"|"
11,55 €"
3779|Lait Réparateur Nutrition Royale Sublime Body|Le flacon de 250ml|[Origine : FRANCE, Enrichi en huiles nutritives précieuses, ce lait hydrate la peau 48 h, la répare intensément et la protège durablement contre le dessèchement. Sa texture riche fond sur la peau et pénètre rapidement sans laisser de films gras. Résultats : votre peauest nourrie, apaisée et délicatement parfumée. Tout simplement sublime., Peaux extra-sèches. Appliquez matin et soir généreusement. Insister sur les zones sèches. Ne pas appliquer sur le visage., 12 mois après ouverture.]|"
22,48€ / L"|"
5,62 €"
3780|Baume nourrissant, Peaux très sèches|Le pot de 250ml|[Origine : FRANCE, Avec sa texture onctueuse, le Baume Nourrissant Le Petit Marseillais fond sur la peau et procure une sensation de douceur et de bien-être, dès l'application. Il laisse la peau apaisée, hydratée et nourrie., Aqua, paraffinum liquidum, glycerin, dimethicone, caprylic/capric triglyceride, hydrogenated palm kernel glycérides, glyceryl stearate, PEG-100 stearate, butyrospermum parkii, isostearyl isostearate, cetearyl alcohol, octyldodecanol myristate, helianthus annuus seed oil, anthemis nobilis flower oil, ficus carica fruit extract, citrus aurantium amara flower extract, hydrogenated palm glycérides, caprylyl glycol, cera microcristallina, paraffin, lecithin, butylene glycol, carbomer, polyglyceryl-3diisostearate, sodium hydroxide, potassium sorbate, parfum, benzyl salicylate, butylphenyl methylpropional, linalool, Cl14700., 12 mois après ouverture.]|"
23,96€ / L"|"
5,99 €"
3781|Baume nourrissant, peaux très sèches, karité, amande douce, huile d'argan, recettes méditerranéenne|Le pot de 250ml|[Origine : FRANCE, Avec sa texture onctueuse et généreuse, le baume nourrissant procure une sensation de douceur dès l'application. La peau est apaisée, hydratée et nourrie.Le Petit Marseillais a associé les bienfaits de trois ingrédients du Sud : le beurre de karité hydratant, et nourrissant, l'huile d'argan aux propriétés adoucissantes, et l'amande douce aux vertus assouplissantes., Aqua, paraffinum liquidum, glycerin, peg-6 stearate, caprylic/capric triglyceride, dimethicone, cetearyl alcohol, isostearyl isostearate, hydrogenated palm kernel glycerides, octyldodecyl myristate, butyrospermum parkii butter, paraffin, argania spinosa kernel oil, hydrogenated palm glycerides, prunus amygdalus dulcis oil, acrylates/acrylamide copolymer, ceteth-20, glyceryl stearate, steareth-20, polysorbate 85, cera microcristallina, carbomer, citric acid, dmdm hydantoin, methylparaben, ethylparaben, parfum., 12 mois après ouverture.]|"
23,28€ / L"|"
5,82 €"
3782|Crème hydratante, amande douce, huile d'argan, nourrit votre peau en toute circonstance.|Le tube de 75ml|[Origine : FRANCE, Pour prendre soin des peaux très sèches, Le Petit Marseillais a sélectionné et associé deux ingrédients traditionnels de beauté du sud : l'amande douce et huile d'argan. La crème hydratante pénètre rapidement pour une peau douce et hydratée et un confort durable. Ultra pratique grâce à son format nomade, elle vous accompagne partout et nourrit votre peau en toute circonstance., Aqua, paraffinum liquidum, glycerin, dimethicone, propylene glycol, dipelargonate, glyceryl stearate, cetyl alcohol, peg-75 stearate, butyrospermum parkii, prunus amygdalus dulcis oil, argania spinosa kernel oil, myristyl alcohol, stearyl alcohol, acrylates/acrylamide copolymer, polysorbate 85, carbomer, sodium hydroxide, dmdm hydantoin, methylparaben, ethylparaben, parfum., 12 mois après ouverture.]|"
38,40€ / L"|"
2,88 €"
3783|Crème hydratante , olive & Amande douce.|Le tube de 75ml|[Origine : FRANCE, Avec sa formule légère, cette crème pénètre rapidement et parfume agréablement votre peau. Dans son tube pratique, il vous accompagne partout et est idéal pour les vacances en famille. Le Petit Marseillais a réuni deux ingrédients : le lait d'olive aux vertus hydratantes et l'huile d'amande douce, utilisée de puis toujours par les mamans pour leur peau et celle de leurs enfants., Aqua, paraffinum liquidum, glycerin, behenyl alcohol, dimethicone, glyceryl stearate, butyrospermum parkii butter, peg-100 stearate, elaeis guineensis oil, cetyl alcohol, ethylhexylglycerin, sodium levulinate, cinnamic acid, levulinic acid, glycerylcaprylate, lecithin, myristyl alcohol, olea europaea fruit oil, prunus amygdalus dulcis oil, stearyl alcohol, polyglyceryl-3 diisostearate, acrylates/c10-30 alkyl acrylate crosspolymer, xanthan gum, zea mays starch, sodium phytate, tocopherol, sodiumbenzoate, potassium sorbate, parfum. Sans paraben., 12 mois après ouverture.]|"
34,93€ / L"|"
2,62 €"
3784|Crème hydratante olive & amande douce.|La boîte de 150ml|[Origine : FRANCE, Avec sa formule légère, cette crème pénètre rapidement et parfume agréablement votre peau. Le Petit Marseillais a réuni deux ingrédients : le lait d'olive aux vertus hydratantes, et l'huile d'amande douce, utilisée depuis toujours par les mamans pourleur peau et celle de leurs enfants., Aqua, paraffinum liquidum, glycerin, behenyl alcohol, dimethicone, glyceryl stearate, butyrospermum parkii butter, peg-100 stearate, alaeis guineensis oil, cetyl alcohol, ethylhexylglycerin, sodium levulinate, cinnamic acid, levulinic acid, glycerylcaprylate, lecithin, myristyl alcohol, olea europaea fruit oil, prunus amygdalus dulcis oil, stearyl alcohol, polyglyceryl-3 diisostearate, acrylates/c10-30 alkyl acrylate crosspolymer, xanthan gum, zea mays starch, sodium phytate, tocopherol, sodiumbenzoate, potassium sorbate, parfum. Sans paraben., 12 mois après ouverture.]|"
22,33€ / L"|"
3,35 €"
3785|Huile séche pour peau très sèche|Le flacon de 150ml|[Origine : FRANCE, Pour moindre soin des peaux très sèches, Le Petit Marseillais s'est inspiré des secrets de beauté des femmes du Sud et vous propose ses soins du corps Recettes Mediterranéennes. Les secrets des ingrédients du Sud... d'argan à l'Amande Douce et au Beurre de Karité satine et sublime votre peau. ...Pour une peau nourrie, douce et délicieusement parfumée. ... Avec une texture plaisir, qui pénètre rapidement et ne laisse pas le film gras., Pour des cheveux soyeux, appliquer avant votre shampooing un peu d'huile sublimante sur vos cheveux, Isopropyl myristate, sesamum indicum oil, isoprpyl palmitate, isopropyl laurate, PEG-40 sorbitan peroleate, argania spinosa oil, prunus amygdalus dulcis oil, butyrospermum parkii butter, BHT, propylparaben, parfum, hexyl cinamal, linalool., Après ouverture à conserver pendant 12 mois]|"
44,53€ / L"|"
6,68 €"
3786|Lait hydratant, peaux sèches, amande douce, huiles essentielles  d'agrumes, aloes.|Le flacon pompe de 250ml|[Origine : FRANCE, Hydratée, la peau est douce, fraîche et tonifiée, délicieusement enveloppée d'un voile parfumé aux notes pétillantes.Avec sa texture légère, le Lait Hydratant Le Petit Marseillais pénètre rapidement sans coller., Aqua, glycerin, prunus amygdalus dulcis oil, isopropyl palmitate, propylene glycol, hydrogenated polyisobutene, aluminum starch, octenylsuccinate, caprylic/capric triglyceride, aloe barbadensis leaf juice, citrus aurantium bergamia fruit oil, citrusparadisi peel oil, caprylyl glycol, lecithin, caprylhydroxamic acid, sodium polyacrylate, citric acid, sodium hydroxide, ascorbyl palmitate, tocopherol, potassium sorbate, sodium sulfite, parfum, limonene, linalool, hexyl cinnamal, citronellol, citral., 12 mois après ouverture.]|"
19,56€ / L"|"
4,89 €"
3787|Lait hydratant délassant, peaux très sèches, lait de figue, huile essentielle de camomille, fleur d'oranger|Le facon pompe de 250ml|[Origine : FRANCE, La peau est douce, hydratée et délicieusement parfumée par ses notes envoûtantes et délassantes., Aqua, glycerin, caprylic/capric triglyceride, paraffinum liquidum, peg-6 stearate, dimethicone, octyldodecyl myristate, cetearyl alcohol, butyrospermum parkii extract, anthemis nobilis flower oil, helianthus annuus seed oil, ficus carica fruit extract, citrus aurantium amarra flower extract, lecithin, butylene glycol, glyceryl stearate, cera microcristallina, paraffin, carbomer, polyglyceryl-3 diisostearate, acrylates/acrylamide copolymer, ceteth-20, steareth-20, polysorbate 85, methylparaben, dmdm hydantoin, ethylparaben, parfum, benzyl salicylate, butylphenyl methylpropional, linalool., 12 mois après ouverture.]|"
19,56€ / L"|"
4,89 €"
3788|Lait hydratant hypoallergénique à la sève d'Aloe Cera et Calendula|Le flacon de 250ml|[Origine : FRANCE]|"
20,40€ / L"|"
5,10 €"
3789|Lait hydratant hypoallergénique à la sève d'Aloe Vera et camomille|Le flacon de 250ml|[Origine : FRANCE]|"
20,40€ / L"|"
5,10 €"
3790|Lait hydratant peaux sèches très sèches, karité amande douce et huile d'argan|Le flacon pompe de 250ml|[Origine : FRANCE, Avec sa texture fondante, le lait hydratant pénètre rapidement et procure une sensation de confort et de bien être dès l'application. La peau est douce, hydratée et parfumée., Aqua, glycerin, caprylic/capric triglyceride, peg-6 stearate, dimethicone, paraffinum liquidum, octyldodecyl, myristate, cetearyl alcohol, butyrospermum parkii butter, paraffin, prunus amygdalus dulcis oil, argania spinosa kernel oil, acrylates/acrylamide copolymer ceteth-20, glyceryl stearate steareth 20-polysorbate 85-cera microstallina carbomer, dmdm hydantoin methylparaben ethylparaben, parfum., 12 mois après ouverture.]|"
17,96€ / L"|"
4,49 €"
3791|Lait hydratant peaux très sèches, karité, amande douce, huile d'argan|Le flacon pompe de 400ml|[Origine : FRANCE, Restez nature. Pour prendre soin des peaux très sèches, Le Petit Marseillais s'est inspiré des secrets de beauté des femmes du Sud et vous propose ses soins du corps Recettes Méditerranéennes. Les secrets des ingrédients du Sud... L'Huile d'Argan, aux propriétés nourrissantes et adoucissantes, le Beurre de Karité, aux effets hydratants et nourrissants, et l'Amande Douce aux vertus assouplissantes. ... Pour une peau nourrie souple et délicieusement parfumée... Avec une texture plaisir qui pénètreinstantanément, hydrate et offre une sensation de douceur dès l'application. Le Lait hydratant Le Petit Marseillais vous procure une agréable sensation de confort et de bien-être., Aqua, glycerin, caprylic/capric triglyceride, paraffinum liquidum, peg-6 stearate, dimethicone, octyldodecyl myristate, cetearyl alcohol, butyrospermum parkii extract, argania spinosa kernel oil, prunus amygdalus dulcis oil, glyceryl stearate, cera microcristallina, paraffin, carbomer, ceteth-20, steareth-20, polysorbate 85, acrylates/acrylamide copolymer, methylparaben, dmdm hydantoin, ethylparaben, parfum., A utiliser dans les 12 mois après ouverture.]|"
15,28€ / L"|"
6,11 €"
3792|Lait réparateur, Peaux abîmées desséchées|Le flacon de 400ml|[Origine : FRANCE, Pour prendre soin des peaux desséchées & abîmées, Le Petit Marseillais a associé trois ingrédients du Sud : le Beurre de karité nourrissant, l'Aloès apaisante et la Cire d'abeille protectrice.Avec sa texture généreuse et son parfum réconfortant, le Lait Réparateur Le Petit Marseillais procure un confort extrême, dès l'application. Hydratée et immédiatement apaisée, la peau desséchée est intensément nourrie et réparée en profondeur., Aqua, glycerin, paraffinum liquidum, caprylic/capric triglycéride, cetearyl alcohol, glyceryl stearate, dimethicone, hydrogenated palm kernel glycerides, peg-75 stearate, cyclopentasiloxane, aloe barbadensis leaf extract, butyrospermum parkii, hydrogenated palm glycerides, cyclohexasiloxane, cera alba, caprylyl glycol, propylene glycol, xanthan gum, carbomer, sodium hydroxide, methylisothiazolinone, parfum, Cl 15985, Cl 19140., 12 mois après ouverture.]|"
16,23€ / L"|"
6,49 €"
3793|Lait réparateur peaux abîmées, desséchées. Karité aloès cire d'abeille, recettes méditerranéennes|Le flacon pompe de 250ml|[Origine : FRANCE, Avec sa texture généreuse et son parfum réconfortant, le lait réparateur Le Petit Marseillais procure un confort extrême, dès lapplication.Hydratée et immédiatement apaisée, la peau desséchée est intensément nourrie et réparée en profondeur., Appliquez généreusement votre lait sur les zones fragilisées par le frottement des vêtements., Aqua, glycerin, paraffinum liquidum, caprylic/capric triglyceride, cetearyl alcohol, glyceryl stearate, dimethicone, hydrogenated palm kernel glycerides, peg-75 stearate, cyclopentasiloxane, aloe barbadensis leaf extract, butyrospermum parkii, hydrogenated palm glycerides, cyclohexasiloxane, cera alba, caprylyl glycol, propylene glycol, xanthan gum, carbomer, sodium hydroxide, methylisothiazolinone, parfum, Cl15985, Cl19140., 12 mois après ouverture.]|"
17,64€ / L"|"
4,41 €"
3794|Crème corps ultra hydratante au beurre de karité du Burkina Faso, commerce équitable|Le tube de 250ml|[Origine : FRANCE, Riche en beurre de karité (5%), en glycérine (5%) et en vitamine E, la Crème Corps Le Petit Olivier aide à réduire toutes sensations de tiraillements de la peau. Nourrie et hydratée, votre peau est plus douce et protégée contre les agressions quotidiennes. Spécialement formulée pour pénétrer rapidement, sa texture onctueuse et non grasse rend son utilisation très agréable., Ne pas avaler., Aqua (water), butyrospermum parkii (shea) butter, glycerin, cyclopentasiloxane, ceteareth-12, cetyl alcohol, tocopheryl acetate, diphenyl dimethicone, glyceryl stearate, carbomer, parfum (fragrance), potassium sorbate, methylisothiazolinone, triethanolamine, limonene, alpha-isomethyl ionone, coumarin, linalool. Ne contient aucune matière animale. Sans paraben., 9 mois après ouverture. Conserver à l'abri de la chaleur et de la lumière.]|"
32,24€ / L"|"
8,06 €"
3795|Crème corps ultra nourrissante, Peaux sèches & sensibles|Le tube de 250ml|[Origine : FRANCE, Grâce à sa forte teneur en huile d'olive (5%), la crème corps 'Le Petit Olivier', enrichie en glycérine, hydrate et nourrit intensément votre peau.Sa texture onctueuse et non grasse, laisse votre peau douce et soyeuse., Appliquer quotidiennement sur une peau propre et sèche. Ne pas avaler. Eviter le contact avec les yeux., Valeur énergétique en Joules :  0, Valeur énergétique en Kcal : 0, Glucides : 0, Lipides : 0, Protides :0, Aqua (water), glycerin, olea europaea (olive) fruit oil, cetyl alcohol, cyclopentasiloxane, ceteareth-12, glyceryl stearate, triethanolamine, tocopheryl acetate, diphenyl dimethicone, gluconolactone, calcium gluconate, carbomer, parfum (fragrance), sodium benzoate, bha, citric acid, Cl42090 (blue 1), linalool, limonene, benzyl salicylate. Sans paraben, sans phénoxyethanol, sans matière première issue d'OGM, sans matière animale. Contre les tests sur les animaux., 12 mois après ouverture. Conserver à l'abri de la chaleur et de la lumière.]|"
28,40€ / L"|"
7,10 €"
3796|Eau hydratante corps a l'huile d'olive & aloe vera, sans alcool, sans paraben|Le flacon de 150 ml|[Origine : FRANCE, L'eau hydratante corps Le Petit Olivier hydrate votre peau et l'enveloppe d'un délicieux parfum aux notes poudrées et jasminées., Idéal pour un soin pratique et rapide sans laisser de film gras, vaporisez, puis étalez sur tout le corps. Peut se porter au soleil. Ne pas avaler. Eviter le contact avec les yeux., Aqua (water), glycerin, ppg-26-buteth-26, parfum (fragrance), peg-40 hydrogenated castor oil, peg-8 dimethicone, olea europaea (olive) fruit oil, aloe barbadensis leaf juice powder, olea europaea (olive) leaf extract, jasminum officinale (jasmine) flower extract, propylene glycol, butylène glycol, xanthan gum, sodium benzoate, potassium sorbate, citric acid, CI19140 (yellow5), CI42090 (blue1), benzyl salicylate, linalool. Sans alcool, sans paraben., 12 mois après ouverture. Conserver à l'abri de la chaleur et de la lumière.]|"
41,80€ / L"|"
6,27 €"
3797|Huile sèche, hydrate & satine, au karité et amande douce,        sans paraben|Le vaporisateur de 150ml|[Origine : FRANCE, Sa texture légère et soyeuse est rapidement absorbée par la peau et ne laisse pas de film gras. Enveloppée d'un cocon de douceur, délicieusement parfumé, votre peau rayonne. En associant le karité et l'amande douce, l'huile sèche Le Petit Olivier, nourrit votre corps et l'illumine grâce à son voile satiné., Ne pas avaler., Isopropyl myristate, dicaprylyl ether, caprylic/capric triglyceride, prunus amygdalus dulcis (sweet almond) oil, butyrospermum parkii (shea) butter, helianthus annuus (sunflower) seed oil, parfum, ethylhexyl methoxycinnamate, butyl methoxydibenzoylmethane, ethylhexyl salicylate, tocopheryl acetate, tocopherol, bht, CI75130 (beta carotene), limonene, alpha isomethyl ionone, coumarin, linalool, benzyl salicylate, citronellol, geraniol. Sans paraben, sans silicone., 12 mois après ouverture. Conserver à l'abri de la chaleur et de la lumière.]|"
45,27€ / L"|"
6,79 €"
3798|Lait corps ultra hydratant au beurre de karité, issu du commerce équitable, sans paraben.|Le flacon de 250ml|[Origine : FRANCE, Le lait de corps à la texture fluide et fondante a été spécialement formulé pour pénétrer rapidement. Riche en karité et en glycérine, il hydrate la peau et la protège des agressions extérieures., Ne pas avaler., Aqua, caprylic/capric triglyceride, butyrospermum parkii butter, c14-22 alcohols, glycerin, hydroxyethyl acrylate/sodium acryloyldimethyl taurate copolymer, C12-20 alkyl glucoside, cetearyl alcohol, tocopheryl acetate, tocopherol, cyclopentasiloxane,diphenyl dimethicone, squalane, polysorbate 60, parfum, potassium sorbate, methylisothiazolinone, citric acid, limonene, alpha-isomethyl ionone, coumarin, linalool., 9 mois après ouverture. Conserver à l'abri de la chaleur et de la lumière.]|"
25,92€ / L"|"
6,48 €"
3799|Crème nutritive karité et cacao|Le pot de 150ml|[Origine : FRANCE, A utiliser aussi souvent que nécessaire sur les zones sèches du corps telles que les mains, pieds, coudes, genoux., Aqua (water), caprylic/capric triglyceride, cetearyl alcohol, glycerin, theobroma cacao seed butter, polysorbate-60, butyrospermum parkii butter, dimethicone, algae extract, aloe barbadensis leaf extract, tocopheryl, acetate polyacrylamide, parfum (fragrance), C13-14 isoparaffin, laureth-7, benzyl alcohol, phenoxyethanol, magnesium nitrate, Cl 19140, methylchloroisothiazolinone, magnesium chloride, Cl 14700, methylisothiazolinone, coumarin, hexyl cinnamal, limonene, linalool., 6 mois après ouverture.]|"
32,20€ / L"|"
4,83 €"
3800|Eau de soin hydratante frangipanier et nacres, tous types de peaux.|Le spray de 125ml|[Origine : FRANCE]|"
49,04€ / L"|"
6,13 €"
3801|Eau de soin hydratante frangipanier et nacres, tous types de peaux.|Le spray de 125ml|[Origine : FRANCE]|"
49,04€ / L"|"
6,13 €"
3802|Gelée raffermissante papaye|Le pot de 200ml|[Origine : FRANCE, La gelée raffermissante Lovea Nature enrichie en extrait de papaye, hydrate* et tonifie votre peau. *Hydratation des couches supérieures de l'épiderme. Composée à 95% d'ingrédients d'origine naturelle, son complexe raffermissant de papaye et caféineapporte une sensation de fermeté immédiate à votre peau., Appliquer sur une peau propre et saine par un massage circulaire., Aqua (water), alcohol denat, glycerin, ammonium acryloyldimethyl taurate/vp copolymer, peg-12 dimethicone, caffeine, parfum (fragrance), capric/caprylic trilgyceride, squalane, nylon-1010, chlorphenesin, hexylene glycol, pentylene glycol, sucrose laurate, caprylyl glycol, decylene glycol, solidago virgaurea extract, fructose, glucose, sodium hydroxide, dextrin, sucrose, urea, Cl 15985, carica papaya fruit extract, alanine, aspartic acid, hexyl nicotinate, glutamic acid, benzyl salicylate, citronellol, geraniol, hexyl cinnamal, hydroxycitronellal, limonene, linalool., 12 mois après ouverture.]|"
35,80€ / L"|"
7,16 €"
3803|Gommage corps relaxant aux sels de la mer morte, tous types de peaux.|Le pot de 250ML|[Origine : FRANCE, Le gommage corps Relaxant Lovea, enrichi en sels de la mer Morte aux vertus purifiantes et en extraits d'écorces d'orange, exfolie en douceur tous les types de peaux. Riche en huile végétales nobles nourrissantes, il enveloppe votre peau d'un film protecteur hydratant. Délicieusement parfumées, lisse et douce, votre peau est prête à recevoir les bienfaits d'un soin corporel., Caprylic/capric triglyceride, sodium chloride, silica, prunus amygdalus (sweet almond) dulcis oil, octyldodecanol, sesamum indicum (sesame) seed oil, simmondsia chinensis (jojoba) seed oil, potassium, magnesium, sulfates, calcium, aqua (water), argania spinosa kernel oil, tocopheryl acetate, tocopherol, sorbitan caprylate, citrus aurantium dulcis (orange) peel powder, parfum (fragrance), caprylyl/capryl glucoside, dehydroacetic acid, benzyl alcohol, alpha-isomethyl ionone, cinnamyl alcohol, citral, citronellol, geraniol, hydroxycitronellal, limonene, linalool. Sans paraben. 98% d'origine naturelle., 12 mois après ouverture.]|"
33,60€ / L"|"
6,72 €"
3804|Huile d'argan 100% pur bio|Le vaporisateur de 50 ml|[Origine : FRANCE, L'Huile d'Argan Lovea Bio 100% Pure, Naturelle & Bio, nourrit et revitalise les peaux sèches, dévitalisées et sans éclat., Visage, corps et cheveux. Eviter le contact avec les yeux., Argania spinosa kernel oil*. *Ingrédients issus de l'Agriculture Biologique. 100% du total des ingrédients sont issus de l'Agriculture Biologique. Sans parfum, sans paraben, sans silicone, sans paraffine., 12 mois après ouverture.]|"
267,60€ / L"|"
13,38 €"
3805|Huile d'argan 100% pur bio|Le vaporisateur de 50 ml|[Origine : FRANCE, L'Huile d'Argan Lovea Bio 100% Pure, Naturelle & Bio, nourrit et revitalise les peaux sèches, dévitalisées et sans éclat., Visage, corps et cheveux. Eviter le contact avec les yeux., Argania spinosa kernel oil*. *Ingrédients issus de l'Agriculture Biologique. 100% du total des ingrédients sont issus de l'Agriculture Biologique. Sans parfum, sans paraben, sans silicone, sans paraffine., 12 mois après ouverture.]|"
267,60€ / L"|"
13,38 €"
3806|Huile de soin protectrice à l'argan bio, peaux sèches à très sèches|Le flacon de 125ml|[Origine : FRANCE]|"
49,00€ / L"|"
7,35 €"
3807|Huile de soin protectrice à l'argan bio, peaux sèches à très sèches|Le flacon de 125ml|[Origine : FRANCE]|"
49,00€ / L"|"
7,35 €"
3808|Lait corps nutritif, peaux sèches, karité & cacao.|Le flacon de 750ml|[Origine : FRANCE, Le lait corps nutritif Lovea Nature, enrichi en beurres de Karité et Cacao, nourrit et protège les peaux sèches. Composée à 95% d'ingrédients d'origine naturelle, sa texture riche et généreuse hydrate* intensément votre peau dès l'application. Délicatement parfumée, votre peau retrouve alors toutes sa douceur naturelle. *hydratation des couches supérieures de l'épiderme., Aqua (water), butyrospermum parkii butter, glycerin, sesamum indicum (sesame) seed oil, caprylic/capric triglyceride, glyceryl stearate, cetearyl alcohol, , dicaprylyl carbonate, dimethicone, phenoxyethanol, olus oil, parfum (fragrance), cyclopentasiloxane, sorbitan caprylate, cyclohexasiloxane, ceteareth-20, theobroma cacao seed butter, carbomer, chlorphenesin, nylon-1010, triethanolamine, ceteareth-12, hydrogenated vegetable oil, bht, candelilla cera, alpha-isomethyl ionone, benzyl salicylate,citronellol, coumarin, geraniol, hexyl cinnamal, limonene, linalool., 12 mois après ouverture.]|"
10,97€ / L"|"
8,23 €"
3809|Lait corps tonifiant, fermeté firmness, papaye.|Le flacon de 750ml|[Origine : FRANCE, Le lait corps tonifiant Lovea Nature, à l'extrait de papaye, hydrate* et tonifie votre peau. *Hydratation des couches supérieures de l'épiderme. Composée à 95% d'ingrédients d'origine naturelle, sa texture fluide et légère adoucit votre peau tout enla laissant délicatement parfumée., Appliquer sur une peau propre par un massage circulaire., Aqua (water), glycerin, sesamum indicum (sesame) seed oil, caprylic/capric triglyceride, glyceryl stearate, cetearyl alcohol, dimethicone, phenoxyethanol, olus oil, dicaprylyl carbonate, cyclopentasiloxane, parfum (fragrance), sorbitan caprylate, cyclohexasiloxane, ceteareth-20, carbomer, chlorphenesin, nylon-1010, caffeine, triethanolamine, ceteareth-12, hexylene glycol, hydrogenated vegetable oil, bht, candelilla cera, fructose, glucose, solidago virgaurea extract, Cl 15985, dextrin, sucrose,urea, carica papaya fruit extract, alanine, aspartic acid, hexyl nicotinate, glutamic acid, benzyl salicylate, citronellol, geraniol, hexyl cinnamal, hydroxycitronellal, limonene, linalool., 12 mois après ouverture.]|"
10,97€ / L"|"
8,23 €"
3810|Savon noir naturel|Le pot de 250g|[Origine : FRANCE, Reconnu pour ses vertus exfoliantes et hydratantes, le savon noir facilite l'élimination des cellules mortes et favorise la régénération cellulaire. Votre peau est douce, lisse et nette., Après une douche bien chaude, appliquer le savon noir sur votre peau encore humide puis laisser poser pendant 3 à 4 min. Rincer à l'eau claire. A l'aide d'un gant de massage humide, frotter vigoureusement votre corps par des mouvements circulaires afin d'éliminer les peaux mortes. Rincer une seconde fois à l'eau tiède. A utiliser une fois par semaine. En cas de contact avec les yeux, rincer abondamment à l'eau claire., Aqua, sunflower seed oil glycerides, oleic acid, potassium hydroxide, sodium chloride, sodium hydroxide, caramel. Sans parfum, sans paraben, sans colorant, sans silicone, sans paraffine., 12 mois après ouverture. A conserver dans un endroit sec.]|"
23,36€ / Kg"|"
5,84 €"
3811|"Baume corps surgras effet ""Pansement"" peaux réactives à sécheresse extrême."|Le pot de 300ml|[Origine : FRANCE, Grâce à une formule unique dosée à 30% en glycérine, lait d'avoine et vaseline, le baume nourrit intensément et stimule la réparation de la peau très sèche même en cas de rugosités ou rougeurs., Appliquez généreusement sur tout le corps et renouvelez dans la journée si nécessaire surtout en hiver ou dans un environnement sec., Aqua, glycerin, glyceryl stearate, petrolatum, dimethicone, stearyl alcohol, cetyl alcohol, caprylic/capric triglyceride cetyl esters, avena sativa kernel extract/oat kernel extract, caprylyl glycol, panthenol, peg-100 stearate, phenoxyethanol, sodium polyacrylate, stearic acid, parfum (FIL B158757/1)., 12 mois après ouverture.]|"
25,03€ / L"|"
7,51 €"
3812|Crème de soin antidessèchement, palme végétale + glycérine|Le pot de 200ml|[Origine : FRANCE, Le karité est connu pour sa richesse en vitamines et ses propriétés nutritives, réparatrices et protectrices.Pour les peaux desséchées à l'aspect terne, Mixa crée le Baume Nutritif Réparateur au Karité Pur. Action apaisante, réparatrice et nutritive: soulagée de ses tiraillements, intensément nourrie votre peau est comme réparée. Elle est douce et rebondie. Action protectrice : sa formule enrichie en karité renforce le film protecteur de la peau pour préserver plus longtemps sa douceur et sa souplesse naturelle., Sa formule concentrée en beurre de karité pénètre dans la peau immédiatement vous pouvez appliquer ce baume sur le corps, les mains, le visage et même les pointes de cheveux. Il convient en été comme en hiver., Aqua/water, butyrospermum parkii butter/shea butter, paraffinum liquidum/mineral oil, glycerin dimethicone petrolatum, peg-40 stearate, glyceryl stearate, cetearyl alcohol, sorbitan tristearate, phenoxyethanol, ammonium polyacryldimethyltauramide/ammonium polyacryloyldimethyl taurate, methylparaben, pentaerythrityl tetra-di-butyl hydroxyhydrocinnamate, butylphenyl methylpropional, benzyl salicylate, linalool, hexyl cinnamal, limonene, hydroxyisohexyl 3-cyclohexene carboxaldehyde, citronellol, hydroxycitronellal, geraniol, benzyl benzoate, benzyl alcohol, eugenol, citral, parfum/fragrance. (F.I.L. B39484/1)., 12 mois après ouverture.]|"
24,50€ / L"|"
4,90 €"
3813|Huile corps sous la douche, nutrition minute, peaux sèches et sensibles.|Le flacon de 150ml|[Origine : FRANCE, Concentrée à 35% en huile de colza, reconnue pour ses propriétés émollientes et protectrice. L'huile corps sous la douche nutrition minutes de Mixa apporte une nutrition immédiate et durable à votre peau pour renforcer sa barrière protectrice et apaiser les sensations d'inconfort. Hypoallergénique. Plus besoin d'appliquer un produit hydratant classique après la douche et d'attendre avant de s'habiller. Dès la sortie de la douche, votre peau est nourrie pour toute la journée, apaisée et protégéedes agressions extérieures., L'huile corps sous la douche nutrition minute de Mixa s'applique et se rince après avoir utilisé votre gel douche. Elle est spécialement développée pour une efficacité minute sur peau mouillée : appliquez de l'huile dans votre main et répartissez lasur votre corps, sa formule pénètre immédiatement la peau pour la nourrir, rincer puis séchez vous. Fini non collant sur votre peau. Si il reste du produit dans la douche/baignoire après utilisation, pensez à bien rincer pour ne pas glisser. Ne pas appliquer sur le visage., Brassicale campestris oleifera oil / rapeseed seed oil, isopropyl palmitate, caprylic/capric triglycéride, butyrospermum parkii butter / shea butter, alcohol denat, parfum / fragrance, pentaerythrityl tetra-di-t-butyl hydroxyhydrocinnamate., 12 mois après ouverture.]|"
45,93€ / L"|"
6,89 €"
3814|Huile corps sous la douche, nutrition minute, peaux sèches et ternes.|Le flacon de 150ml|[Origine : FRANCE, Concentrée à 15% en huile de karité, reconnue pour ses propriétés nutritives exceptionnelles. L'huile corps sous la douche nutrition minutes de Mixa apporte une nutrition immédiate et durable à votre peau pour renforcer sa barrière protectrice et raviver son éclat naturel. Plus besoin d'appliquer un produit hydratant classique après la douche et d'attendre avant de s'habiller. Dès la sortie de la douche, votre peau est nourrie et satinée pour toute la journée. Jour après jour, elle retrouve confort et éclat., L'huile corps sous la douche nutrition minute de Mixa s'applique et se rince après avoir utilisé votre gel douche. Elle est spécialement développée pour une efficacité minute sur peau mouillée : appliquez de l'huile dans votre main et répartissez lasur votre corps, sa formule pénètre immédiatement la peau pour la nourrir, rincer puis séchez vous. Fini non collant sur votre peau. Si il reste du produit dans la douche/baignoire après utilisation, pensez à bien rincer pour ne pas glisser. Ne pas appliquer sur le visage., Brassicale campestris oleifera oil / rapeseed seed oil, isopropyl palmitate, caprylic/capric triglyceride, butyrospermum parkii butter / shea butter, alcohol denat, parfum / fragrance, pentaerythrityl tetra-di-t-butyl hydroxyhydrocinnamate., 12 mois après ouverture.]|"
47,73€ / L"|"
7,16 €"
3815|Lait corps antidessèchement, intensif peaux sèches|Le flacon de 250ml|[Origine : FRANCE, La formule brevetée du lait corps antidessèchement associe : de l'huile végétale pour apporter apaisement, confort et douceur à la peau, de l'huile de coriandre à l'effet nourrissant. De la glycérine pour maintenir un taux d'hydratation optimal et protéger la peau du dessèchement cutané. Soulagée et nourrie, votre peau retrouve sa douceur et sa souplesse naturelles., Aqua/water, petrolatum, glycerin, paraffinum liquidum/mineral oil, cyclopentasiloxane, elaeis guineensis oil/palm oil, aluminum starch octenylsuccinate, steareth-2 steareth-20, allantoin, methylparaben, carbomer, coriandrum sativum oil/coriander seedoil, propylparaben, sodium cetearyl sulfate, cetyl alcohol, sodium hydroxide, butylphenyl methylpropional, chlorhexidine digluconate, disodium edta, benzyl salicylate, linalool, hexyl cinnamal, limonene, hydroxyisohexyl 3-cyclohexene carboxaldehyde,citronellol, hydroxycitronellal, geraniol, benzyl benzoate, benzyl alcohol, eugenol, citral, parfum/fragrance. (FIL B39487/1).]|"
20,96€ / L"|"
5,24 €"
3816|Lait corps antidessèchement, soulage et nourrit les peaux sèches ou très sèches, coriandre + glycérine.|Le flacon de 400ml|[Origine : FRANCE]|"
17,75€ / L"|"
7,10 €"
3817|Lait corps apaisant nourrissant, peaux sensibles, extrait d'amande douce, karité|Le flacon pompe de 250ml|[Origine : FRANCE, Votre peau est fragile ? Eaux, calcaires, frottements, changements de température, stress l'irritent facilement : elle picote, démange, rougit. Pour protéger les peaux les plus sensibles, Mixa crée le Lait Corps Apaisant Nourrissant. ACTION APAISANTE: Enrichi en extrait d'amande douce, ce lait calme rapidement les sensations d'inconfort cutané comme les tiraillements ou les démangeaisons. Il apaise durablement la peau. ACTION NOURISSANTE PROTECTRICE : Sa formule contient du karité pour nourririntensément la peau et restaurer sa barrière hydrolipidique. La peau est ainsi mieux protégée contre les agressions extérieures qui peuvent l'irriter. La formule hypoallergénique du Lait Corps Apaisant Nourrissant a été spécialement conçue pour les épidermes les plus sensibles., Pratique à utiliser grâce à sa pompe doseuse, le Lait Corps Apaisant Nourrissant s'applique chaque jour après le bain ou la douche. Onctueux et non gras, il pénètre instantanément., METHYLPARABEN, PROPYLENE GLYCOL, PROPYLPARABEN, ROSA GALLICA / ROSA GALLICA FLOWER EXTRACT, SORBITAN TRISTEARATE, TOCOPHEROL, PARFUM / FRAGRANCE (F.I.L B10950/1)]|"
20,36€ / L"|"
5,09 €"
3818|Lait corps hydratant raffermissant, usage quotidien|Le flacon pompe de 250ml|[Origine : FRANCE, Les grossesses, les régimes à répétition mettent votre peau à rude épreuve. Ces agressions fragilisent sa structure, elle perd son élasticité et sa tonicité : elle est comme détendue, relâchée. Mixa connaît bien votre peau et ses déséquilibres (déshydratation, sécheresse cutanée, sensibilité...). Fort de cette expérience et grâce à la collaboration de spécialistes de la peau, Mixa crée le lait Corps Hydratant Raffermissant pour agir chaque jour sur votre silhouette., AQUA/WATER, GLYCERIN, CYCLOPENTASILOXANE, PETROLATUM, ALUMINUM STARCH OCTENYLSUCCINATE, PARAFFINUM LIQUIDUM / MINERAL OIL, CETEARYL ALCOHOL, COCO-GLUCOSIDE, ALPHA-ISOMETHYL IONONE, AMMONIUM POLYACRYLOYDIMETHYL TAURATE, BENZIL BENZOATE, BENZIL SALICYLATE, BUTYLPARABEN, BUTYLPHENYL METHYLPROPINAL, CHLORPHENESIN, CITRONELLOL, DISODIUM EDTA, GERANIOL, HEXYL CINNAMAL, HYDROXYISOHEXYL 3-CYCLOHENEXENE CARBOXALDEHYDE, IMIDAZOLIDINYL UREA, LIMONENE, LINALOOL, METHYLPARABEN, 2-OLEAMIDO-1, 3-OCTADECANEDIOL, PISIUM SATIVUM / PEA EXTRACT, POTASSIUM SORBATE, XANTHAN GUM, PARFUM / FRAGRANCE. (F.I .L. B11916/1)., 12 mois après ouverture.]|"
26,92€ / L"|"
6,73 €"
3819|Lait corps nourrissant, éclat soleil, peaux claires, huile d'abricot + karité|Le flacon pompe de 250ml|[Origine : FRANCE, Pour illuminer en douceur les peaux sèches, Mixa crée le Lait Corps Nourrissant Eclat Soleil.Il sublime les peaux sèches dès la 1ère application et leur apporte un hâle léger et naturel. Action nourrissante ensoleillante : le lait corps nourrissant effet soleil nourrit efficacement toutes les peaux, enrichie en micro-nacres, sa formule sublime et irise la peau. Subtilement dosé en agent bronzant, il ensoleille progressivement les peaux sèches, leur offrant un hâle léger, naturel et uniforme., Pratique à utiliser grâce à sa pompe doseuse, le Lait Eclat Soleil s'applique chaque jour, jusqu'à obtention du hâle désiré, puis tous les 2 jours. Sa formule, légère et non collante, pénètre instantanément sans laisser de film gras sur la peau.  Selaver les mains après chaque utilisation. Ne protège pas contre les rayons du soleil., Aqua/water, cyclopentasiloxane, C12-15 alkyl benzoate, glycerin, stearyl alcohol, sorbitol, glyceryl stearate, ceteareth-15, dihydroxyacetone, PEG-100 stearate, dimethicone, Cl15985/yellow 6, CL 77891/titanium dioxyde, linalool, geraniol, astaxanthine, sorbitan oleate, isobutylparaben, dimethiconol, elæis guineensis/palm oil, methylparaben, alpha-isomethyl ionone, sodium polyacryloyldimethyl taurate, haematococcus pluvialis/haematococcus pluvialis extract, rosmarinus officinalis/rosemary leaf extract, phenoxyethanol, prunus armeniaca/apricot kernel oil, prunus dulcis/sweet almond oil, limonene, tocopherol, propylparaben, hydroxyisohexyl 3-cyclohexene carboxaldehyde, citronellol, caprylic/capric triglyceride, synthetic fluorphlogopite, butyrospermum parkii / shea butter, polysorbate 80, ethylparaben, butylphenyl methylpropional, hexyl cinnamal, butylparaben, benzyl salicylate, benzyl benzoate, parfum/fragrance. (FIL C26497/1). Sans paraben., 6 mois après ouverture.]|"
27,68€ / L"|"
6,92 €"
3820|Lait corps nourrissant, effet soleil, peaux mates, huile d'abricot + karité, micro-nacres|Le flacon pompe de 250ml|[Origine : FRANCE, Pour illuminer en douceur les peaux sèches, Mixa créé le Lait Corps Nourrissant Effet Soleil, le 1er lait Mixa qui sublime les peaux sèches dès la 1ère application et leur apporte un hâle léger et naturel. Résultat : chaque jour, les peaux sèches sont efficacement nourries et sublimées. Progressivement, la peau rayonne d'un hâle naturel et subtil., Pratique à utiliser grâce à sa pompe doseuse, le Lait Effet Soleil s'applique chaque jour jusqu'à obtention du hâle désiré, puis tous les 2 jours. Sa formule, légère et non collante, pénètre instantanément sans laisser de films gras sur la peau.  Selaver les mains après chaque utilisation. Ne protège pas contre les rayons du soleil., sorbitan oleate, isobutylparaben, dimethiconol, elaeis guinensis, palm oil, eugenol, methylparaben, alpha-isomethyl ionone, sodium, polyacryloyldimethyl taurate, haematococcus pluvialis, haematococcus pluvialis extract, rosemarinus officinalis, rosmary leaf extract, phenoxyethanol, prunus armeniaca, apricot kernel oil, prunus dulcis/sweet almond oil, limonene, tocopherol, propylparaben, hydroxyisohexyl 3-cyclohexene carboxaldehyde, citronellol, caprylic/capric triglyceride, citral, synthetic fluorphlogopite, butyrospermum parkii, shea butter, polysorbate 80, ethylparaben, butylphenyl methylpropional, hexyl cinnamal, butylparaben, benzyl salicylate, benzyl benzoate, parfum/fragrance (FIL C27159/1)., A utiliser dans les 6 mois après ouverture.]|"
27,84€ / L"|"
6,96 €"
3821|Lait corps nutritif protecteur, Peaux sensibles et sèches, Huile d'abricot et thé vert bio|Le flacon pompe de 250ml|[Origine : FRANCE, composée à 98% d'ingrédients d'origine naturelle, sans paraben.]|"
26,88€ / L"|"
6,72 €"
3822|Lait corps nutritif protecteur, Peaux sensibles et sèches, Huile d'abricot et thé vert bio|Le flacon pompe de 250ml|[Origine : FRANCE, composée à 98% d'ingrédients d'origine naturelle, sans paraben.]|"
26,88€ / L"|"
6,72 €"
3823|Lait corps nutritif satinant peaux mates à foncées, karité pur|Le flacon pompe de 250ml|[Origine : FRANCE, Sa formule enrichie en Karité Pur, connu pour ses propriétés nutritives exceptionnelles, nourrit intensément la peau et lui redonne sa douceur et son éclat naturel.Hypoallergénique, formulé pour minimiser les risques d'allergies., Aqua / water, butyrospermum parkii butter / shea butter, cyclohexasiloxane, glycerin, glyceryl stearate, cetyl alcohol, PEG-40 stearate, citric acid, pentearythrityl tetra-DI-T-butyl hydroxyhydrocinnamate, phenoxyethanol, sodium benzoate, sorbitan tristearate, theobroma cacao butter / cocoa seed butter, parfum / fragrance. (FIL B34865/1)., 12 mois après ouverture.]|"
20,56€ / L"|"
5,14 €"
3824|Lait corps nutritif satinant peaux mates à foncées, karité pur|Le flacon pompe de 250ml|[Origine : FRANCE, Sa formule enrichie en Karité Pur, connu pour ses propriétés nutritives exceptionnelles, nourrit intensément la peau et lui redonne sa douceur et son éclat naturel.Hypoallergénique, formulé pour minimiser les risques d'allergies., Aqua / water, butyrospermum parkii butter / shea butter, cyclohexasiloxane, glycerin, glyceryl stearate, cetyl alcohol, PEG-40 stearate, citric acid, pentearythrityl tetra-DI-T-butyl hydroxyhydrocinnamate, phenoxyethanol, sodium benzoate, sorbitan tristearate, theobroma cacao butter / cocoa seed butter, parfum / fragrance. (FIL B34865/1)., 12 mois après ouverture.]|"
20,56€ / L"|"
5,14 €"
3825|Lait corps raffermissant post grossesse|Le flacon de 250ml|[Origine : FRANCE, Concentré en glycérine hydratante, ce lait hydrate intensément votre peau, la rend plus confortable et apaise les sensations de tiraillements. Enrichie en vitamine E, sa formule aide à raffermir la peau et la tonifie tout en améliorant son élasticitéet sa texture. Nourrie, votre peau est plus ferme et plus tonique., Post-grossesse + idéal variation de poids. Appliquez généreusement sur tout le corps et renouvelez le soir. Ne pas appliquer sur les seins pendant la période d'allaitement. Ne pas appliquer sur le visage. Ne pas laisser à la portée des jeunes enfantssans surveillance., Aqua / water, glycerin, butyrospermum parkii butter / shea butter, isopropyl palmitate, cetyl alcohol, cetyl esters, paraffinum liquidum / mineral oil, zea mays starch / corn starch, bifida ferment lysate, caprylyl glycol, carbomer, disodium edta, phenoxyethanol, polyglyceryl-3 methylglucose distearate, salicylic acid, sodium hydroxide, sodium polyacrylate, tocopherol, parfum / fragrance.  (FIL B163496/1). Sans paraben. Sans alcool., 12 mois après ouverture.]|"
25,80€ / L"|"
6,45 €"
3826|Lait corps réparateur, peaux extra sèches, soulage et répare les peaux abîmée ou très désséchées.|Le flacon de 400ml|[Origine : FRANCE]|"
17,75€ / L"|"
7,10 €"
3827|Lait corps réparateur peaux extra sèches|Le flacon de 250ml|[Origine : FRANCE, Formulé sous contrôle médical, le lait corps réparateur Mixa Intensif Peaux Sèches a été spécialement conçu pour nourrir et soulager les peaux abîmées ou extrêmement desséchées. Il est concentré en allantoïne, pour réparer, apaiser et nourrir la peauen profondeur. Il est enrichi en glycérine, pour assurer à la peau une hydratation intense et continue. Les peaux les plus sèches sont durablement soulagées et réhydratées, elles retrouvent une souplesse, un éclat et une douceur exceptionnels. Le lait corps réparateur est fluide et pénètre instantanément dans la peau, sans laisser de film gras., Aqua/water, glycerin, petrolatum, butyrospermum parkii butter/shea butter, dimethicone, aluminium starch octenylsuccinate, paraffinum liquidum/mineral oil, cyclohexasiloxane, cetearyl alcohol, coco-glucoside, elaeis guineensis oil/palm oil, Cl 14700/red4, Cl 47005/yellow 10, allantoin, linalool, geraniol, eugenol, methylparaben, coriandrum sativum oil/coriander seed oil, phenoxyethanol, ammonium polyacryldimethyl tauramide/ammonium polyacryloyldimethyl taurate, disodium edta, limonene, hydroxyisohexyl 3-cyclohexene carboxaldehyde, citronellol, hydroxycitronellal, citral, xanthan gum, butylphenyl methylpropional, hexyl cinnamal, benzyl salicylate, benzyl alcohol, benzyl benzoate, parfum/fragrance (FIL B161142/1).]|"
20,96€ / L"|"
5,24 €"
3828|Lait corps surgras anti-irritations, peaux très sensibles et réactives.|Le flacon de 250ml|[Origine : FRANCE, Enrichie en lait d'avoine, sa formule apaise les irritations, les échauffements et les sensations d'inconfort. Ce lait hydrate intensément la peau et restaure sa barrière hydrolipidique., Aqua, glycerin, paraffinum liquidum/mineral oil, petrolatum, butyrospermum parkii butter/shea butter, cetyl alcohol, sucrose stearate, isopropyl palmitate, dimethicone, methyl glucose sesquistearate, allantoin, ammonium polyacryldimethyl tauramide/ammonium polyacryloyldimethyl taurate, avena sativa kernel extract/ oat kernel extract, caprylyl glycol, myristyl myristate, palmitic acid, phenoxyethanol, salicylic acid, stearic acid, xanthan gum (FIL B159001/1). Sans paraben, sans parfum, sans alcool, sans colorant., 12 mois après ouverture.]|"
23,72€ / L"|"
5,93 €"
3829|Lait nourrissant surgras, 10% glycérine+lait d'avoine, peaux réactives à sécheressse sévère.|Le flacon de 250ml|[Origine : FRANCE, Dosé à 10% en glycérine et lait d'avoine, ce lait est spécialement conçu pour les peaux réactives à sécheresse sévère. Hydrate et répare intensément. Soulage tiraillements et démangeaisons., Appliquez généreusement sur tout le corps et renouvelez dans la journée si nécessaire, surtout en hiver ou dans un environnement sec., Aqua/water, glycerin, paraffinum liquidum/mineral oil, petrolatum, butyrospermum parkii butter/shea butter, cetyl alcohol, sucrose stearate, isopropyl palmitate, dimethicone, methyl glucose sesquistearate, allantoin, ammonium polyacryldimethyl tauramide/ammonium, polyacryloyldimethyl taurate, avena sativa kernel extract/oat kernel extract, caprylyl glycol, myristyl myristate, palmitic acid, phenoxyethanol, salicylic acid, stearic acid, xanthan gum, parfum/fragrance (FIL B50452/1). Sans paraben,sans colorant., 12 mois après ouverture.]|"
22,92€ / L"|"
5,73 €"
3830|Soin intensif vergetures post-grossesse|Le flacon de 200ml|[Origine : FRANCE, Enrichi en beurre de karité, le Soin Intensif Vergetures de Mixa nourrit la peau et renforce son élasticité et sa résistance. Fort de son expérience des peaux sensibles Mixa a sélectionné l'hydroxyproline, un acide aminé naturellement présent dans les fibres de collagène pour aider à raffermir les tissus et réduire visiblement les vergetures., Utilisable en période d'allaitement en respectant les règles d'hygiène suivantes : se laver les seins avant d'allaiter, ne pas appliquer sur les seins juste avant l'allaitement, ne pas appliquer sur les seins en cas de crevasses et/ou de fendillements., Aqua / water, dimethicone, glycerin, propylene glycol, stearoxy dimethicone, myreth-3 myristate, propylene glycol diethylhexanoate, glycine soja oil / soybean oil, hydroxyproline, butyrospermum parkii butter / shea butter, carbomer, chlorphenesin, dimethiconol, disodium edta, glyceryl stearate, methylsilanol mannuronate, peg-100 stearate, phenoxyethanol, sodium hydroxide, sodium stearoyl glutamate, tocopheryl acetate, parfum / fragrance. (FIL B162629/2). Sans paraben. Sans alcool., 12 mois après ouverture.]|"
60,70€ / L"|"
12,14 €"
3831|Soin surgras zones rugueuses, coudes, genoux, talons, 40% glycér ine+lait d'avoine, peaux réactives à sècheresse extrême|Le tube de 100ml|[Origine : FRANCE, Dosé à 40% en glycérine et lait d'avoine, ce soin est spécialement conçu pour les peaux réactives à sécheresse extrême. Nourrit et répare les zones desséchées et rugueuses., Appliquez généreusement sur les coudes, genoux et talons, et renouvelez dans la journée si nécessaire, surtout en hiver ou dans un environnement sec., Glycerin, aqua/water, butylene glycol, cetearyl alcohol, glyceryl stearate, butyrospermum parkii butter/shea butter, glyceryl stearate se, dimethicone, allantoin, avena sativa kernel extract/oat kernel extract, caprylyl glycol, peg/ppg-18/18 dimethicone, phenoxyethanol, sodium polyacrylate, parfum/fragrance (FIL B50458/1). Sans paraben, sans colorant., 12 mois après ouverture.]|"
55,50€ / L"|"
5,55 €"
3832|Baume riche, réparateur&soin, 48h, peaux désséchées ou abîmées.|Le pot de 300ml|[Origine : FRANCE, Sa formule enrichie à l'Urée et au Dexpanthénol, répare et soulage immédiatement votre peau abîmée et tiraillée. Elle vous procure durablement une sensation de confort.Sa formule à l'Urée et au Dexpanthénol agit de deux façons : elle aide la peau à se réparer et à se protéger contre le dessèchement et elle favorise le système naturel d'hydratation de la peau., Appliquer ce baume non gras chaque jour sur toutes les parties du corps., Aqua, glycerin, urea, glyceryl stearate, stearyl alcohol, hydrogenated coco-glycérides, dicaprylyl ether, glyceryl glucoside, sodium lactate, dimethicone, peg-40 stearate, panthenol, aluminum starch octenylsuccinate, xanthan gum, lactic acid, talc, phenoxyethanol, methylparaben, linalool, benzyl alcohol, parfum., 12 mois après ouverture.]|"
18,47€ / L"|"
5,54 €"
3833|Crème|Le pot de 200ml|[Origine : FRANCE, NIVEA crème est le soin idéal adapté à tous les types de peau. Enrichi en Eucerit. Sans conservateur., A utiliser partout où votre peau à besoin d'un soin particulièrement riche et doux., Aqua, paraffinum liquidum, cera microcristallina, glycerin, lanolin alcohol (eucerit ®), paraffin, panthenol, decyl oleate, octyldodecanol, aluminum stéarates, citric acid, magnésium sulfate, magnésium stéarate, parfum, limonene, geraniol, hydroxycitronellal, linalool, citronellol, benzyl benzoate, cinnamyl alcohol. Sans conservateur., 12 mois après ouverture.]|"
20,55€ / L"|"
4,11 €"
3834|Crème|Le tube de 100ml|[Origine : FRANCE, NIVEA Crème est le soin idéal adapté à tous les types de peau. A utiliser partout où votre peau a besoin d'un soin particulièrement riche et doux. Enrichi en Eucerit®. Sans conservateur., Aqua, Paraffinum Liquidum, Cera Microcristalling glycerin, Lanolin Alcohol (Eucerit®), Paraffin, Panthenol, Decyl, Oleate, Octyldodecanol, Aluminium Stéarates, Citric acide, Magnesium Sulfate, Magnésium Stéarate, Parfum, Limonene Geraniol, Hydroxycitronellal, Linalool, Citronellol, Benzoate, Cinnamyl Alcohol., A consommer 12 mois après ouverture]|"
23,60€ / L"|"
2,36 €"
3835|Crème de soin Hydratante|Le pot de 100ml|[Origine : FRANCE, Pour une peau douce et satinée., Aqua, glycerin, paraffinum, liquidum, myristyl alcohol, butylene glycol, alcohol denat, stearic acid, myristyl myristate, cera microcristallina, glyceryl stearate, hydrogenated, coco-glycerides, simmondsia chinensis oil, tocopheryl acetate, lanolin alcohol (eucerit), polyglyceryl-2 caprate, dimethicone, sodium carbomer, phenoxyethanol, linalool, citronellol, alpha-isomethyl ionone, butylphenyl methylpropional, limonene, benzyl salicylate, benzyl alcohol, parfum., 12 mois après ouverture.]|"
29,90€ / L"|"
2,99 €"
3836|Crème de soin hydratante, huile de jojoba et vitamine E|Le pot de 200ml|[Origine : FRANCE, Pour une peau douce et satinée. A l'huile de jojoba & vitamine E., Aqua, glycerin, paraffinum liquidum, myristyl alcohol, butylene glycol, alcohol denat., stearic acid, myristyl myristate, cera microcristallina, glyceryl stearate, hydrogenated coco-glycerides, simmondsia chinensis oil, tocopheryl acetate, lanolin alcohol (eucerit), polyglyceryl-2 caprate, dimethicone, sodium carbomer, phenoxyethanol, linalool, citronellol, alpha-isomethyl ionone, butylphenyl methylpropional, limonene, benzyl salicylate, benzyl alcohol, parfum. Sans paraben., 12 mois après ouverture.]|"
19,70€ / L"|"
3,94 €"
3837|Crème velouté douceur, peaux trés seches, beurre de karité|Le pot de 300ml|[Origine : ALLEMAGNE, Essayez la Crème Veloutée Douceur Nivea pour avoir la peau irrésistiblement douce. Cette crème prend soin de votre peau et l'enveloppe d'une caresse de douceur. Sa formule fondante enrichie au beurre de karité et Hydra IQ apporte souplesse et douceurà votre peau pour longtemps. L'Hydra IQ stimule la création des canaux d'hydratation* (*in vitro) naturellement présent dans la peau. Il favorise la circulation de l'eau jusque dans les couches profondes de l'épiderme. Testé sous contrôle dermatologique., Aqua, glycerin, C13-16 isoparaffin, cetearyl alcohol, isopropyl palmitate, paraffinum liquidum, glyceryl stearate SE, butyrospermum parkii butter, dimethicone, glyceryl stearate, hydrogenated coco-glycerides, glyceryl glucoside, sodium cetearyl sulfate, sodium carbomer, phenoxyethanol, methylparaben, ethylparaben, linalool, limonene, butylphenyl methylpropional, citronellol, benzyl alcohol, alpha-isomethyl ionone, parfum. Sans colorant. Sans alcool., 12 mois après ouverture.]|"
20,90€ / L"|"
6,27 €"
3838|Gel-crème fermeté, sans massage, Q10 plus, raffermit et réduit visiblement l'aspect cellulite même sans massage.|Le flacon de 200 ml|[Origine : FRANCE, Raffermit et réduit visiblement l'aspect cellulite même sans massage.Son utilisation régulière permet de réduire les signes visibles de la cellulite. La texture gel-crème pénètre instantanément et procure à votre peau un effet de fraîcheur immédiat., Tous types de peaux. Appliquez tous les jours sur les zones concernées : cuisses, fesses et ventre, sans massage., Aqua, alcohol denat., cyclomethicone, glycerin, glyceryl glucoside, carnitine, ubiquinone, nelumbo nucifera leaf extract, phenoxyethanol, butylene glycol, sodium acrylates/C10-30 alkyl acrylate crosspolymer, sodium carbomer, chondrus crispus, sodiumpolyacrylate, dimethiconol, limonene, linalool, geraniol, citral, parfum, Cl42090., 12 mois après ouverture.]|"
72,05€ / L"|"
14,41 €"
3839|Lait corps sous la douche, beurre de cacao & lait, peaux mates a foncées.|Le flacon de 250ml|[Origine : FRANCE, Votre peau mouillée assimile rapidement la formule hydratante, elle est immédiatement absorbée. Résultat : une peau nourrie et douce à la sortie de la douche. Pas besoin d'appliquer un lait pour le corps classique après. Le 1er lait pour le corps à utiliser sous la douche : une toute nouvelle façon de s'hydrater à la fois douce et simple. Un vrai moment de plaisir !, Convient après le rasage ou l'épilation. Utilisez votre gel douche habituel et rincez-le. Appliquez ce lait sur peau mouillée (une noisette par zone d'application suffit). Rincez. Séchez-vous, le produit ne laisse aucun résidu sur la serviette. Vousêtes déjà prête à vous habiller. Le produit peut rendre la baignoire ou la douche glissante. S'il reste du produit, pensez à bien rincer la baignoire ou la douche après utilisation., Aqua, cera microcristallina, paraffinum liquidum, glycerin, cetearyl alcohol, hydrogenated coco-glycerides, stearyl alcohol, myristyl alcohol, parfum, theobroma cacao seed butter, sine adipe lac, sodium carbomer, sodium acrylates/C10-30 alkyl acrylate crosspolymer, aluminum starch octenylsuccinate, phenoxyethanol, linalool, coumarin, benzyl alcohol. Sans colorant et silicones., 12 mois après ouverture.]|"
21,40€ / L"|"
5,35 €"
3840|Lait corps sous la douche, hydratant, peaux normales.|Le flacon de 250ml|[Origine : ALLEMAGNE, Un lait pour le corps à utiliser sous la douche, une toute nouvelle façon de s'hydrater à la fois douce et simple. Un vrai moment de plaisir., Utilisez votre gel douche comme d'habitude et rincez le. Appliquez ce lait sur tout le corps, sous la douche. Rincez. Séchez vous comme d'habitude., Aqua, cera microcristallina, paraffinum liquidum, glycerin, cetearyl alcohol, hydrogenated coco-glycerides, stearyl alcohol, myristyl alcohol, maris sal, sodium carbomer, sodium acrylates/c10-30 alkyl acrylate crosspolymer, aluminum starch octenylsuccinate, phenoxyethanol, methylisothiazolinone, linalool, benzyl alcohol, butylphenyl methylpropional, geraniol, limonene, alpha isomethyl ionone, parfum., 12 mois après ouverture.]|"
20,00€ / L"|"
5,00 €"
3841|Lait corps sous la douche, nourrissant, à utiliser après le gel  douche, peaux sèches, huile d'amande douce.|Le flacon de 400ml|[Origine : FRANCE, Une toute nouvelle façon de s'hydrater à la fois douce et simple ! Un vrai moment de plaisir ! Votre peau mouillée assimile rapidement la formule nourrissante, elle est vite absorbée. Résultat : une peau douce et veloutée à la sortie de la douche. Pas besoin d'appliquer un lait pour le corps classique après !, Utilisez votre gel douche habituel et rincez le. Appliquez ce lait sur tout le corps sous la douche (une noisette par zone d'application suffit). Rincez. Séchez vous comme d'habitude. S'il reste du produit, pensez à bien rincer la baignoire après utilisation pour éviter de glisser. Testé sous contrôle dermatologique., Aqua, cera microcristallina, paraffinum liquidum, glycerin, cetearyl alcohol, hydrogenated coco-glycerides, stearyl alcohol, myristyl alcohol, parfum, prunus amygdalus dulcis oil, sodium carbomer, sodium acrylates/C10-30 alkyl acrylate crosspolymer,aluminium starch octenylsuccinate, phenoxyethanol, methylisothiazolinone, limonene, linalool, geraniol, benzyl alcohol, citronellol, alpha-isomethyl ionone, hexyl cinnamal, butylphenyl methylpropional, benzyl benzoate, benzyl salicylate, citral. Sanscolorants. Sans silicones., 12 mois après ouverture.]|"
17,63€ / L"|"
7,05 €"
3842|Lait corps sous la douche, nourrissant, pour peaux sèches.|Le flacon 250ml|[Origine : ALLEMAGNE, Un lait pour le corps à utiliser sous la douche, une toute nouvelle façon de s'hydrater à la fois douce et simple. Un vrai moment de plaisir. Une peau douce et veloutée à la sortie de la douche. Pas besoin d'appliquer un lait pour le corps classiqueaprès., Utiliser votre gel douche comme d'habitude et rincez le. Appliquez ce lait sur tout le corps, sous la douche. Rincez. Séchez vous comme d'habitude., Aqua, cera microcristallina, paraffinum liquidum, glycerin, glycerin, cetearyl alcohol, hydrogenated coco glycerides, stearyl alcohol, myristyl alcohol, parfum, prunus amygdalus dulcis oil, sodium carbomer, sodium acrylates/c10-30 alkyl acrylate crosspolymer, aluminum starch octenylsuccinate, phenoxyethanol, méthylisothiazolinone, limonene, linalool, geraniol, benzyl alcohol, citronellol, alpha isomethyl ionone, hexyl cinnamal, butylphenyl methylpropional, benzyl benzoate, benzyl salicylate, citral., 12 mois après ouverture.]|"
20,24€ / L"|"
5,06 €"
3843|Lait corps sous la douche douceur, peaux sèches, beurre de karité24h+.|Le flacon de 250ml|[Origine : FRANCE]|"
21,32€ / L"|"
5,33 €"
3844|Lait crème nourrissant 24h, huile d'amande douce, peaux très sèches|Le flacon pompe de 250ml|[Origine : FRANCE, Rich sensation : riche et fondant, ce soin quotidien hydratant 24h a été spécialement conçu pour les besoins des peaux très sèches. Pour une sensation immédiate de confort. Ressentez la beauté d'une peau douce et éclatante. Enrichi en minéraux naturels et actifs hydratants, le lait crème nourrissant agit en harmonie avec la peau en stimulant son système naturel d'hydratation. Utilisé quotidiennement, les peaux très sèches sont apaisées, même les zones les plus rêches et rugueuses. Sa formule riche et onctueuse contient également de l'huile d'amande douce et de la vitamine E pour un confort immédiat et une peau incroyablement douce., Aqua, paraffinum liquidum, C13-16 isoparaffin, glycerin, isopropyl palmitate, cera microcristallina, PEG-40 sorbitan perisostearate, polyglyceryl-3 diisostearate, prunus dulcis, tocopheryl acetate, taurine, maris sal, magnésium sulfate, sodium citrate, citric acid, potassium sorbate, linalool, limonene, geraniol, citronellol, butylphenyl methylpropional, benzyl salicylate, cinnamyl alcohol, alpha-isomethyl ionone, hydroxycitronellal, hexyl cinnamal, parfum., A utiliser dans les 12 mois après ouverture.]|"
19,04€ / L"|"
4,76 €"
3845|Lait crème nourrissant 24h, huile d'amande douce, peaux très sèches|Le flacon pompe de 400ml|[Origine : FRANCE, Rich sensation : riche et fondant, ce soin quotidien hydratant 24h a été spécialement conçu pour les besoins des peaux très sèches. Pour une sensation immédiate de confort. Ressentez la beauté d'une peau douce et éclatante. Enrichi en minéraux naturels et actifs hydratants, le lait crème nourrissant agit en harmonie avec la peau en stimulant son système naturel d'hydratation. Utilisé quotidiennement, les peaux très sèches sont apaisées, même les zones les plus rêches et rugueuses. Sa formule riche et onctueuse contient également de l'huile d'amande douce et de la vitamine E pour un confort immédiat et une peau incroyablement douce., Aqua, paraffinum liquidum, C13-16 isoparaffin, glycerin, isopropyl palmitate, cera microcristallina, PEG-40 sorbitan perisostearate, polyglyceryl-3 diisostearate, prunus dulcis, tocopheryl acetate, taurine, maris sal, magnésium sulfate, sodium citrate, citric acid, potassium sorbate, linalool, limonene, geraniol, citronellol, butylphenyl methylpropional, benzyl salicylate, cinnamyl alcohol, alpha-isomethyl ionone, hydroxycitronellal, hexyl cinnamal, parfum., A utiliser dans les 12 mois après ouverture.]|"
16,63€ / L"|"
6,65 €"
3846|Lait douceur hydratant 24h, peaux sèches, beurre de karité|La pompe de 400ml|[Origine : FRANCE, Enrichi en beurre de karité, extrait de Ginkgo et vitamine E, le lait Douceur Hydratant se fond délicieusement dans la peau. Sa texture onctueuse pénètre immédiatement et hydrate intensément la peau. Protège contre le dessèchement, votre peau est douce pour longtemps., Aqua, glycerin, paraffinum liquidum, caprylic / capric triglyceride, cyclomethicone, cetyl alcohol, dimethicone, glyceryl stearate, PEG-40 stearate, ginkgo biloba extract, butyrospermum parkii butter, tocopheryl acetate, sodium carbomer, trisodium EDTA, phenoxyethanol, methylparaben, propylparaben, linalool, limonene, hydroxyisohexyl 3-cyclohexene carboxaldehyde, butylphenyl methylpropional, alpha-isomethyl ionone, citronellol, citral, parfum.]|"
18,00€ / L"|"
7,20 €"
3847|Lait douceur Smooth sensation, hydratant 24h, beurre de karité, peaux sèches|Le flacon de 250ml|[Origine : FRANCE, Doux et fondant, ce soin hydratant répond parfaitement aux besoins des peaux très sèches.Sa formule fondante enrichie au beurre de karité est absorbée très rapidement et procure à votre peau une sensation de douceur irrésistible. Visiblement hydratée, votre peau est douce et souple. Elle est enveloppée d'une agréable caresse réconfortante. Ce lait, enrichi en Hydra QI, vous apporte une hydratation intelligente : il active le processus naturel d'hydratation de votre peau pour une sensation de confort continue et durable., Aqua, glycerin, paraffinum liquidum, caprylic/capric triglyceride, cyclomethicone, cetyl alcohol, dimethicone, glyceryl stearate, PEG-40 stearate, ginkgo biloba extract, butyrospermum parkii butter, tocopheryl acetate, sodium carbomer, trisodium EDTA, phenoxyethanol, methylparaben, propylparaben, linalool, limonene, hydroxyisohexyl 3-cyclohexene carboxaldehyde, butylphenyl methylpropional, alpha-isomethyl ionone, citronellol, citral, geraniol, benzyl alcohol, parfum., 12 mois après ouverture.]|"
20,40€ / L"|"
5,10 €"
3848|Lait fermeté hydratant, Q10 plus, peaux normales|Le flacon de 250ml|[Origine : FRANCE, Enrichie en Co-enzyme Q10, naturellement présent dans la peau, cette formule efficace : stimule le renouvellement cellulaire et améliore ainsi la fermeté de la peau.Renforce et protège la peau contre la perte d'élasticité. La texture légère de ce lait hydratant pénètre rapidement. Résultats prouvés : dès 2 semaines, la peau est visiblement plus ferme., Aqua, glycerin, paraffinum liquidum, glyceryl stearate SE, octyldodecanol, alcohol denat, stearic acid, dimethicone, glyceryl glucoside, ubiquinone, creatine,1-methylhydantoin-2-imide, dicaprylyl ether, myristyl alcohol, phenoxyethanol, methylparaben, sodium carbomer, propylparaben, linalool, citronellol, butylphenyl methylpropional, benzyl alcohol, alpha-isomethyl ionone, limonene, parfum., 12 mois après ouverture.]|"
27,20€ / L"|"
6,80 €"
3849|Lait fluide hydratant 24h, minéraux marins, peau normales|Le flacon de 250ml|[Origine : FRANCE, Fluide et velouté, ce soin quotidien hydratant 24h a été spécialement conçu pour les besoins des peaux normales. Pour une agréable sensation de fraîcheur.Ressentez la beauté d'une peau douce et éclatante. Enrichi en minéraux marins, actifs hydratantset vitamine e, le lait fluide hydratant pénètre rapidement. Il renforce le processus naturel d'hydratation cutanée et améliore la barrière protectrice de la peau. Elle est ainsi protégée contre le dessèchement. Votre peau est douce, souple et sainetoute la journée., Aqua, glycerin, caprylic/capric triglyceride, myristyl myristate, alcohol denat, glyceryl stearate citrate, dimethicone, octyldodecanol, tocopheryl acetate, taurine, maris sal, cetearyl alcohol, sorbitan stearate, xanthan gum, sodium carbomer, phenoxyethanol, methylparaben, propylparaben, parfum., 12 mois après ouverture.]|"
20,16€ / L"|"
5,04 €"
3850|Lait hydratant réparateur&soin pour le corps|Le flacon de 250ml|[Origine : FRANCE, Sa formule ultra légère enrichie au dexpanthénol répare et apaise immédiatement votre peau. Elle vous procure pour longtemps une sensation de confort.Visiblement réparée, votre peau est douce et souple. Les peaux desséchées et abimées sont soulagéespendant 48 heures, Aqua, glycerin, C13-16 isoparaffin, isopropyl palmitate, glyceryl glucoside, cetearyl alcohol, dimethicone, glyceryl stearate se, panthenol, glyceryl stearate, myristyl alcohol, cera microcristallina, hydrogenated coco-glycerides, paraffinum liquidum, sodium carbomer, sodium cetearyl sulfate, phenoxyethanol, methylparaben, ethylparaben, linalool, benzyl alcohol, parfum., 12 mois après ouverture.]|"
21,20€ / L"|"
5,30 €"
3851|Lait nourrissant à l'huile d'argan bio et jojoba bio|Le flacon de 250ml|[Origine : ESPAGNE, Découvrez l'expérience du Lait Nourrissant Nivea Pure & Natural pour le corps enrichi aux précieuses huile d'Argan Bio et huile de Jojoba Bio.L'alliance du soin, de la naturalité et du plaisir dans un lait maintenant l'équilibre naturel d'hydratationde votre peau. Une texture riche et fondante au parfum frais pou une peau intensément nourrie et douce tout au long de la journée., Aqua, glycerin, octyldodecanol, dicaprylyl et propyl palmitate, hydrogenated coco-glycerides, cetearyl alcohol, glyceryl stearate se, hydrogenated vegetable oil, argania spinosa kernel oil, simmondsia chinensis seed oil, glyceryl glucoside, sodium carbomer, sodium cetearyl sulfate, methylisothiazolinone, phenoxyethanol, linalool, limonene, citronellol, benzyl alcohol, butylphenyl methylpropional, alpha-isomethyl ionone, geraniol, parfum. Sans paraben. Sans colorant. Sans silicone. Sans PVC dansl'emballage., 12 mois après ouverture.]|"
23,28€ / L"|"
5,82 €"
3852|Lait nourrissant fermeté, Q10 plus, raffermit et nourrit intensément la peau, huile de macadamia, peaux sèches.|Le flacon de 250ml|[Origine : FRANCE, Le Lait Fermeté Nourrissant Q10 Plus de Nivea nourrit intensément et raffermit les peaux sèches. Résultats prouvés : dès 2 semaines, la peau est visiblement plus ferme.Enrichie en Co-Enzyme Q10, naturellement présent dans la peau, cette formule efficace : stimule le renouvellement cellulaire et améliore ainsi la fermeté de la peau, renforce et protège la peau contre la perte d'élasticité. Egalement enrichie en Huile de Macadamia, cette formule riche nourrit intensément., Aqua, paraffinum liquidum, glycerin, C12-15 alkyl benzoate, C13-16 isoparaffin, polyglyceryl-3 distearate, cetearyl alcohol, myristyl alcohol, ubiquinone, creatine, 1-methylhydantoin-2-imide, sorbitan stearate, cera microcristallina, hydrogenated coco-glycerides, dimethicone, phenoxyethanol, sodium carbomer, methylparaben, ethylparaben, macadamia ternifolia seed oil, linalool, citronellol, butylphenyl methylpropional, benzyl alcohol, alpha-isomethyl ionone, limonene, parfum., 12 mois après ouverture.]|"
32,52€ / L"|"
8,13 €"
3853|Soin nourissant pure et natural|Le pot de 300ml|[Origine : FRANCE, Sa formule riche en huile d'argan et huile de Bardane issues de l'agriculture biologique nourrit intensément votre peau et la laisse souple et douce toute la journée., Appliquez ce soin et effectuez de légers pincements entre la pulpe de vos doigts. Finissez par un léger massage circulaire et insistez sur les zones spécifiques pour un résultat optimal., Aqua, glycerin, alcohol denat, caprylic/capric triglyceride, cetearyl alcohol, octyldodecanol, glyceryl stearate citrate, dicaprylyl ether, hydrogenated vegetable oil, arctium lappa fruit extract, argania spinosa kernel oil, glyceryl glucoside, tocopherol, tapioca starch, glyceryl stearate, xanthan gum, sodium carbomer, methylisothiazolinone, phenoxyethanol, linalool, limonene, citronellol, benzyl alcohol, butylphenyl methylpropional, alpha isomethyl ionone, geraniol, parfum. Sans paraben, sanssilicone, sans colorant, sans huile minérale., 12 mois après ouverture.]|"
21,80€ / L"|"
6,54 €"
3854|Huile sèche soin réparateur, visage et corps, formule beurre de cacao, à la vitamine E|Le tube de 150ml|[Origine : ETATS-UNIS AMERIQUE, Il répare la peau sèche et abîmée, il redonne de l'éclat au teint irrégulier et aide à réduire les rides et ridules. La peau devient douce et lisse grâce à cette formule non grasse. Egalement idéale comme huile de bain ou de douche pour un traitementhydratant en profondeur., Massez doucement les zones affectées, trois fois par jour ou aussi souvent que vous le souhaitez., Huile de colza, myristate d'isopropyle, éthylhexanoate de cétéaryle huile de graines de sesamum indicum (sésame), diméthicone, beurre de graines de theobroma cacao (cacao), acétate de tocophéryle, parfum, extrait de graines de rosa canina, citronellol, coumarine, limonene, linalool, géraniol., 24 mois après ouverture.]|"
88,93€ / L"|"
13,34 €"
3855|Lait nutritif pour le corps,formule au beurre de cacao, à la vitamine E, soin efficace 24heures.|Le flacon Pompe de 200ML|[Origine : FRANCE, Assure une hydratation profonde et générale. Cette formule à la douceur veloutée est rapidement absorbée, créant une protection qui préserve l'hydratation naturelle., Appliquer quotidiennement aussi souvent que vous le désirez, sur tout le corps., Aqua, theobroma cacao extract, glyceryl stearate, petrolatum, propylene glycol, glycerin, cocos nucifera oil, paraffinum liquidum, theobroma cacao seed butter, elaeis guineensis oil, cetyl alcohol, dimethicone, tocopheryl acetate, hydroxyethylcellulose, peg-8 stearate, behentrimonium methosulfate, butylene glycol, parfum, alcohol, phenoxyethanol, myristyl alcohol, yellow 5 (CI19140), orange 4 (CI15510), benzyl alcohol., 12 mois après ouverture.]|"
22,10€ / L"|"
4,42 €"
3856|Lotion de massage anti-vergetures, avec vitamine E, collagène, élastine et beurre de karité, formule au beurre de cacao|Le flacon de 250ml|[Origine : ETATS-UNIS AMERIQUE, Cette lotion non grasse aide à améliorer l'élasticité et la souplesse de la peau pendant et après la grossesse. Recommandée pour le traitement des vergetures dus aux fluctuations de poids., Appliquer la lotion sur l'ensemble du corps, 3 fois par jour. La sensibilité cutanée augmente pendant la grossesse. Nous vous recommandons de procéder à un essai de ce produit sur une petite zone comme l'intérieur de l'avant bras, 48h avant la première utilisation. Ne pas utiliser en cas d'irritation ou d'éruption cutanée. Après avoir utilisé le produit, en cas d'irritation ou d'éruption cutanée, interrompre immédiatement toute utilisation et consulter un médecin., Eau (aqua), extrait de cacao (theobroma), glycérine, stéarate de glyceryle, pétrolatum, propylene glycol, huile minérale (paraffinum liquidum), beurre de graines de cacao theobroma (cocoa), huile de noix de coco (cocos nucifera), huile de palme (elaeis guineensis), alcool cétilyque, parfum, diméthicone, beurre de karité (butyrospermum parkii), huile d'amande douce (prunus amygdalus dulcis), acétate de tocophéryle, extrait de centella asiatica, collagène hydrolysé, élastine hydrolysée, huile d'argan (argania spinosa), acetylaringyltryptophyl diphenylglycine, huile de graines de carthame (carthamus tinctorius), hydroxyethylcellulose, stearate peg-8, phenoxyethanol, acide benzoique, acide sorbique, méthosulfate de behentrimonium, butylene glycol, caramel, benzoate de benzyle, cinnamate de benzyle, salicylate de benzyle, d-limonene, cinnamal d'hexyle, hydroxycitronellal, butylphenyl methylpropional, linalool., 12 mois après ouverture.]|"
39,52€ / L"|"
9,88 €"
3857|Lotion intensive anti-vergetures, formule au beurre de cacao, raffermit la peau après grossesse et perte de poids|Le flacon de 250ml|[Origine : ETATS-UNIS AMERIQUE, Cette formule unique a été spécifiquement désignée pour redonner à votre corps sa fermeté naturelle d'origine, à tout moment, même après une grossesse ou une perte de poids. Aide à lisser la peau et réduire l'apparence des vergetures., Appliquer sur le corps et masser, deux fois par jour, spécialement sur les cuisses, les jambes, l'estomac et le buste., Eau (aqua), extrait de cacao (theobroma), glycérine, copolymère acrylique, stéarate de glyceryl, stéarate de peg-100, lanolate d'isopropyle, palmitate d'isopropyle, propylène glycol, alcool de ianoline, diméthicone, beurre de cacao (theobroma), huileminérale (vaseline liquide) butyrospermum parkii (beurre de karité), acide stéarique polyimide-1, bentonite, fragrance, alcool cétylique, alcool stéarylique, cire microcristalline, extrait de racine de ginseng, extrait de fleur de camomille (matricaria chamomilla), extrait de feuilles de thé (camellia sinensis), acétate de tocophéryl, collagène soluble, élastine hydrolysée, imidazolidinylurée, lécithine, carnatine, ubiquinone, sel disodique de l'acide éthylène diamine tétracétique, methylparaben, propylparaben., 12 mois après ouverture.]|"
39,52€ / L"|"
9,88 €"
3858|Baume corps, ginger morning.|Le pot de 250ml|[Origine : FRANCE, Massez délicatement le baume sur une peau propre en insistant plus particulièrement sur les zones sèches du corps., Aqua, ethylhexyl stearate, glycerin, butyrospermum parkii, cetyl alcohol, cyclopentasiloxane, paraffinum liquidum, glyceryl stearate, peg-100 stearate, phenoxyethanol, parfum, acrylates/c10-30 alkyl acrylate crosspolymer, methylparaben, benzophenone-1, benzophenone-4, disodium edta, sodium hydroxide, butylparaben, ethylparaben, isobutylparaben, propylparaben, citral, eugenol, geraniol, limonene, linalool, CI 47005 (yellow10), CI 42090 (blue1)., 12 mois après ouverture.]|"
18,48€ / L"|"
4,62 €"
3859|Lait corps, ginger morning.|Le flacon de 500ml|[Origine : FRANCE, Massez délicatement le lait corps sur une peau propre., Aqua, paraffinum liquidum (mineral oil), petrolatum, cetearyl alcohol, glycerin, parfum, phenoxyethanol, sodium polyacrylate, sodium stearoyl glutamate, xanthan gum, methylparaben, citric acid, butylparaben, ethylparaben, isobutylparaben, propylparaben, citral, eugenol, geraniol, limonene, linalool, CI47005 (yellow10), CI42090 (blue1)., 12 mois après ouverture.]|"
10,28€ / L"|"
5,14 €"
3860|Soin universel visage et corps réparateur intense, peaux très sèches et irritées|Le tube de 200ml|[Origine : FRANCE, Dermophil innove avec le Soin Universel Réparateur Intense Formule Indienne en s'appuyant sur son expertise de protection et de réparation des peaux agressées par les éléments extérieurs. Ce soin unique est riche d'un complexe végétal élaboré à partir d'actifs naturels reconnus et utilisés depuis des milliers d'années. L'Echinacée, plante à usage médicinal, est très employée par les Indiens d'Amérique pour le soin des gerçures et des irritations : répare et adoucit. L'huile Bio d'Inca Inchi, originaire de l'Amazonie péruvienne, est connue des Incas pour ses qualités cicatrisantes : restructure et apaise. Le beurre de cacao, issu du Cacayoter s'utilise sur les peaux altérées et desséchées : protège., A utiliser, une à deux fois par jour, sur le visage et le corps. De texture légère et non grasse, ce soin pénètre instantanément et protège durablement les zones desséchées du visage et du corps. Nourrie en profondeur, la peau est réparée et apaisée., Aqua, butylene glycol, glycerin, ethylhexyl stearate, isononyl isononanoate, theobroma cacao seed butter, dicaprylyl carbonate, C10-18 triglycerides, glyceryl stearate, hydrogenated starch hydrolysate, peg-100 stearate, hydrogenated polyisobutene, glyceryl undecylenate, pentaerythrityl distearate, phenoxyethanol, propylene glycol, sodium polyacrylate, caprylyl glycol, tocopheryl acetate, plukenetia volubilis seed oil, xanthan gum, parfum, limonene, echinacea angustifolia extract, citric acid, rosmarinus officinalis extract, hydroxycitronellal, linalool, geraniol, tocopherol., 12 mois après ouverture.]|"
35,80€ / L"|"
7,16 €"
3861|Soin gommant corps, hydratant, peaux très sèches, karité, sucre roux, huile d'argan|Le tube de 150ml|[Origine : FRANCE, Enveloppée d'un parfum délicieusement gourmand, la peau est lumineuse et soyeuse au toucher, prête à recevoir les bienfaits des soins hydratants., Une à deux fois par semaine, exfoliez votre peau en douceur puis rincez la généreusement., Aqua, glycerin, polyethylene, sodium laureth sulfate, acrylates/c10-30 alkyl acrylate crosspolymer, lauryl glucoside, prunus amygdalus dulcis shell powder, argania spinosa kernel oil, butyrospermum parkii, calophyllum inophyllum shell power, sucrose,sodium chloride, disodium edta, sodium hydroxide, phenoxyethanol, methylparaben, parfum, hexyl cinnamal, linalool, CI14700, CI17200, CI19140, CI42090, CI47005., 12 mois après ouverture.]|"
42,20€ / L"|"
6,33 €"
3862|Soin gommant pour le corps, peaux sèches, aux huiles essentielles|Le tube de 150ml|[Origine : FRANCE, Une à deux fois par semaine, redonnez éclat et tonus à votre peau avec le soin gommant énergisant Le Petit Marseillais.Enveloppé d'un voile parfumé aux notes pétillantes, la peau est douce, fraîche et tonifiée, prête à recevoir les bienfaits des soins hydratants., Aqua, glycerin, Polyéthylène, calophyllum inophyllum shell powder, aloe barbadensis leaf juice, citrus aurantium bergamia fruit oil, citrus paradisi peel oil, prunus amygdalus dulcis shell powder, alcohol, decyl glucoside, benzotriazolyl dodecyl p-cresol, tris (tetramethylhydroxypiperidinol) citrate, xanthan gum, acrylates/C10-30 alkyl acrylate crosspolymer, citric acid, sodium hydroxide, sodium benzoate, sodium sulfite, parfum, limonene, linalool, Cl19140, Cl61570., 12 mois après ouverture.]|"
39,87€ / L"|"
5,98 €"
3863|Soin gommant, peaux s}ches, grains de sucre, huile d'argan|Le tube de 150ml|[Origine : FRANCE, Le soin gommant Monoprix exfolie votre peau en douceur la laisse douce et soyeuse.Sa formule enrichie en grains de sucre, extrait de karité et en huile d'argan nettoie et affine votre grain de peau tout en douceur. Votre peau est visuellement plus lisse, éclatante de beauté et délicatement parfumée, prête à recevoir votre soin corporel., Appliquez une ou deux fois par semaine, sous la douche, sur une peau humide et propre par massages circulaires, en insistant sur les zones rugueuses (coudes, genoux, pieds), puis rincez à l'eau claire. Eviter le contact avec les yeux. En cas de contact avec les yeux, rincer immédiatement et abondamment avec de l'eau., Glycerin, aqua, sodium laureth sulfate, polyethylene, acrylates/C10-30 alkyl acrylate crosspolymer, triethanolamine, parfum, ppg-26-buteth-26, peg-40 hydrogenated castor oil, sucrose, coconut nucifera shell powder, potassium sorbate, argania spinosakernel oil, copernicia cerifera cera, cera alba, butyrospermum parkii butter, methylisothiazolinone, Cl 19140, Cl 16255, tocopherol., 12 mois après ouverture.]|"
28,40€ / L"|"
4,26 €"
3864|Soin gommage intense|Le flacon de 150ml|[Origine : FRANCE, AQUA, SODIUM LAURETH SULFATE, PRUNUS ARMENIACA SEED POWDER, ACRYLATES COPOLYMER, SODIUM CHLORIDE, HYDROGENATED STARCH HYDROLYSATE, PARFUM, PEG-200 HYDROGENATED GLYCERYL PALMATE, PHENOXYETHANOL, SODIUM BENZOATE, CELLULOSE GUM, PEG-7 GLYCERYL COCOATE,PRUNUS ARMENIACA KERNEL OIL, SODIUM HYDROXIDE, DISODIUM EDTA, LINALOOL, HEXYL CINNAMAL, CITRIC ACID, AMYL CINNAMAL, GERANIOL, CI 15985]|"
41,13€ / L"|"
6,17 €"
3865|Gommage corps nourrissant, infusé aux huiles|Le tube de 200ml|[Origine : FRANCE, Grâce aux graines de cupuaçu et au pouvoir sublimant des huiles, ce gommage infusé aux huiles exfolie le cellules-mortes pour révéler une peau lisse et éclatante. Radieuse et subtilement parfumée, elle apparaît comme transformée. La peau est intensément nourrie : riches en nutriments essentiels, les huiles précieuses participent à nourrir la peau, renforcer sa fonction-barrière et ainsi prévenir son dessèchement., Formule à rincer. Ne pas appliquer sur le visage., Aqua/water, sodium laureth sulfate, polyethylene, sodium chloride, acrylates copolymer, coco-betaine, argania spinosa oil / argania spinosa kernel oil, butyrospermum parkii butter / shea butter, caramel, ci 14700 / red 4, ci 19140 / yellow 5, citricacid, cocamide mea, glycerin, macadamia ternifolia seed oil, ppg-5-ceteth-20, prunus amygdalus dulcis oil / sweet almond oil, rosa Rubiginosa seed oil, salicylic acid, sodium benzoate, sodium hydroxide, theobroma grandiflorum seed powder, parfum / fragrance. (F.I.L. B162991/2)., 12 mois après ouverture.]|"
26,75€ / L"|"
5,35 €"
3866|Gommage lissant, sucre et extrait naturel de fruit, efficacité lissante immédiate|Le tube de 200ml|[Origine : FRANCE, Le gommage lissant au sucre bodytonic contient des actifs naturels et lisse instantanément la peau tout en la respectant. Ultra fondant, il laisse la peau douce et tonifiée., Appliquer 3 fois par semaine, sur peau humide, avec de petits massages circulaires légèrement frictionnants, en insistant sur les zones les plus rugueuses. Rincer et sécher la peau. Idéal pour préparer votre peau à l'application de soins. Ne pas appliquer sur le visage., Valeur énergétique en Joules :  0, Valeur énergétique en Kcal : 0, Glucides : 0, Lipides : 0, Protides :0, Aqua/water, polyethylene, sodium laureth sulfate, glycerin, tea-lauryl sulfate, cocamide mea, propylene glycol, parfum/fragrance, acrylates/c10-30 alkyl acrylate crosspolymer, pyrus malus/apple fruit water, sucrose, Cl14700/red 4, Cl16255/acid red 18aluminum lake, Cl19140/yellow 5, polyquaternium-7, synthetic wax, tetrasodium edta, triethanolamine, benzophenone-4, benzyl benzoate, butylparaben, chlorphenesin, ethylparaben, isobutylparaben, methylparaben, phenoxyethanol, propylparaben, citral, citronellol, geraniol, hexyl cinnamal, hydroxycitronellal, hydroxyisohexyl 3-cyclohexene carboxaldehyde, limonene, linalool, (F.I.L. B7808/3)., 12 mois après ouverture.]|"
42,20€ / L"|"
8,44 €"
3867|Granité de douche, Exfoliant à rincer|Le pot de 300ml|[Origine : POLOGNE]|"
27,43€ / L"|"
8,23 €"
3868|Bain dissolvant, express, tous types de vernis, sans coton.|Le flacon de 75ml|[Origine : FRANCE, Le bain dissolvant Monoprix élimine parfaitement et instantanément tous les vernis même les plus tenaces en une minute. Sa formule, enrichie en vitamine E, évite le dessèchement des ongles. Son format ultra pratique ne nécessite pas l'utilisation decoton. Testé sous contrôle dermatologique., Plongez vos doigts un à un dans le flacon et tournez l'ongle quelques secondes contre la mousse imbibée de dissolvant. Bien refermer le pot après chaque utilisation. Bien se laver les mains après chaque utilisation. Facilement inflammable. Tenir horsde portée des enfants. Utiliser et conserver à l'écart de toute flamme ou source d'ignition ou d'étincelles, source de chaleur ou appareil électrique en fonctionnement. Ne pas fumer. En cas d'ingestion, consulter immédiatement un médecin et lui montrer l'emballage ou l'étiquette. Irritant pour les yeux. Eviter le contact avec les yeux. En cas de contact avec les yeux, laver immédiatement et abondamment avec de l'eau et consulter un spécialiste. Ne pas respirer les vapeurs. Utiliser et conserverle récipient dans un endroit bien ventilé. Ne pas utiliser pour un usage autre que celui pour lequel il est destiné., Ethyl acetate, alcohol denat, aqua, glycerin, panthenol, parfum, tocopheryl acetate., 6 mois après ouverture.]|"
82,27€ / L"|"
6,17 €"
3869|Crème mains et ongles, hydrate et protège, fortifie les ongles, mains sèches.|Le tube de 100ml|[Origine : FRANCE, La crème mains et ongles Monoprix nourrit et hydrate durablement vos mains.Enrichie en huile de jojoba et en vitamine E, elle soulage instantanément, protège votre peau et fortifie vos ongles. Sa formule non grasse et non collante, pénètre rapidementet apporte à vos mains un confort immédiat. Hydratées, nourries et apaisées, vos mains sont plus douces et plus souples., Pour les peaux sèches., Aqua, paraffinum liquidum, glycerin, cyclopentasiloxane, cetearyl alcohol, stearyl alcohol, myristyl myristate, simmondsia chinensis seed oil, phenoxyethanol, panthenol, caprylyl glycol, tocopheryl acetate, parfum, cetearyl glucoside, acrylates/C10-30 alkyl acrylate crosspolymer, hydrolyzed keratin, xanthan gum, sodium hydroxide., Se conserve 12 mois après ouverture.]|"
17,10€ / L"|"
1,71 €"
3870|Crème mains hydratante à l'aloé vera et à l'extrait d'hibiscus|Le tube de 75ml|[Origine : FRANCE, La crème main Monoprix Bio ! hydrate et pénètre rapidement., Aqua, aloe barbadensis gel*, isopropyl palmitate, caprylic/capric triglyceride, glycerin, polyglyceryl-3 methylglucose distearate, glyceryl stearate citrate, cetyl babassuate, stearyl alcohol, argania spinosa oil*, benzyl alcohol, sodium benzoate, xanthan gum, aroma, phytic acid, oryza sativa hull powder, maris aqua, sodium hydroxide, tocopherol, helianthus annuus seed oil, hibiscus sabdariffa extract*, potassium sorbate, limonene, linalool. *Ingrédients issus de l'agriculture biologique. 98.2%du total des ingrédients sont d'origine naturelle. 11.4% du total des ingrédients sont issus de l'agriculture biologique., A utiliser de préférence dans les 3 mois après ouverture.]|"
50,13€ / L"|"
3,76 €"
3871|Crème mains hydratante à l'aloé vera et à l'extrait d'hibiscus|Le tube de 75ml|[Origine : FRANCE, La crème main Monoprix Bio ! hydrate et pénètre rapidement., Aqua, aloe barbadensis gel*, isopropyl palmitate, caprylic/capric triglyceride, glycerin, polyglyceryl-3 methylglucose distearate, glyceryl stearate citrate, cetyl babassuate, stearyl alcohol, argania spinosa oil*, benzyl alcohol, sodium benzoate, xanthan gum, aroma, phytic acid, oryza sativa hull powder, maris aqua, sodium hydroxide, tocopherol, helianthus annuus seed oil, hibiscus sabdariffa extract*, potassium sorbate, limonene, linalool. *Ingrédients issus de l'agriculture biologique. 98.2%du total des ingrédients sont d'origine naturelle. 11.4% du total des ingrédients sont issus de l'agriculture biologique., A utiliser de préférence dans les 3 mois après ouverture.]|"
50,13€ / L"|"
3,76 €"
3873|Disques dissolvants imprégnés, sans acétone|Les 20 disques|[Origine : ISRAEL, Pratiques à utiliser, les disques dissolvants imprégnés Monoprix enlèvent efficacement et en douceur tous les types de vernis. Faciles à utiliser, ils sont idéals pour les voyages., Facilement inflammable. Conserver hors de la portée des enfants. Conserver à l'écart de toute flamme ou source d'étincelles. Ne pas fumer. En cas d'ingestion consulter immédiatement un médecin et lui montrer l'emballage ou l'étiquette ou contacter le centre anti-poison le plus proche. Ne pas utiliser pour un usage autre que celui pour lequel le produit est destiné. Ne pas jeter dans les toilettes., Isopropyl alcohol, ethyl acetate, butyl acetate, ricinus communis oil, parfum, aqua, silk amino acids, panthenol, tocopheryl acetate, urea, quaternium-15. Sans acétone.]|"
0,16€ / Pce"|"
3,10 €"
3874|Dissolvant express, sans acétone, à l'extrait d'avocat|Le flacon de 200ml|[Origine : FRANCE, Le dissolvant express élimine parfaitement et instantanément le vernis. Sa formule enrichie en extrait d'avocat évite le dessèchement du contour de l'ongle., Conserver hors de la portée des enfants. Conserver à l'écart de toute flamme, source d'étincelles ou d'ignition. Ne pas fumer. Ne pas respirer les gaz ou vapeurs. Ne pas jeter les résidus à l'égout. Eviter l'accumulation de charges électrostatiques.Ne pas utiliser pour un usage autre que celui pour lequel le produit est destiné. Eviter le contact avec les yeux. En cas de contact avec les yeux, rincer immédiatement et abondamment  à l'eau claire et consulter un spécialiste., Ethyl acetate, helianthus annuus seed oil, parfum, persea gratissima fruit extract, tocopherol., Se conserve 12 mois après ouverture.]|"
10,55€ / L"|"
2,11 €"
3875|Dissolvant soin, sans acétone, provitamine B5, élimine en douceurle vernis.|Le flacon de 200ml|[Origine : FRANCE, Dissolvant sans acétone, élimine en douceur le vernis. Sa formule enrichie en provitamine B5 et en protéine de soie évite le dessèchement du contour de l'ongle., Conserver hors de la portée des enfants. Conserver à l'écart de toute flamme, source d'étincelles ou d'ignition. Ne pas fumer. Ne pas respirer les gaz ou vapeurs. Ne pas jeter les résidus à l'égout. Eviter l'accumulation de charges électrostatiques.Ne pas utiliser pour un usage autre que celui pour lequel le produit est destiné. Eviter le contact avec les yeux. En cas de contact avec les yeux, rincer immédiatement et abondamment  à l'eau claire et consulter un spécialiste., Ethyl acetate, isopropyl alcohol, aqua, ricinus communis seed oil, propylene glycol, parfum, panthenol, silk amino acids, imidazolidinyl urea, sodium benzoate., Se conserve 12 mois après ouverture.]|"
10,55€ / L"|"
2,11 €"
3876|Express, dissolvant aux extraits d'avocat sans acétone|Le flacon de 60ml|[Origine : FRANCE, Elimine rapidement le vernis. Sa formule enrichie aux extraits d'avocat évite le dessèchement du contour de l'ongle., Conserver hors de la portée des enfants. Conserver à l'écart de toute flamme, source d'étincelles ou d'ignition. Ne pas fumer. Ne pas respirer les gaz ou vapeurs. Ne pas jeter les résidus à l'égout. Eviter l'accumulation de charges électrostatiques.Ne pas utiliser pour un usage autre que celui pour lequel de produit est destiné. Eviter le contact avec les yeux. En cas de contact avec les yeux, rincer immédiatement et abondamment à l'eau claire et consulter un spécialiste., Ethyl acetate, helianthus annuus seed oil, parfum, tocopherol, persea gratissima extract., 12 mois après ouverture.]|"
21,50€ / L"|"
1,29 €"
3877|Soin dissolvant à la provitamine B5 sans acétone|Le flacon de 60ml|[Origine : FRANCE, Sa formule enrichie en provitamine B5 évite le dessèchement du contour de l'ongle. Elimine en douceur le vernis., Conserver hors de la portée des enfants. Conserver à l'écart de toute flamme, source d'étincelles ou d'ignition. Ne pas fumer. Ne pas respirer les gaz ou vapeurs. Ne pas jeter les résidus à l'égout. Eviter l'accumulation de charges électrostatiques.Ne pas utiliser pour un usage autre que celui pour lequel le produit est destiné. Eviter le contact avec les yeux. En cas de contact avec les yeux, rincer immédiatement et abondamment à l'eau claire et consulter un spécialiste., Ethyl acetate, isopropyl alcohol, aqua, ricinus communis seed oil propylene glycol, parfum, panthenol, silk amino acids, imidazolidinyl urea, sodium benzoate., 12 mois après ouverture.]|"
21,50€ / L"|"
1,29 €"
3878|Crème pour les cuticules au beurre de citron|La boîte de 15g|[Origine : FRANCE, Nourrissez et hydratez vos ongles et cuticules avec ce soin naturel intensif. Une touche d'huile de citron parfume agréablement vos ongles et les rend visiblement plus propres, plus beaux et plus sains, naturellement., Prunus amygdalus dulcis (sweet almond) oil, cera alba (beeswax, cire d'abeille), citrus medica limonum (lemon) peel oil, theobroma cacao (cocoa) seed butter, Euphorbia Cerifera (candelilla, cire de candelilla) wax, beta-carotene, rosmarinus officinalis (rosemary) leaf extract, tocopherol, helianthus annuus (sunflower) seed oil, glycine soja (soybean) oil, canola oil (huile de colza), limonene, citral., 12 mois après ouverture.]|"
484,12€ / L"|"
8,23 €"
3879|Creme jeunesse mains anti-taches solution anti-age|Le tube de 75ml|[Origine : FRANCE]|"
71,33€ / L"|"
5,35 €"
3880|Crème mains réparateur intense, mains très sèches et irritées|Le tube de 75ml|[Origine : FRANCE]|"
63,87€ / L"|"
4,79 €"
3881|Dissolvant doux, ongles renforcés, sans acétone|Le flacon de 125ml|[Origine : FRANCE, Les Laboratoires Diadermine ont développé le dissolvant doux pour retirer efficacement le vernis à ongles tout en prenant soin des ongles même sensibles et fragiles.Résultats visibles : vos ongles sont parfaitement démaquillés et nourris., Inflammable. Ne pas avaler. Tenir à l'écart des enfants., Ethyl acetate, alcohol denat, aqua parfum benzophenone-4, Cl 16035, Cl 47005., 12 mois après ouverture.]|"
22,48€ / L"|"
2,81 €"
3882|Dissolvant express, formule ultra-efficace même sur vernis foncéssans acétone, tous types d'ongles.|Le flacon de 125ml|[Origine : ALLEMAGNE, Les Laboratoires Diadermine ont développé le Dissolvant Express pour retirer rapidement et efficacement même les vernis foncés sans abîmer les ongles et les cuticules. Résultats visibles : vos ongles sont parfaitement démaquillés et bien entretenus., Tous types d'ongles. Convient également aux faux ongles. Inflammable. Ne pas avaler. Garder hors de la portée des enfants., Ethyl acetate, alcohol denat, aqua, parfum. Sans acétone., 12 mois après ouverture.]|"
24,96€ / L"|"
3,12 €"
3883|Dissolvant douceur, sans acétone, à l'extrait d'avocat, contient un actif hydratant, ongles fragiles|Le flacon de 125ml|[Origine : FRANCE, Efficace et doux, le dissolvant Douceur Gemay Maybelline élimine facilement et rapidement le vernis, sans agresser les ongles. Spécialement formulé pour les ongles fragiles auxcontours sensibles, il est sans acétone et enrichi d'extrait d'avocat auxpropriétés adoucissantes. Les ongles restent nets, parfaitement entretenus., DISSOLVANT SANS ACÉTONE. INFLAMMABLE. NE PAS AVALER. NE PAS INHALER. TENIR HORS DE PORTÉE DES ENFANTS., ETHYL ACETATE, ALCOLHOL, AQUA/WATER, GLYCERIN, PARFUM/ FRAGRANCE, PERSEA GRATISSIMA / AVOCADO OIL, BENZYL SALICYLATE,  BENZOPHENOHE 1, BUTYLPHENYL METHYLPROPIONAL, HEXYL CINNAMAL, LIMONENE, EUGENOL, LINALOOL, CI 42090/BLUE 1 (FIL D 8173/1).]|"
28,24€ / L"|"
3,53 €"
3884|Dissolvant express, à l'extrait d'amande douce, tous types d'ongles|Le flacon de 125ml|[Origine : FRANCE, Efficace et ultra-rapide, le dissolvant Express Gemey élimine parfaitement et instantanément le vernis. Formulé pour tous les types d'ongles, il est enrichi en agent hydratant et en extrait d'amande douce, pour démaquiller les ongles sans les dessécher., Acetone,aqua,glycerin,parfum,prunus dulvis ,benzophenone-1,Cl14700.]|"
28,48€ / L"|"
3,56 €"
3885|Crème mains nourrissante, peaux très sèches, karité, amande douce et huile d'argan|Le tube de 75ml|[Origine : FRANCE, Avec sa texture légère, la crème mains pénètre instantanément sans laisser de films gras. Intensément nourries et hydratées, les mains retrouvent douceur et souplesse.Pour prendre soin des mains très sèches, Le Petit Marseillais a associé 3 ingrédients du Sud : le beurre de karité, pour ses bienfaits hydratants et nourrissants, l'huile d'argan aux propriétés adoucissantes et l'amande douce aux vertus assouplissantes., Aqua, glycerin, isononyl isononanoate, dimethicone, cyclopentasiloxane, cetearyl alcohol, cyclohexasiloxane, paraffinum liquidum, cetyl alcohol, behenyl alcohol, anhydroxylitol, argania spinosa oil, butyrospermum parkii butter, panthenol, prunus amygdalus dulcis oil, xylitol, xylitylglucoside, cera microcristallina, cyclotrisiloxane, glyceryl stearate, paraffin, cetearyl, glucoside, ceteth-20, peg-75 stearate, steareth-20, vp/hexadecene copolymer, xanthan gum, disodium edta, tocopheryl acetate,methylparaben, phenoxyethanol, propylparaben, parfum., 12 mois après ouverture.]|"
42,80€ / L"|"
3,21 €"
3886|Crème mains réparatrice peaux abîmées, desséchées|Le flacon de 75ml|[Origine : FRANCE, Découvrez les secrets de beauté des femmes méditerranéennes.Pour prendre soin des peaux desséchées et abîmées, Le Petit Marseillais a associé trois ingrédients du sud: le karité, pour ses bienfaits nourrissants, l'aloes, aux effets apaisants, et la cire d'abeille, aux vertus protectrices. Avec sa texture et son parfum réconfortant, la crème mains réparatrice Le Petit Marseillais soulage immédiatement et durablement les mains desséchées, sans laisser de film gras. Les mains sont hydratées*, protégées des agressions extérieures et réparées en profondeur. *Hydratation des couches supérieures de l'épiderme., Et pourquoi pas...appliquer votre crème le soir au coucher pour trouver vos mains douces au réveil., Aqua, isononyl isononanoate, glycérin, ethylhexyl palmitate, glyceryl stearate,olus oil, glycol palmitate, cetearyl alcohol, cetyl alcohol, hydroxyethyl acrylate/sodium, acryloymethyl taurate copolymer, butyrospernum parkii, dimethicone, aloe barbadensis leaf extract, mauritia flexuosa fruit oil, propyléne glycol, hydrogenated vegetable oil, candelilla cera, caprylyl glycol, cera alba, isohexadecane, steareth-20, polysorbate 60, ceteth-20, PEG-75, stearate, zea mays starch, disodium EDTA, sodiumhydroxide, methylisothiazolinone, parfum., Après ouverture à utiliser dans les 12 mois.]|"
41,60€ / L"|"
3,12 €"
3887|Crème mains, Ultra nourrissante|Le tube de 75ml|[Origine : FRANCE, Avec 'Le Petit Olivier', retrouvez tous les bienfaits originels de l'huile d'olive, connue pour ses vertus hydratantes et régénérantes.Cet 'or vert', naturellement riche en vitamine E, est reconnu pour protéger efficacement contre les agressions quotidiennes. Grâce à sa forte teneur en huile d'olive (5%) et en cire d'abeille blanche, la crème mains 'Le Petit Olivier' rend la peau douce, souple et hydratée., Ne pas avaler. Eviter le contact avec les yeux., Aqua (water), glycerin, olea europaea (olive) fruit oil, cetearyl alcohol, cera alba (beeswax), cyclopentasiloxane, ceteareth-20, tocopheryl acetate, diphenyl dimethicone, stearic acid, palmitic acid, carbomer, parfum (fragrance), potassium sorbate,methylisothiazolinone, triethanolamine, Cl42090 (blue 1), linalool, limonene, benzyl salicylate, hexyl cinnamal, coumarin, alpha-isomethyl ionone. Sans paraben. Sans phénoxyéthanol. Sans matière première issu d'OGM., 12 mois après ouverture. Conserver à l'abri de la chaleur et de la lumière.]|"
57,60€ / L"|"
4,32 €"
3888|Crème mains ultra hydratante au beurre de karité du Burkina Faso, commerce équitable|Le tube de 75ml|[Origine : FRANCE, Très riche en beurre de karité (10%), en glycérine (20%) et en vitamine E, la Crème Mains Le Petit Olivier aide à réduire toutes sensations de tiraillements de la peau.Nourries et hydratées, vos mains sont mieux protégées contre les agressions quotidiennes., Ne pas avaler., Aqua (water), glycerin, butyrospermum parkii (shea) butter, cera alba (beeswax), cetearyl alcohol, cyclopentasiloxane, ceteareth-20, stearic acid, palmitic acid, carbomer, tocopheryl acetate, triethanolamine, diphenyl dimethicone, potassium sorbate,parfum (fragrance), methylisothiazolinone, limonene, alpha-isomethyl ionone, coumarin, linalool. Ne contient aucune matière animale. Produit fini non testé sur animaux. Sans paraben ni phenoxyethanol., 9 mois après ouverture.]|"
63,87€ / L"|"
4,79 €"
3889|Crème mains concentrée réparatrice intense, peaux sèches|Le tube de 50ml|[Origine : FRANCE, Enrichie en allantoïne, la crème mains concentrée réparatrice intense Mixa soulage durablement et calme immédiatement tiraillements et sensations de démangeaisons.Sa formule concentrée répare les micro-gerçures présentes sur la surface de la peau. Concentrée en glycérine, elle nourrit durablement, restaure et renforce la barrière cutanée qui devient alors plus résistante aux agressions extérieures. Formule non grasse, non collante. Pénètre immédiatement., Glycerin, aqua/water, butylene glycol, glyceryl stearate, cetearyl alcohol, oleth-12, elaeis guineensis oil/palm oil, dimethicone, cetyl alcohol, allantoin, peg-40 glyceryl cocoate, methylparaben, phenoxyethanol, PEG/PPG-18/18 dimethicone, sodium coceth sulfate, ethylparaben, chlorhexidine digluconate, butylphenyl methylpropional, benzyl salicylate, linalool, hexyl cinnamal, limonene, hydroxyisohexyl 3-cyclohexene carboxaldehyde, citronellol, hydroxycitronellal, geraniol, benzyl benzoate, benzylalcohol, eugenol, citral, cinnamyl alcohol, isoeugenol, parfum/fragrance. (F.I.L. B39634/1)., 12 mois après ouverture.]|"
81,80€ / L"|"
4,09 €"
3890|Crème mains nutritive, mains sèches ongles fragilisés, huile d'abricot.|Le tube de 100ml|[Origine : FRANCE, Enrichie en huile d'abricot bio, connue pour ses propriétés nutritives et protectrices, la Crème Mains Bio Mixa nourrit immédiatement et intensément les mains sèches.Elle protège aussi les ongles fragilisés, en aidant à prévenir le dédoublement et lacasse., Appliquez en massant légèrement à tout moment de la journée, et le soir avant de se coucher. Ne pas appliquer sur le visage., Aqua/water, glycerin, cetearyl alcohol, glyceryl stearate, lauryl laurate, glyceryl stearate citrate, glyceryl stearate se, butyrospermum parkii butter/shea butter*, aloe barbadensis/aloe barbadensis leaf juice*, prunus armeniaca kernel oil/apricot kernel oil*, linalool, limonene, benzyl alcohol, parfum/fragrance (FIL B48404/3). 99% du total des ingrédients sont d'origine naturelle, 20% du total des ingrédients sont issus de l'agriculture biologique. *Ingrédients issus de l'agriculture biologique., 12 mois après ouverture.]|"
41,90€ / L"|"
4,19 €"
3891|Crème mains nutritive, mains sèches ongles fragilisés, huile d'abricot.|Le tube de 100ml|[Origine : FRANCE, Enrichie en huile d'abricot bio, connue pour ses propriétés nutritives et protectrices, la Crème Mains Bio Mixa nourrit immédiatement et intensément les mains sèches.Elle protège aussi les ongles fragilisés, en aidant à prévenir le dédoublement et lacasse., Appliquez en massant légèrement à tout moment de la journée, et le soir avant de se coucher. Ne pas appliquer sur le visage., Aqua/water, glycerin, cetearyl alcohol, glyceryl stearate, lauryl laurate, glyceryl stearate citrate, glyceryl stearate se, butyrospermum parkii butter/shea butter*, aloe barbadensis/aloe barbadensis leaf juice*, prunus armeniaca kernel oil/apricot kernel oil*, linalool, limonene, benzyl alcohol, parfum/fragrance (FIL B48404/3). 99% du total des ingrédients sont d'origine naturelle, 20% du total des ingrédients sont issus de l'agriculture biologique. *Ingrédients issus de l'agriculture biologique., 12 mois après ouverture.]|"
41,90€ / L"|"
4,19 €"
3892|Creme mains protectrice|Le tube de 100 ml|[Origine : FRANCE, Jour après jour, la Crème Mains Protectrice Antidessèchement préserve la beauté de vos mains. Protégées, nourries et hydratées, elles gardent toute leur douceur et leur souplesse.L'action du complexe oléo-végétal : La formule brevetée de la Crème Mains Protectrice Antidessèchement associe des huiles naturelles de palme et de coriandre à de la glycérine pour protéger et nourrir les mains sèches ou très sèches., Appliquer chaque jour en massant légèrement. D'une texture légère et non collante, sa formule pénètre facilement et ne laisse pas les mains grasses. Ne pas appliquer sur le visage., Aqua/water, paraffinum liquidum/mineral oil, glycerin, cetearyl alcohol, dimethicone, aluminium starch octenylsuccinate, stearic acid, phenoxyethanol, polyacrylamide, cetearyl glucoside, C13-14 isoparaffin, xanthan gum, benzoic acid, sodium hydroxide, coriandrum sativum oil/coriander seed oil, laureth-7, benzyl benzoate, linalool, limonene, CI77491, CI77492/iron oxides, benzyl alcohol, alpha-isomethyl ionone, benzyl salicylate, hydroxycitronellal, parfum/fragrance (F.I.L. B40001/1)., 12 mois après ouverture.]|"
36,40€ / L"|"
3,64 €"
3893|Intensif peaux sèches, crème mains réparatrice, à l'allantoïne|Le tube de 100ml|[Origine : FRANCE, Utilisée régulièrement, la crème mains réparatrice à l'allantoïne soulage et répare les mains abîmées et leur redonne souplesse et douceur., Appliquer en massant légèrement à tout moment de la journée et le soir avant de se coucher., Aqua/water, glycerin, glyceryl stearate, cetearyl alcohol, stearyl alcohol, oleth-12, dimethicone, ethylhexyl methoxycinnamate, allantoin, imidazolidinyl urea, methylparaben, peg-40 glyceryl cocoate, sodium coceth sulfate, propylparaben, disodium EDTA, butylphenyl methylpropional, benzyl salicylate, linalool, hexyl cinnamal, limonene, hydroxyisohexyl 3-cyclohexene carboxaldehyde, citronellol, hydroxycitronellal, geraniol, benzyl benzoate, benzyl alcohol, eugenol, citral, Cl14700/red 4, parfum/fragrance. (F.I.L. B39216/1)., 12 mois après ouverture.]|"
33,80€ / L"|"
3,38 €"
3894|Soin des mains surgras, Peaux sèches|Le tube de 100ml|[Origine : FRANCE, Haute efficacité réparatrice et apaisante. Dosé à 30% en glycérine et lait d'avoine. Tolérance optimale., Appliquez généreusement sur les mains en massant jusqu'à absorption complète et renouvelez plusieurs fois par jour, surtout en hiver ou dans un environnement sec., Aqua/water, glycerin, glyceryl stearate, stearyl alcohol, cetyl alcohol, butyrospermum parkii butter/shea butter, glyceryl stearate se, dimethicone, allantoin, avena sativa kernel extract/oat kernel extract, caprylyl glycol, phenoxyethanol, salicylicacid, sodium polyacrylate, stearic acid, parfum/fragrance. (F.I.L. B49494/1). Sans paraben. Sans colorant., 12 mois après ouverture.]|"
40,10€ / L"|"
4,01 €"
3895|Baume mains SOS, mains extra sèche et abîmées.|Le tube de 50ml|[Origine : FRANCE, Le baume Mains SOS de Nivea soulage et répare instantanément les mains extra sèches et abimées et les protège pour longtemps.Sa formule au complexe apaisant composé de Dexpanthénol et Huile de Calendula apaise instantanément les mains souffrant de sècheresse extrême et de tiraillement. Contient également de l'Hydra IQ, un ingrédient unique qui nourrit intensément et aide la peau à se protéger naturellement contre le dessèchement., Aqua, glycerin, myristyl alcohol, cetyl alcohol, dimethicone, cera microcristallina, isopropyl palmitate, sorbitan stearate, ceteareth-3 paraffinum liquidum, triceteareth-4 phosphate, glyceryl laurate, panthenol, glyceryl glucoside, glycine soja, calendula officinalis flower extract, sodium carbomer, phenoxyethanol, methylparaben, Parfum., 12 mois après ouverture.]|"
81,40€ / Pce"|"
4,07 €"
3896|Soin anti-age Q10 plus mains sèches|Le tube de 100ml|[Origine : FRANCE, La Crème Mains Anti-Age Q10 Plus de Nivea préserve la beauté naturelle de vos mains et lutte efficacement contre les premiers signes de l'âge !Sa formule enrichie en Q10 pénètre rapidement, hydrate intensément et réduit visiblement l'apparition des rides et ridules. Les filtres UVA/UVB aident à protéger des agressions extérieures responsables de l'apparition de taches brunes., Aqua, glycerin, cetyl alcohol, stearic acid, stearyl alcohol, ethylhexyl methoxycinnamate, glyceryl stearate se, dimethicone, hydrogenated coco-glycerides, isopropyl palmitate, octyldodecanol creatine, 1-methylhydantoin-2-imide, ubiquinone, butyl methoxydibenzoylmethane, sodium carbomer, trisodium EDTA, phenoxyethanol, methylparaben, BHT, linalool, citronellol, butylphenyl methylpropional, benzyl alcohol, alpha isomethyl ionone, limonene, parfum., 12 mois après ouverture.]|"
52,00€ / L"|"
5,20 €"
3897|Soin intensif nourrissant pour les mains très sèches|Le tube de 100ml|[Origine : FRANCE, La crème Mains Douceur Nourrissante de Nivea protège vos mains, même les plus sèches, du dessèchement. Rapidement absorbée, elle adoucit, régénère et nourrit  en seulement une application.Crème onctueuse enrichie en Huile de Noix de Macadamia et vitamine B5. Sa formule contient également de l'Hydra IQ, un ingrédient unique qui active le processus naturel d'hydratation de la peau même en cas de lavage fréquent des mains., Aqua, glycerin, cetearyl alcohol, glyceryl glucoside, cetyl palmitate, stearic acid, paraffinum liquidum, myristyl myristate, glyceryl stearate SE, panthenol, macadamia ternifolia seed oil, hydrogenated coco-glycerides, dimethicone, trisodium edta, sodium carbomer, phenoxyethanol, methylparaben, limonene, linalool, benzyl alcohol, citronellol, hydroxyisohexyl 3-cyclohexene carboxaldehyde, alpha-isomethyl ionone, geraniol, benzyl salicylate, hexyl cinnamal. Parfum., 12 mois après ouverture.]|"
35,90€ / L"|"
3,59 €"
3898|2 en 1 anti-cors, efficace action rapide.|Le stylo de 1ml|[Origine : ROYAUME UNI, Le nouveau stylo 2 en 1 Anti Cors est un moyen révolutionnaire, très efficace et rapide pour traiter les cors. Il est réutilisable et permet de traiter plusieurs cors., Etape 1 : râper : exfolier en douceur les couches supérieures du cor afin de réduire les frottements douloureux, de soulager instantanément et de permettre à la solution de pénétrer au coeur du cor. Renouveler tous les 3 jours pour aider à éliminer le cor affaibli. Etape 2 : appliquer la solution : après l'étape 1, utiliser l'applicateur doseur dur le cor pour un traitement efficace. Appliquer quotidiennement. Ce produit ne convient pas aux personnes diabétiques ou aux personnes souffrant de troubles circulatoires veineux. Ne pas utiliser sur une peau abîmée ou sur une plaie. Arrêter immédiatement l'utilisation en cas de gêne ou d'irritation de la peau. Pour un usage externe uniquement. A utiliser uniquement sur la zone touchée, ne pas appliquer sur une peau saine. Tenir hors de la portée des enfants. Eviter l'utilisation du produit si vous êtes enceinte ou si vous allaitez. Eviter tout contact avec les yeux. Ne pas utiliser d'autres produits sur la zone affectée pendant la période detraitement. Inflammable, tenir éloigné de toute source d'ignition. Utiliser seulement comme indiqué., Conserver dans un endroit sec et à une température inférieure à 25°C. Ne pas exposer aux rayons du soleil.]|"
10,39€ / Pce"|"
10,39 €"
3899|Anti-crevasses talons, stick express, pieds très secs et abîmés|Le stick de 21g|[Origine : ALLEMAGNE, Le stick Express Anti Crevasses Talons est un moyen pratique et facile d'utilisation pour retrouver de beaux talons, souples et doux., Appliquer 2 fois par jour sur vos talons propres et secs. Lorsque les talons ont retrouvé un aspect sain, garder l'habitude d'utiliser régulièrement le stick express. Pour un usage externe exclusivement. Eviter tout contact avec les yeux. Ne pas utiliser sur une peau abîmée ou une plaie. Arrêter l'utilisation en cas d'irritation. Tenir hors de portée des enfants., Aqua, urea, propylene glycol, stearic acid, sodium hydroxide, magnesium aluminium silicate, panthenol, allantoin., Se conserve 6 mois après ouverture. Conserver dans un endroit sec et à l'abri de la chaleur.]|"
8,23€ / Pce"|"
8,23 €"
3900|Coupe-cors|Le coupe-cors|[Origine : FRANCE, Outil de précision, le coupe-cors Scholl permet d'éliminer facilement les cors douloureux et les callosités épaisses du talon. Très maniable, il s'utilise en toute confiance grâce au cran de sécurité qui bloque la lame., Poser le coupe-cors bien à plat sur la zone à éliminer. Procéder par passages successifs et légers. Pour le talon, toujours procéder du bas vers le haut. Ne pas chercher à enlever d'importantes épaisseurs de peau à la fois. Après utilisation, rincerle coupe-cors à l'eau chaude en brossant si besoin. Changer régulièrement la lame dès qu'elle commence à s'user.]|"
9,12€ / Pce"|"
9,12 €"
3901|Crème hydratante quotidienne pour pieds.|Le tube de 60ml|[Origine : ALLEMAGNE]|"
119,33€ / L"|"
7,16 €"
3902|Ongles abimés par mycoses, solution 2 en 1.|Le flacon de 3,8ml|[Origine : ROYAUME UNI, La Solution 2en1 Ongles Abîmés par mycoses de Scholl est un système unique, testé scientifiquement, à destination des ongles présentant une mycose. Cette solution discrète et facile d'utilisation, a été spécialement formulée pour empêcher le développement de la mycose en modifiant son milieu de vie. Elle contribue ainsi à prévenir sa croissance et sa réapparition. C'est une solution efficace et simple d'utilisation., Phase 1 : phase d'élimination (4 semaines) : semaine 1 : limer la surface de l'ongle une fois par semaine. Jeter la lime après utilisation. Appliquer la solution liquide sur les ongles affectés une fois par jour. Répéter le mode d'application pendantles semaines 2, 3 et 4. Phase 2 : phase de protection : utiliser la dernière lime pour uniformiser la surface de l'ongle (jeter la lime après utilisation). Appliquer la solution liquide sur les ongles affectés une fois par semaine pendant 9 mois oujusqu'à ce que la décoloration de votre ongle ait disparu. Eviter le contact avec les yeux et la peau. Arrêter l'utilisation en cas d'irritation. Toujours refermer le bouchon après utilisation. Pour éviter la propagation, ne pas réutiliser la même lime deux fois. Pour usage externe uniquement. Destiné à être appliqué sur les mycoses des ongles uniquement. Ne pas appliquer sur toute autre partie du corps. Tenir hors de portée des enfants., Conserver à une température inférieure à 25°C.]|"
4472,50€ / Kg"|"
17,89 €"
3903|Râpe électrique, anti-callosité, une peau parfaitement lisse.|Blister d'1 râpe électrique|[Origine : CHINE, Obtenez des pieds doux et lisses sans effort. Velvet Smooth adoucit la peau en éliminant les callosités en quelques minutes. Elle est très simple d'utilisation. Elle est très simple d'utilisation. Faites des mouvements réguliers en exerçant une pression légère à moyenne sur les callosités et vous verrez la peau morte disparaître. Vos pieds redeviennent alors doux et lisses., Contient : 1 râpe électrique. 1 rouleau. 4 piles type AA. 1 cache protecteur. Dévissez  le socle de l'appareil dans le sens inverse des aiguilles d'une montre. Retirez le socle de l'appareil, puis enlevez la languette rouge de l'isolant. Remettez lesocle de l'appareil en place, puis vissez dans le sens des aiguilles d'une montre jusqu'à ce qu'il soit bien fixé. Suivez les consignes ci-dessous pour une utilisation régulière. A utiliser uniquement sur les callosités des pieds. A utiliser uniquement sur une peau préalablement séchée (non mouillée). Ne pas utiliser l'appareil sur une autre partie du corps. Utiliser uniquement en vue de l'usage auquel l'appareil est destiné. Conserver hors de portée des enfants. Ne pas appliquer sur la même zone plus de 3-4 secondes d'affilée. Arrêter immédiatement en cas d'irritation ou de gêne. Ne pas utiliser sur une peau crevassée, endolorie ou irritée. Ne pas plonger l'appareil dans l'eau. Ne pas utiliser cet appareil en cas de diabète ou de mauvaisecirculation sanguine. Tenir les cheveux longs et les vêtements éloignés de l'appareil en cours d'utilisation.]|"
41,10€ / Pce"|"
41,10 €"
3904|Recharges lames coupe-cors, pieds à callosités épaisses|Le paquet de 10 lames|[Origine : FRANCE, 10 lames métal de précision adaptées au coupe-cors Scholl. Lames inoxydables., Pour ôter la lame, poser le coupe-cors à plat. Maintenir fermement le manche d'une main puis abaisser le cran métallique qui retient le support de la lame. Insérer avec précaution une nouvelle lame dans le support. Maintenir le support à plat entre le pouce et l'index. Glisser la partie métallique fixée au manche dans le support. Faire coulisser le tout au maximum en ramenant le manche vers soi. La Lame du coupe-cors de Scholl doit être changée régulièrement, dès qu'elle commence à s'user. N'utiliser qu'avec le coupe-cors de Scholl. Ne pas utiliser sur une peau irritée. Tenir hors de portée des enfants. Ce produit ne convient pas aux personnes diabétiques et/ ou aux personnes souffrant de troubles circulatoires veineux., Conserver à l'abri de l'humidité.]|"
0,64€ / Pce"|"
6,38 €"
3905|Rouleau de remplacement, pour une peau parfaitement lisse.|La boîte de 2 rouleaux|[Origine : FRANCE, La tête rotative Micralumina est composée de particules micro-abrasives pour des résultats longue durée., Utilisez uniquement avec la râpe électrique Velvet Smooth de Scholl. Conservez l'emballage extérieur pour le consulter ultérieurement. Référez-vous à l'emballage de la râpe électrique Velvet Smooth de Scholl pour obtenir tous les conseils d'utilisation. Remplacez le rouleau lorsque vous estimez que la râpe devient moins efficace. Vérifiez que l'appareil est éteint. Retirez doucement le rouleau de l'appareil en appuyant sur le bouton de déverrouillage situé sur le côté. Introduisez le nouveau rouleau en l'enfonçant dans les broches situées à chaque extrémité de la tête rotative. Vérifiez que la tête rotative est solidement fixée sur l'appareil avant utilisation.]|"
8,80€ / Pce"|"
17,60 €"
3906|Scholl masque nuit rÍgÍnÍrateur 120ml|Le flacon de 120ml|[Origine : FRANCE, Le Masque Nuit Régénérateur contient des vitamines et des actifs réparateurs spécialement conçus pour les pieds desséchés et fragilisés. Il améliore l'aspect de la peau en 1 nuit seulement. Dès 3 nuits, la peau de vos pieds, nourrie, est restaurée. Achaque application, votre peau puise ce dont elle a besoin pour l'aider à se régénérer. Votre peau est visiblement reconstituée. Testé dermatologiquement., Aqua, urea, dimethicone, decyl oleate, petrolatum, lanolin, dicocoyl pentaerythrityl distearyl citrate, cera microcristallina, glyceryl oleate, paraffin, keratin, hydrolyzed keratin, panthenol, aluminium stearate, propylene glycol, phenoxyethanol, carbomer, chlorphenesin, bisabolol, tocopheryl acetate, sorbitol, methylparaben, butylparaben, ethylparaben, propylparaben, isobutylparaben, bha, citric acid, sodium phosphate, faex, potassium sorbate.]|"
78,08€ / L"|"
9,37 €"
3907|Serum hydratant quotidien pour pieds.|Le flacon de 30ml|[Origine : ALLEMAGNE, L'acide hyaluronique est connu pour sa capacité à contenir et à retenir plus d'eau que tout autre composant. Le pentavitin est connu pour se lier facilement à la kératine de la peau pour aider à maintenir l'équilibre hydrique de la peau., Quand vous sentez votre peau desséchée ou après l'utilisation de la râpe, appliquer le sérum sur la peau vous offre des résultats visibles. Pour usage externe uniquement. Tenir hors de portée des enfants. Ne pas appliquer sur une peau irritée, blessée ou sur une plaie. Cesser immédiatement l'utilisation en cas d'irritation. Eviter le contact avec les yeux. Garder le carton pour pouvoir consulter les précautions d'emploi dans le futur. Ce produit ne convient pas aux personnes diabétiques et/ou aux personnes souffrant de troubles circulatoires veineux.]|"
274,33€ / L"|"
8,23 €"
3908|Soin express anti-callosités|La boîte de 50ml|[Origine : GRECE, Une peau plus douce en 1 seule application., Lire attentivement les précautions avant utilisation. Il est recommandé d'utiliser ce produit dans la salle de bain afin de faciliter le rinçage des pieds après l'utilisation. Malheureusement, ce produit n'est pas adapté aux personnes diabétiques et/ou aux personnes souffrant de troubles circulatoires veineux. Etape 1 : maintenez la bouteille en position verticale et débouchez avec précaution le bouchon. Versez la solution sur un coton jusqu'à ce que ce dernier soit complètement imbibé. Refermezla bouteille. Etape 2 : placez le coton humidifié sur la zone de callosité et rincez-vous les mains immédiatement. Laissez poser le coton jusqu'à 6 minutes maximum, selon l'épaisseur de la callosité. En cas de contact avec la peau saine, lavez abondamment la zone touchée. Etape 3 : retirez le coton, jetez-le avec précaution et rincez-vous les mains immédiatement. A l'aide de la spatule fournie dans le kit, raclez doucement la zone de peau ramollie. Après utilisation, lavez-vous bien les mains et les pieds. Nettoyez soigneusement la spatule, séchez la avant de la ranger en lieu sûr. Pour usage externe uniquement. Contient un agent alcalin. Eviter tout contact avec les yeux. Danger de cécité. Peut provoquer des brûlures, lire attentivement et respecter le mode d'emploi. A tenir hors de portée des enfants. Ne pas appliquer sur une peau irritée ou abîmée. Arrêter immédiatement l'utilisation en cas d'irritation de la peau. Si l'irritation persiste, consulter un médecin. Pour un usage perso, Contient un agent alcalin., Conserver à une température inférieure à 25°C.]|"
228,00€ / L"|"
11,40 €"
3909|Stop verrues ! Scholl freeze cryothérapie, élimine les verrues en 1 traitement|La boîte de 80ml|[Origine : FRANCE, Les chercheurs Scholl ont développé Scholl Freeze Traitement contre les verrues pour traiter les verrues et verrues plantaires en les gelant rapidement en leur centre. Ce produit est inspiré de la méthode par cryothérapie qui est utilisée par les Professionnels de Santé., Garder une montre ou un chronomètre à portée de main pendant le traitement. Le respect des durées indiquées dans le mode d'emploi garantit un traitement efficace. Produire l'applicateur dans le capuchon blanc en enfonçant fermement la tige dans la grande encoche située au bord, comme illustré. Placer l'aérosol sur une table protégée ou sur un support robuste. Attention ! Ne pas approcher l'aérosol du visage, d'autres parties du corps ou des vêtements. Placer le capuchon sur l'aérosol comme illustré, de sorte que la tige de l'applicateur reste dans l'étui transparent situé sur le côté du spray. Maintenir l'aérosol droit et le tenir comme illustré, appuyer fermement sur le capuchon pendant 5 secondes. Ne pas toucher l'étui transparent. Retirer le capuchon de l'aérosol, l'applicateur toujours enfoncé. Ne pas laisser de liquide s'écouler sur votre peau et ne pas tenir l'aérosol près des yeux. Il est impératif d'attendre 15 secondes en gardant applicateur dirigé vers le bas avant de l'appliquer sur la verrue. Ainsi le liquide se concentre au bout de la tige, et atteint la température requise pour un traitement efficace. Placer la zone à traiter vers le haut. Tout en gardant l'applicateur dirigé vers le bas, appliquer délicatement l'embout de l'applicateur sur le centre de la verrue pendant au moins 30 secondes. L'application ne doit pas excéder les 40 secondes. Ne pas tamponner.  Lire attentivement la notice avant toute utilisation. Tenir hors de la portée et de la vue des enfants, Contient : 12 applicateurs à usage unique, 1 aérosol 80ml/53g (dimethyl ether, propane, isobutane, gaz propulseur : hydrocarbone)., Ne pas exposer aux rayons solaires et à une température supérieure à 50°C.]|"
145,45€ / Kg"|"
16,29 €"
3910|Traitement 2 en 1 Anti-callosités, prépare la peau, élimine les callosités.|Le stick de 9ml|[Origine : ALLEMAGNE, Le traitement 2 en 1 est un moyen révolutionnaire, rapide et très facile pour supprimer la corne et les callosités des pieds. Grâce à son double système il n'y a pas besoin de mouiller vos pieds., Aqua, glycerin, peg-12 dimethicone, hydroxyethylcellulose, hydrolyzed hyaluronic acid, propylene glycol, benzyl alcohol, methylchloroisothiazolinone, methylisothiazolinone, disodium edta., Geste n°1 : le roll on permet de déposer la juste dose de gel à base d'acide hyaluronique sur vos callosités afin d'hydrater et préparer votre peau au passage de la râpe sur les zones calleuses. Geste n°2 : les lames de sécurité enlèvent uniquementla corne et les callosités sans toucher à la peau saine (dépourvue de corne). Replacer le capuchon du roll on après utilisation puis rincer les lames de sécurité de la râpe à l'eau. Ne pas utiliser sur une peau abîmée ou une plaie. Eviter les zones autour des ongles. Arrêter l'utilisation si la peau devient endolorie ou enflammée. Convient pour une utilisation régulière. Ce produit ne convient pas aux personnes diabétiques et/ou aux personnes souffrant de troubles circulatoires veineux. Conserver hors de portée des enfants., Se conserve 6 mois après ouverture.]|"
12,62€ / Pce"|"
12,62 €"
3911|Brosse à ongles|Le sachet d'une pièce|[Origine : FRANCE]|"
6,08€ / Pce"|"
6,08 €"
3912|Limes à ongles courbe souples|Le blister de 2 pièces|[Origine : FRANCE]|"
3,97€ / Pce"|"
3,97 €"
3913|Limes professionnelles bleues longue durée|Le sachet de 5 limes|[Origine : FRANCE, Résistance prolongée grâce à : un abrasif de haute technicité (oxyde d'aluminium), un support bois souple et résistant., Commencer par la face de la lime dont la grosseur de grain est la plus importante. Parfaire la finition avec la surface fine. Limer dans le même sens en évitant les mouvements de va-et-vient.]|"
3,91€ / Pce"|"
3,91 €"
3914|Bâtonnets manucure|Les 10 bâtonnets manucure|[Origine : FRANCE, Utiliser le côté biseauté pour repousser les cuticules. Utiliser le côté pointu pour nettoyer vos onglets sans les rayer.]|"
4,07€ / Pce"|"
4,07 €"
3915|Ciseaux envies courbes|Les ciseaux|[Origine : FRANCE, Après trempage dans une solution émolliente, couper délicatement les peaux disgracieuses sur le contour des ongles. Parfaire la finition avec un bâtonnet manucure.]|"
9,68€ / Pce"|"
9,68 €"
3916|Ciseaux envies droits|Les ciseaux envies droits|[Origine : FRANCE, Après trempage dans une solution émolliente, couper délicatement les peaux disgracieuses sur le contour des onglets. Parfaire la finition avec un bâtonnet manucure., En inox, ne rouille pas.]|"
9,68€ / Pce"|"
9,68 €"
3917|Ciseaux ongles courbes|Les ciseaux|[Origine : FRANCE, Si vos ongles sont durs ou friables, lestremper préalablement dans une solution émollient. Les couper au carré pour conserver leur vitalité. Après séchage, parfaire la finition en les limant., E inox, ne rouille pas.]|"
9,68€ / Pce"|"
9,68 €"
3918|Coupe ongles manucure avec récupérateur|Le coupe ongles manucure|[Origine : FRANCE, Après utilisation, secouer le coupe onglets pour vider le récupérateur.]|"
4,79€ / Pce"|"
4,79 €"
3919|Coupe ongles pédicure avec récupérateur|Le coupe ongles|[Origine : FRANCE, Après utilisation, secoue le coupe-ongles pour vider le récupérateur.]|"
5,46€ / Pce"|"
5,46 €"
3920|Limes professionnelles longue durée|Les 5 limes|[Origine : FRANCE, Commencer par la face de la lime dont la grosseur de grain est la plus importante. Parfaire la finition avec la surface fine. Limer dans le même sens en évitant les mouvements de va-et-viens., Résistance promongée grâce à un abrasif de haute technicité (oxyde d'aluminium), un support bois souple et résistant]|"
4,79€ / Pce"|"
4,79 €"
3921|Maxi Polissoir pour onglets|Le maxi polissoir pour onglets|[Origine : FRANCE, Utilisé par les professionnels de la manucure, pour donner une brillance naturelle aux ongles. Sur onglets propres et secs, utiliser les faces noire : limiter les onglets rose : les lisser blanche : les polir grise : les faire brilles.]|"
5,87€ / Pce"|"
5,87 €"
3922|Pince à épiler mors biais avec fermoir|La pince à épiler|[Origine : FRANCE, Utiliser la pince mors biais pour finaliser une épilation. Pince pratique grâce à son fermoir incorporé., En inox, ne rouille pas]|"
5,46€ / Pce"|"
5,46 €"
3923|Brosse massage poils naturels|La brosse|[Origine : FRANCE]|"
12,88€ / Pce"|"
12,88 €"
3924|Eponge douce pour les peaux sensibles|Le blister|[Origine : FRANCE, Par sa forme et sa souplesse, elle est idéale pour la peau délicate des enfants., Traitement anti bactérien et anti fongique, Rincer après le premier et après chaque usage]|"
4,02€ / Pce"|"
4,02 €"
3925|Eponge type naturel|L'unité|[Origine : FRANCE, Eponge extra-souple, super absorbante, délicate, idéale pour un massage souple et relaxant. Absorption rapide. Rinçage facile. Les tests cliniques effectués garantissent l'absence absolue de risque allergique sur la peau., Eponge hydrophile., Entretien : rincer avant la première utilisation et après chaque usage. Lavage à 40°.]|"
10,82€ / Pce"|"
10,82 €"
3926|Protège-slip 2en1 micro aéré voile doux|La boîte de 30|[Origine : FRANCE, Les protège-slips 2 en 1 Monoprix ont un voile doux et micro-aéré, laissant votre peau respirer pour un maximum de confort.Ils ont été spécialement conçus pour s'adapter selon vos envies à une culotte ou à un string., Ne pas jeter dans les toilettes.]|"
0,05€ / Pce"|"
1,64 €"
3927|Protège-slip fraîcheur micro aéré, voile doux|La boîte de 30|[Origine : FRANCE, Légèrement parfumés, ces protège-slips Monoprix vous assurent une sensation de fraîcheur tout au long de la journée.Son voile fin et micro aéré laisse votre peau respirer et vous assure douceur et confort. Sa forme anatomique épouse parfaitement lesformes de votre corps., Ne pas jeter dans les toilettes., Parfum de synthèse.]|"
0,05€ / Pce"|"
1,64 €"
3928|Protège-slip large micro aéré, voile doux|La boîte de 28|[Origine : FRANCE, Les protège-slips Larges Monoprix ont un voile doux et micro aéré, qui laisse votre peau respirer pour un maximum de confort. La forme anatomique épouse parfaitement les formes de votre corps pour plus de sécurité., Ne pas jeter dans les toilettes.]|"
0,06€ / Pce"|"
1,60 €"
3929|Protège-slip long plus protection maximale, voile doux|La boîte de 24|[Origine : FRANCE, Les protège-slips Long + Monoprix ont un voile doux pour un maximum de confort. La forme anatomique épouse parfaitement les formes de votre corps pour une protection optimale., Ne pas jeter dans les toilettes.]|"
0,07€ / Pce"|"
1,60 €"
3930|Protège-slip micro aéré, voile doux, A l'aloe vera|La boîte de 60|[Origine : FRANCE, Les protège-slips plats Monoprix enrichis à l'aloe vera ont un voile doux et micro-aéré, qui laisse votre peau respirer pour un maximum de confort.La forme anatomique épouse parfaitement les formes de votre corps., Ne pas jeter dans les toilettes.]|"
0,04€ / Pce"|"
2,42 €"
3931|Protège-slip plat à l'aloe vera|La boîte de 30|[Origine : FRANCE, Les protège-slips plats Monoprix enrichis à l'aloe vera ont un voile doux et micro-aéré, qui laisse votre peau respirer pour un maximum de confort.La forme anatomique épouse parfaitement les formes de votre corps., Ne pas jeter dans les toilettes.]|"
0,05€ / Pce"|"
1,43 €"
3932|Protège-slip plié à l'aloe vera|La boîte de 30|[Origine : FRANCE, Les protège-slips pliés Monoprix enrichis à l'aloe vera ont un voile doux et micro aéré, qui laisse votre peau respirer pour un maximum de confort.La forme anatomique épouse parfaitement les formes de votre corps. Sous leur forme pocket, ils sont discrets et faciles à ranger dans votre sac., Ne pas jeter dans les toilettes.]|"
0,05€ / Pce"|"
1,64 €"
3933|Protège-slips pocket, voile doux, sous pochette|Le paquet de 30 protège-slips|[Origine : BELGIQUE, les protège-slip Pocket Monoprix très discrets vous assurent douceur et confort. Son voile doux vous le fait oublier et sa forme anatomique épouse parfaitement les formes de votre corps.Son sachet individuel vous permet de l'emmener partout et de leranger très discrètement.]|"
0,04€ / Pce"|"
1,21 €"
3934|Protège-slips large|Le paquet de 26|[Origine : FRANCE]|"
0,11€ / Pce"|"
2,83 €"
3935|Protège-slips long                                               Neutralise les odeurs, sensation de fraîcheur|Le paquet de 24|[Origine : FRANCE, Avec la technologie ActiPearls qui neutralise les odeurs en quelques secondes. Neutralise les odeurs pour une sensation de fraîcheur qui dure des heures !, Ne pas jeter dans les toilettes.]|"
0,12€ / Pce"|"
2,79 €"
3936|Protège-slips non parfumés, Normal|Le paquet de 30 protège-slips|[Origine : FRANCE]|"
0,08€ / Pce"|"
2,42 €"
3937|Protège-slips normal jumbo pack|Le paquet de 60|[Origine : FRANCE]|"
0,09€ / Pce"|"
5,10 €"
3938|Protège-slips normal jumbo pack|Le paquet de 60|[Origine : FRANCE]|"
0,09€ / Pce"|"
5,10 €"
3939|Protège-slips Normallégèrement parfumée                          Neutralise les odeurs, sensation de fraîcheur|Le paquet de 30|[Origine : ALLEMAGNE, Avec la technologie ActiPearls qui neutralise les odeurs en quelques secondes. Neutralise les odeurs pour une sensation de fraîcheur qui dure des heures !, Ne pas jeter dans les toilettes.]|"
30,33€ / Pce"|"
2,73 €"
3940|Protège-slips normal Neutralise les odeur, sensation de fraîcheu r|Le paquet de 24|[Origine : FRANCE, Avec la technologie ActiPearls qui neutralise les odeurs en quelques secondes. Neutralise les odeurs pour une sensation de fraîcheur qui dure des heures !, Ne pas jeter dans les toilettes.]|"
0,09€ / Pce"|"
2,80 €"
3941|Protège slips parfumés|La boîte de 30|[Origine : FRANCE, Une merveilleuse sensation de fraîcheur chaque jour avec les protège-slips Always Dailies ! Always Dailies Tout Fin est le plus fin des protège-slips Always. Vous restez merveilleusement fraîche, et vos dessous aussi. Délicatement parfumés, ils s'adaptent à 100% des formes de votre lingerie., Pliables pour s'adapter à à toutes les formes de lingerie. Ne pas jeter dans les toilettes.]|"
0,08€ / Pce"|"
2,42 €"
3942|Protège-lingerie multistyle normal sous pochette|La boîte de 30 protège lingerie|[Origine : COLOMBIE, Côtés souples pour s'adapter à tous les types de lingerie. Coeur absorbant pour une protection quotidienne. Plus large à l'avant pour ne pas glisser. Partie centrale flexible pour épouser vos courbes. Pochettes individuelles pour l'emmener partout. Conçu pour s'adapter tout en discrétion et en douceur à vos courbe, CurveFit vous assure toute la journée un confort agréable, il reste bien en place quel que soit le moment. Un design unique pour âtre totalement sûre de vous, quoi que vous fassiez., Ne pas jeter dans les toilettes.]|"
0,08€ / Pce"|"
2,36 €"
3943|Double protège-slips pour plus de fraîcheur|Le paquet de 25|[Origine : FRANCE, Double protège-lingerie pour plus de fraîcheur. Ultra-fin et souple. Facile à utiliser. Voile sensation coton. Sous pochette individuelle. Le protège-lingerie ultra-fin Nana 2en1 est la protection idéale pour vous sentir fraîche toute la journée. Nana 2en1, ce sont 2 protège-lingerie l'un au-dessus de l'autre. Lorsque vous souhaitez, vous pouvez enlever le premier et apprécier la fraîcheur d'un second protège-lingerie propre., Décoller le protège-lingerie de son emballage et placer le dans votre lingerie. Enlever le 1er protège-lingerie. Apprécier la fraîcheur d'un nouveau protège-lingerie propre., Sans colle.]|"
0,11€ / Pce"|"
2,87 €"
3944|Protège-lingerie normal plat|La boîte de 34 protège-lingerie|[Origine : FRANCE, Conçu pour d'adapter tout en discrétion et en douceur à vos courbes, CurveFit vous assure toute la journée un confort agréable, il reste bien en place à n'importe quel moment. Epouse vos courbes et reste en place. Protection quotidienne pour rester fraîche et bien au sec, ultra-douceur, plus large à l'avant pour ne pas glisser, partie centrale flexible pour épouser vos courbes., Ne pas jeter dans les toilettes.]|"
0,07€ / Pce"|"
2,36 €"
3945|Protège-slips micro, douceur de la soie|La boîte de 22 protège-slips|[Origine : FRANCE, Les protège-lingerie Nana Micro sont créés pour s'adapter à toutes les lingeries. Motifs lingerie. Fin et souple. Voile sensation coton., Ne pas jeter dans les toilettes.]|"
0,11€ / Pce"|"
2,52 €"
3946|Protége-slips string|La boîte de 30 string|[Origine : FRANCE, Motifs lingerie. Idéal pour les formes string. Fin et souple. Voile sensation coton. Respirable., Ne pas jeter dans les toilettes.]|"
0,08€ / Pce"|"
2,49 €"
3947|Voile si discret! pliés, protège-slips extra souple, incroyablement fin et si doux|La boîte de 32 protège-slips|[Origine : FRANCE, Le protège-lingerie Nana Voile Si Discret s'adaptera à toute la lingerie de votre garde-robe. Il est emballé sous pochette individuelle pour vous accompagner en toutes circonstances.Les protège-lingerie fins Nana : votre secret de féminité au quotidien.]|"
0,08€ / Pce"|"
2,49 €"
3948|Lady Normal, protections féminines discrètes et efficaces pour fuites urinaires légères à modérées, Odour Control|Le paquet duo, 2x12 protections|[Origine : COMM. ECON EUROPEENN]|"
0,40€ / Pce"|"
9,53 €"
3949|Protections maxi nuit pour fuites urinaires|Le paquet de 12 protections|[Origine : FRANCE, Spécialement conçue pour passer une nuit sereine, cette serviette douce et confortable vous assure une protection parfaite grâce à sa forme spécifique. Plus large à l'arrière, elle vous garantit une meilleure absorption et sécurité durant votre sommeil., Protection pour fuites urinaires fortes.]|"
0,86€ / Pce"|"
10,29 €"
3950|Protège-slip discret|La boîte de 28 protège-slip|[Origine : SLOVAQUIE]|"
0,11€ / Pce"|"
3,18 €"
3951|Protège-slip long|La boîte de 20 protège-slip|[Origine : SLOVAQUIE]|"
0,16€ / Pce"|"
3,18 €"
3952|Aloe Vera, protège-slip large|Le paquet de 36|[Origine : FRANCE, Encore plus de protection et toujours la fraîcheur et la discrétion des protège-slips Vania Kotydia.Jusqu'à 12 h. Contrôle des odeurs. Micro-billes super absorbantes. Et en plus, il contient de l'Aloe Vera., Ne pas jeter dans les toilettes.]|"
0,13€ / Pce"|"
4,62 €"
3953|Essentiel, plat micro-aéré, protège-slips quotidiens, perles fraîcheur, format économique|La boîte de 58 protège-slips|[Origine : FRANCE, Le protège-slip Vania Kotydia Essentiel, pour vous sentir fraîche au quotidien ! Forme confort, reste en place.Perles fraîcheur qui capturent l'humidité. Texture micro-aérée qui laisse respirer votre peau. Voile avec extrait de coton., Ne pas jeter dans les toilettes, Sans parfum.]|"
0,08€ / Pce"|"
4,65 €"
3954|Kotydia aloe vera plat, protèges-slips micro-aérés, perles fraîcheur|La boîte de 30 protections|[Origine : FRANCE, Le protège-slip Vania Kotydia est légèrement parfumé, il contient de l'extrait naturel d'aloe vera.Toujours la fraîcheur Vania Kotydia, perles fraîcheur qui capturent l'humidité, voile avec extrait de coton, texture micro-aérée qui laisse respirer votre peau. Reste en place. Votre geste fraîcheur quotidien., Ne pas jeter dans les toilettes., Contient de l'aloé vera.]|"
0,09€ / Pce"|"
2,56 €"
3955|Kotydia aloé vera plié, protèges-slips micro-aérés, perles fraîcheur|La boîte de 30 protections|[Origine : FRANCE, Le protège-slip Vania Kotydia Plié est légèrement parfumé, il contient de l'extrait d'Aloe Vera. Grâce à sa pochette individuelle, il vous accompagne partout, en toute discrétion!, Contient de l'extrait naturel d'aloé vera.]|"
0,10€ / Pce"|"
2,94 €"
3956|Kotydia fresh, protèges-slips micro-aérés, perles fraîcheur|La boîte de 30 protections|[Origine : FRANCE, Le protège-slip Vania Kotydia libère une délicate sensation de linge propre.Toujours la fraîcheur Vania Kotydia, perles fraîcheur qui capturent l'humidité, voile avec extrait de coton, texture micro-aérée qui laisse respirer votre peau. Reste en place. Votre geste fraîcheur quotidien.]|"
0,09€ / Pce"|"
2,68 €"
3957|Protège-slip long fresh|La boîte de 40 protège-slip|[Origine : FRANCE, Encore plus de protection (que Vania Kotydia Aloe Vera normal) et toujours la fraîcheur et la discrétion des protège-slips Vania Kotydia. Jusqu'à 12 heures de contrôle des odeurs. Micro-billes super absorbantes. Voile ultra-doux à l'extrait de coton.Tenue optimale. Testés dermatologiquement.]|"
0,12€ / Pce"|"
4,69 €"
3958|Protège slips avec voile micro-aéréà l'extrait de coton|La boîte de 32|[Origine : ITALIE, Forme anatomique, tenue optimale. Avec voile micro aéré à l'extrait de coton., Ne pas jeter dans les toilettes.]|"
0,08€ / Pce"|"
2,67 €"
3959|Protège slips flexiform fresh|La boîte de 30 protège slips|[Origine : FRANCE]|"
0,10€ / Pce"|"
2,87 €"
3960|Normal, serviettes hygiéniques sans ailettes, voile ultra doux, sous pochette|Le paquet de 18 serviettes|[Origine : BELGIQUE, Les serviettes Maxi Monoprix possèdent un voile de surface très doux sensation textile. Les bandes latérales dirigent le flux vers l'intérieur et le coussin ultra absorbant laisse pénétrer le liquide, afin d'empêcher les fuites et de vous offrir unesécurité optimale. La forme anatomique des serviettes Maxi Monoprix épouse parfaitement la morphologie de votre corps pour un maximum de confort. En sachet individuel, elles peuvent être emmenées partout et être jetées discrètement. Déclinées en 3 niveaux de flux, les serviettes Maxi Monoprix s'adaptent à tous vos besoins., Ne pas jeter dans les toilettes]|"
0,09€ / Pce"|"
1,60 €"
3961|Normal, serviettes hygiéniques ultra-minces sans ailettes, voile ultra doux micro aéré|Le paquet de 16 serviettes|[Origine : ESPAGNE, Les serviettes Ultra-minces Monoprix possèdent un voile de surface très doux et micro aéré, qui laisse pénétrer le liquide à l'intérieur et empêche les fuites.La forme anatomique et extrêmement fine des serviettes Ultra-minces Monoprix permet une grande discrétion. En sachet individuel, elles peuvent être emmenées partout et être jetées discrètement. Déclinées en 4 niveaux de flux, les serviettes ultra-minces Monoprix s'adaptent à tous vos besoins., Ne pas jeter dans les toilettes]|"
0,10€ / Pce"|"
1,56 €"
3962|Normal plus, serviettes hygiéniques ultra-minces avec ailettes, voile ultra doux micro aéré|Le paquet de 14 serviettes|[Origine : ESPAGNE, Les serviettes Ultra-minces Monoprix possèdent un voile de surface très doux et micro aéré, qui laisse pénétrer le liquide à l'intérieur et empêche les fuites.La forme anatomique et extrêmement fine des serviettes Monoprix permet une grande discrétion. Les ailettes maintiennent la serviette en place et protègent votre lingerie. En sachet individuel, elles peuvent être emmenées partout et être jetées discrètement. Déclinées en 4 niveaux de flux, les serviettes ultra-minces Monoprix s'adaptent à tous vos besoins., Ne pas jeter dans les toilettes.]|"
0,11€ / Pce"|"
1,56 €"
3963|Nuit, serviettes hygiéniques ultra-minces avec ailettes, voile ultra doux micro aéré|Le paquet de 10 serviettes|[Origine : ESPAGNE, Les serviettes Ultra-minces Monoprix possèdent un voile de surface très doux et micro aéré, qui laisse pénétrer le liquide à l'intérieur et empêche les fuites.La forme anatomique et extrêmement fine des serviettes Monoprix permet une grande discrétion. Les ailettes maintiennent la serviette en place et protègent votre lingerie. En sachet individuel, elles peuvent être emmenées partout et être jetées discrètement. Déclinées en 4 niveaux de flux, les serviettes ultra-minces Monoprix s'adaptent à tous vos besoins., Ne pas jeter dans les toilettes.]|"
0,16€ / Pce"|"
1,56 €"
3964|Serviettes maxi nuit, sans ailettes, voile très doux|Le paquet de 12|[Origine : FRANCE, Les serviettes maxi Monoprix possèdent un voile de surface très doux sensation textile.Les bandes latérales dirigent le flux vers l'intérieur et le coussin absorbant laisse pénétrer le liquide afin d'empêcher les fuites et de vous offrir une sécuritéoptimale. La forme anatomique des serviettes maxi Monoprix épouse parfaitement la forme de votre corps pour un maximum de confort., Ne pas jeter dans les toilettes.]|"
0,14€ / Pce"|"
1,70 €"
3965|Serviettes normal plus avec ailettes ultra mince|Le paquet de 28|[Origine : FRANCE, Les serviettes Ultra-minces Monoprix possèdent un voile de surface très doux et micro aéré, qui laisse pénétrer le liquide à l'intérieur et empêche les fuites.La forme anatomique et extrêmement fine des serviettes Monoprix permet une grande discrétion. Les ailettes maintiennent la serviette en place et protègent votre lingerie. En sachet individuel, elles peuvent être emmenées partout et être jetées discrètement., Ne pas jeter dans les toilettes.]|"
0,11€ / Pce"|"
3,08 €"
3966|Super, serviettes hygiéniques sans ailettes, voile ultra doux, sous pochette|Le paquet de 16 serviettes|[Origine : BELGIQUE, Les serviettes Maxi Monoprix possèdent un voile de surface très doux sensation textile. Les bandes latérales dirigent le flux vers l'intérieur et le coussin ultra absorbant laisse pénétrer le liquide, afin d'empêcher les fuites et de vous offrir unesécurité optimale. La forme anatomique des serviettes Maxi Monoprix épouse parfaitement la morphologie de votre corps pour un maximum de confort. En sachet individuel, elles peuvent être emmenées partout et être jetées discrètement. Déclinées en 3 niveaux de flux, les serviettes Maxi Monoprix s'adaptent à tous vos besoins., Ne pas jeter dans les toilettes]|"
0,10€ / Pce"|"
1,60 €"
3967|Super plus, serviettes hygiéniques ultra-minces avec ailettes, voile ultra doux micro aéré|Le paquet de 12 serviettes|[Origine : ESPAGNE, Les serviettes Ultra-minces Monoprix possèdent un voile de surface très doux et micro aéré, qui laisse pénétrer le liquide à l'intérieur et empêche les fuites.La forme anatomique et extrêmement fine des serviettes Monoprix permet une grande discrétion. Les ailettes maintiennent la serviette en place et protègent votre lingerie. En sachet individuel, elles peuvent être emmenées partout et être jetées discrètement. Déclinées en 4 niveaux de flux, les serviettes ultra-minces Monoprix s'adaptent à tous vos besoins., Ne pas jeter dans les toilettes.]|"
0,13€ / Pce"|"
1,56 €"
3968|Serviettes hygiéniques normal plus|La boîte de 12 serviettes|[Origine : ALLEMAGNE]|"
0,38€ / Pce"|"
4,55 €"
3969|Serviettes long|Le paquet de 14 serviettes|[Origine : FRANCE, Les nouvelles serviettes Always Ultra vous protègent pendant les règles avec sa technologie unique de neutralisation des odeurs, maintenant encore plus performante. Elles neutralisent les odeurs au lieu de seulement les masquer, pour maintenant encore plus longtemps. La technologie de neutralisation des odeurs possède un léger parfum., Ne pas jeter les serviettes hygiéniques dans les toilettes.]|"
0,20€ / Pce"|"
2,83 €"
3970|Serviettes long plus avec ailettes|Le duopack de 24 serviettes|[Origine : FRANCE, Les nouvelles serviettes Always Ultra vous protègent pendant les règles avec leur technologie unique de neutralisation des odeurs, maintenant encore plus performante., Ne pas jeter les serviettes hygiéniques dans les toilettes.]|"
0,20€ / Pce"|"
4,79 €"
3971|Serviettes long plus avec ailettes|Le paquet de 12 serviettes|[Origine : FRANCE, Les nouvelles serviettes Always ultra vous protègent pendant les règles avec leur technologie unique de neutralisation des odeurs, maintenant encore plus performante.]|"
0,24€ / Pce"|"
2,83 €"
3972|serviettes normal+ avec ailettes|Le duopack de 28 serviettes|[Origine : FRANCE, Les nouvelles serviettes Always Ultra vous protègent pendant les règles avec sa technologie unique de neutralisation des odeurs, maintenant encore plus performantes. Combinaison unique : super absorbant. Neutralisation des odeurs renforcée. Testé dermatologiquement. Voile sensation coton. Secureguard. Super fit. Elles neutralisent les odeurs au lieu de seulement les masquer, pour maintenant encore plus longtemps. La technologie de neutralisation des odeurs possède un léger parfum., Ne pas jeter les serviettes hygiéniques dans les toilettes.]|"
0,17€ / Pce"|"
4,79 €"
3973|serviettes normal+ avec ailettes|Le paquet de 14 serviettes|[Origine : FRANCE, Les nouvelles serviettes Always Ultra vous protègent pendant les règles avec sa technologie unique de neutralisation des odeurs, maintenant encore plus performante., Ne pas jeter les serviettes hygiéniques dans les toilettes.]|"
0,20€ / Pce"|"
2,83 €"
3974|serviettes normales|Le duopack de 32 serviettes|[Origine : FRANCE, Les nouvelles serviettes Always Ultra vous protègent pendant les règles avec leur technologie unique de neutralisation des odeurs, maintenant encore plus performante. Elles neutralisent les odeurs au lieu de seulement les masquer, pour maintenant encore plus longtemps. La technologique de neutralisation des odeurs possède un léger parfum., Ne pas jeter les serviettes hygiéniques dans les toilettes.]|"
0,15€ / Pce"|"
4,79 €"
3975|serviettes normales|Le paquet de 16 serviettes|[Origine : FRANCE, Les nouvelles serviettes Always Ultra vous protègent pendant les règles avec leur technologie unique de neutralisation des odeurs, maintenant encore plus performante., Ne pas jeter les serviettes hygiéniques dans les toilettes.]|"
0,18€ / Pce"|"
2,83 €"
3976|Serviettes normal plus|Le paquet de 12|[Origine : FRANCE]|"
0,27€ / Pce"|"
3,18 €"
3977|Serviettes nuit|Le duopack de 20 serviettes|[Origine : FRANCE, Les nouvelles serviettes Always Ultra vous protègent pendant les règles avec leur technologie unique de neutralisation des odeurs, maintenant encore plus performante.]|"
0,24€ / Pce"|"
4,79 €"
3978|Serviettes nuit|Le paquet de 10 serviettes|[Origine : FRANCE, Les nouvelles serviettes Always Ultra vous protègent pendant les règles avec sa technologie unique de neutralisation des odeurs, maintenant encore plus performante. Combinaison unique : super absorbante. Neutralisation des odeurs renforcée. Testé dermatologiquement. Voile sensation coton. Secureguard. Super fit. Elles neutralisent les odeurs au lieu de seulement les masquer, pour maintenant encore plus longtemps. La technologie de neutralisation des odeurs possède un léger parfum., Ne pas jeter les serviettes hygiéniques dans les toilettes.]|"
0,28€ / Pce"|"
2,83 €"
3979|Serviettes nuit ultra secure|Le paquet de 9 serviettes|[Origine : FRANCE, La meilleure protection Always Ultra Night avec une zone 60% plus large à l'arrière.]|"
0,32€ / Pce"|"
2,90 €"
3980|Serviettes ultra normal plus|Le paquet de 12|[Origine : FRANCE, Seules les serviettes Always Ultra Douces + sans parfum vous offrent cette combinaison unique de 6 signes de protection. Super Fit : Maintient votre serviette bien en place, elle vous suit dans tous vos mouvements ! Barrières Secureguard : Gardent leflux menstruel loin des bords pour une protection optimale contre les fuites. Coeur super absorbant : Transforme le liquide en gel pour vous garder bien au sec ! Voile doux comme de la soie : Plus doux que le voile Always Ultra classique, pour une meilleure sensation de confort. Testé dermatologiquement., Avec ailettes. Pour éviter tout risque de suffocation ou d'étranglement, tenir cet emballage hors de portée des bébés et des enfants. Ne pas jeter les serviettes hygiéniques dans les toilettes., Petrolatum, behenyl alcohol, zinc oxide, silica dimethicone silylate, isononyl isononanoate, serica, glycine soja oil, polyhydroxystearic acid, BHT, tocopherol, chamomilla recutita flower extract, bisabolol]|"
0,27€ / Pce"|"
3,18 €"
3981|Serviettes hygiéniques aloé vera et camomille normal plus|Le paquet de 14 serviettes|[Origine : SLOVAQUIE, Maintien parfait à l'avant et à l'arrière. Dryfast : absorption rapide pour une sensation sèche et confortable. Barrière intégrale anti-fuites. Extrait d'Aloe Vera et de Camomille., Ne pas jeter dans les toilettes.]|"
0,19€ / Pce"|"
2,59 €"
3982|Serviettes hygiéniques déo fresh normal plus|Le paquet de 14 serviettes|[Origine : SLOVAQUIE, Maintien parfait à l'avant et à l'arrière. Dryfast : absorption rapide pour une sensation sèche et confortable. Barrière intégrale anti-fuites. Papier recouvrant les ailettes prédécoupé., Ne pas jeter dans les toilettes.]|"
0,19€ / Pce"|"
2,63 €"
3983|Serviettes hygiéniques goodnight plus|Le paquet de 10 serviettes|[Origine : SLOVAQUIE, Nos serviettes Goodnight ont été créées pour vous permettre le meilleur sommeil possible. Leur forme avant-arrière adaptée aux courbes féminines suit parfaitement les mouvements de corps. Elles sont aussi confortables que nos autres serviettes, encore plus longues et plus absorbantes, et grâce à leurs ailettes restent bien en place. Maintien parfait à l'avant et à l'arrière. Forme coeur indiquant l'avant de la serviette. Dryfast : absorption rapide pour une sensation sèche et confortable. Barrière intégrale anti-fuites. Extra longue pour un sommeil paisible. Papier recouvrant les ailettes prédécoupé.]|"
0,26€ / Pce"|"
2,61 €"
3984|Serviettes hygiéniques normal|Le paquet de 16 serviettes|[Origine : SLOVAQUIE, Maintien parfait à l'avant et à l'arrière. Dryfast : absorption rapide pour une sensation sèche et confortable. Barrière intégrale anti-fuites., Ne pas jeter dans les toilettes.]|"
0,16€ / Pce"|"
2,61 €"
3985|Serviettes hygiéniques normal plus|Le paquet de 14 serviettes|[Origine : SLOVAQUIE, Maintien parfait à l'avant et à l'arrière. Dryfast : absorption rapide pour une sensation sèche et confortable. Barrière intégrale anti-fuites. Papier recouvrant les ailettes prédécoupé., Ne pas jeter dans les toilettes.]|"
0,19€ / Pce"|"
2,61 €"
3986|Mini ultra, serviettes hygiénique extrafine, spécial flux légers, protection & confort|Le paquet de 12 serviettes|[Origine : FRANCE, Vania s'est inspirée des dernières générations de textile, qui allient protection et respirabilité, en créant la technologie Textilex: un voile respirant aux extraits de coton sur un coeur de micro-coussinets ultra absorbants pour vous garantir une protection et une respiration maximales., Sans parfum., Ne pas jeter dans les toilettes.]|"
0,15€ / Pce"|"
2,42 €"
3987|Serviettes hygiéniques Maxi Confort|Le paquet de 14 serviettes|[Origine : FRANCE, Une délicate senteur pour une sensation agréable de fraîcheur. 4 barrières protectrices : pour éviter les fuites sur les côtés, l'avant et l'arrière.Et toujours des micro-billes doublement efficaces : elles absorbent rapidement le liquide pour une meilleure sensation de sec, elles limitent les odeurs. Testé dermatologiquement., Ne pas jeter dans les toilettes]|"
0,23€ / Pce"|"
3,18 €"
3988|Serviettes hygiéniques Maxi Confort|Le paquet de 16 servietets|[Origine : FRANCE, Un coeur absorbant unique qui capte rapidementle liquide pour une sensation de sec optimale. Un confort incroyable ! Grâce à un voile extra doux au toucher coton hypoallergénique et non irritant., Garantie sans parfum ni déodorant.]|"
0,20€ / Pce"|"
3,24 €"
3989|Serviettes hygièniques Maxi Confort, normal+|Le paquet de 16 serviettes|[Origine : FRANCE, Une protection doublement efficace : un coeur absorbant unique qui capte rapidement le liquide pour une sensation de sec optimale.4 barrières protectrices pour éviter les fuites sur les côtés, l'avant et l'arrière. Maxi confort : un voile extra douxau toucher coton hypoallergénique et non irritant., Ne pas jeter dans les toilettes., Garanti sans parfum ni déodorant.]|"
0,20€ / Pce"|"
3,24 €"
3990|Tampons avec applicateur, normal, voile protecteur doux|La boîte de 20 tampons|[Origine : ALLEMAGNE, Un voile protecteur non tissé doux, qui empêche le tampon de pelucher. Un bout arrondi pour une insertion tout en douceur. Un cordonnet long et solide pour un retrait facile. Grâce à son applicateur, le tampon est plus facile à insérer., Utilisez toujours l'absorption minimale adaptée à votre flux. Un tampon se change toutes les 4 à 8 heures suivant l'importance du flux. L'utilisation des tampons peut être associée au Syndrome du choc Toxique (SCT), maladie rare mais grave qui peut être fatale., A conserver dans un endroit sec.]|"
0,14€ / Pce"|"
2,73 €"
3991|Tampons avec applicateur, super, voile protecteur doux|La boîte de 20 tampons|[Origine : ALLEMAGNE, Un voile protecteur non tissé doux, qui empêche le tampon de pelucher. Un bout arrondi pour une insertion tout en douceur. Un cordonnet long et solide pour un retrait facile. Grâce à son applicateur, le tampon est plus facile à insérer., Utilisez toujours l'absorption minimale adaptée à votre flux. Un tampon se change toutes les 4 à 8 heures suivant l'importance du flux. L'utilisation des tampons peut être associée au Syndrome du choc Toxique (SCT), maladie rare mais grave qui peut être fatale., A conserver dans un endroit sec.]|"
0,14€ / Pce"|"
2,73 €"
3992|Tampons avec applicateur compact normal|La boîte de 20|[Origine : FRANCE, Les tampons avec applicateur Monoprix vous assurent confort, sécurité grâce à une composition en fibres d'origine naturelle, un voile protecteur non tissé doux, qui empêche le tampon de pelucher. Un bout arrondi pour une insertion tout en douceur. Uncordonnet long et solide pour un retrait facile. Grâce à son applicateur compact en plastique lisse, le tampon est plus facile et plus doux à insérer et aussi plus discret à transporter., Utilisez toujours l'absorption minimale adaptée à votre flux. Un tampon se change toutes les 4 à 8 heures suivant l'importance du flux. La notice à l'intérieur de cette boîte contient des informations importantes. Lisez-la attentivement et conservez-la. L'utilisation des tampons peut être associée au Syndrome du Choc Toxique (SCT), maladie rare mais grave, qui peut être fatale. Le tampon, l'applicateur et l'enveloppe individuelle doivent être jetés dans une poubelle. Ne pas jeter dans les toilettes., A conserver dans un endroit propre et sec.]|"
0,12€ / Pce"|"
2,36 €"
3993|Tampons avec applicateur compact super|La boîte de 20|[Origine : FRANCE, Les tampons avec applicateur Monoprix vous assurent confort, sécurité grâce à une composition en fibres d'origine naturelle, un voile protecteur non tissé doux, qui empêche le tampon de pelucher.Un bout arrondi pour une insertion tout en douceur. Uncordonnet long et solide pour un retrait facile. Grâce à son applicateur compact en plastique lisse, le tampon est plus facile et plus doux à insérer et aussi plus discret à transporter., Utilisez toujours l'absorption minimale adaptée à votre flux. Un tampon se change toutes les 4 à 8 heures suivant l'importance du flux. La notice à l'intérieur de cette boîte contient des informations importantes. Lisez-la attentivement et conservez-la. L'utilisation des tampons peut être associée au Syndrome du Choc Toxique (SCT), maladie rare mais grave, qui peut être fatale. Le tampon, l'applicateur et l'enveloppe individuelle doivent être jetés dans une poubelle. Ne pas jeter dans les toilettes., A conserver dans un endroit propre et sec.]|"
0,12€ / Pce"|"
2,36 €"
3994|Tampons sans applicateur, mini|La boîte de 24 tampons|[Origine : FRANCE, Ouverture facile.Les tampons sans applicateur Monoprix vous assurent confort et sécurité grâce à : des fibres d'origine naturelle, un voile protecteur non tissé très doux, qui empêche le tampon de pelucher, des rainures pour diriger le flux dans le tampon, un bout arrondi pour une insertion tout en douceur, un cordonnet long et solide pour un retrait facile., Un tampon se change toutes les 4 à 8 heures selon l'importance de votre flux. Le tampon et l'enveloppe individuelle doivent être jetés dans une poubelle. Ne pas jeter dans les toilettes. La notice à l'intérieur de cette boîte contient des informations importantes. Lisez-la attentivement et conservez-la. L'utilisation des tampons peut être associée au Syndrome du Choc Toxique (SCT), maladie rare mais grave, qui peut être fatale., A conserver dans un endroit propre et sec.]|"
0,10€ / Pce"|"
2,39 €"
3995|Tampons sans applicateur, normal|La boîte de 24 tampons|[Origine : FRANCE, Les tampons sans applicateur Monoprix vous assurent confort et sécurité grâce à : des fibres d'origine naturelle, un voile protecteur non tissé très doux, qui empêche le tampon de pelucher, des rainures pour diriger le flux dans le tampon, un bout arrondi pour une insertion tout en douceur, un cordonnet long et solide pour un retrait facile., Un tampon se change toutes les 4 à 8 heures suivant l'importance du flux.  La notice à l'intérieur de cette boîte contient des informations importantes. Lisez-la attentivement et conservez-la. L'utilisation des tampons peut être associée au Syndromedu Choc Toxique (SCT), maladie rare mais grave, qui peut être fatale. Les taux d'absorption des tampons Monoprix ont été spécialement étudiés pour limiter ce risque. Les tampon et l'enveloppe individuelle doivent être jetés dans une poubelle., A conserver dans un endroit sec.]|"
0,09€ / Pce"|"
2,17 €"
3996|Tampons sans applicateur, super|La boîte de 24 tampons|[Origine : FRANCE, Les tampons sans applicateur Monoprix vous assurent confort et sécurité. Des fibres d'origine naturelle. Un voile protecteur non tissé très doux, qui empêche le tampon de pelucher. Des rainures pour diriger le flux dans le tampon. Un bout arrondi pour une insertion tout en douceur. Un cordonnet long et solide pour un retrait facile., La notice à l'intérieur de cette boîte contient des informations importantes. Lisez-la attentivement et conservez-la. Un tampon se change toutes les 4 à 8 heures suivant l'importance du flux. L'utilisation des tampons peut être associée au Syndrome du Choc Toxique (SCT), maladie rare mais grave, qui peut être fatale. Les tampon et l'enveloppe individuelle doivent être jetés dans une poubelle. Ne pas jeter dans les toilette., A conserver dans un endroit sec.]|"
0,09€ / Pce"|"
2,17 €"
3997|Mini, tampons insertion ultra facile, ultra protection|La boîte de 24 tampons|[Origine : FRANCE, Le plus petit des tampons Nett, très facile à insérer. Avec sa petite taille, Nett Pro Comfort Mini est le tampon idéal pour commencer. Il possède un voile soyeux unique.Une extrémité affinée et un petit diamètre qui le rendent très facile à insérer.De plus, les rainures incurvées exclusives du Système Captélix sont conçues pour mieux diriger le flux au coeur du tampon. La protection est optimale contre les fuites., Ne pas jeter dans les toilettes. La notice jointe sur les conseils d'utilisation du tampon contient des informations importantes concernant le syndrome du choc toxique menstruel (S.C.T.), une maladie rare mais grave. Pour votre hygiène et votre santé, veuillez la lire et la conserver.]|"
0,15€ / Pce"|"
3,52 €"
3998|Normal, tampons insertion ultra facile, ultra protection, voile effet soyeux|La boîte de 24 tampons|[Origine : FRANCE, Voile unique : le voile effet soyeux permet une insertion et un retrait faciles tout en douceur.Corolle absorbante : grâce à son Ouverture en Corolle, le tampon Nett Pro Comfort se dilate tout en douceur pour s'adapter à votre corps et recueillir leflux au fur et à mesure de son écoulement naturel. Rainures incurvées : les rainures incurvées du Système Captélix sont conçues pour diriger le flux plus efficacement au coeur du tampon., Ne pas jeter dans les toilettes. La notice jointe sur les conseils d'utilisation du tampon contient des informations importantes concernant le syndrome du choc toxique menstruel (S.C.T.), une maladie rare mais grave. Pour votre hygiène et votre santé, veuillez la lire et la conserver.]|"
0,18€ / Pce"|"
4,21 €"
3999|Normal, tampons sans applicateur, rainures incurvées, maxi format|La boîte de 32 tampons|[Origine : FRANCE, La protection Nett : corolle absorbante et système captélix. Ainsi, vous vous sentez efficacement protégée !Grâce à son ouverture en corolle, le tampon Nett se dilate tout en douceur pour s'adapter à votre corps et recueillir le flux au fur et à mesure de son écoulement naturel. De plus, les rainures incurvées du Système Captélix sont conçues pour mieux diriger le flux au coeur du tampon., Ne pas jeter dans les toilettes. La notice jointe sur les conseils d'utilisation du tampon contient des informations importantes concernant le syndrome du choc toxique menstruel (S.C.T.), une maladie rare mais grave. Pour votre hygiène et votre santé, veuillez la lire et la conserver.]|"
0,14€ / Pce"|"
4,45 €"
4000|Super, tampons insertion ultra facile, ultra protection, voile effet soyeux|La boîte de 24 tampons|[Origine : FRANCE, Une protection incroyablement confortable.Voile effet soyeux qui permet une insertion et un retrait faciles tout en douceur. De plus, les rainures incurvées du Système Captélix sont conçues pour mieux diriger le flux plus efficacement au coeur du tampon., La notice jointe sur les conseils d'utilisation du tampon contient des informations importantes concernant le syndrome du choc toxique menstruel (S.C.T.), une maladie rare mais grave. Pour votre hygiène et votre santé, veuillez la lire et la conserver. Ne pas jeter dans les toilettes.]|"
0,18€ / Pce"|"
4,28 €"
4001|Super, tampons sans applicateur, rainures incurvées, maxi format|La boîte de 32 tampons|[Origine : FRANCE, La protection Nett : corolle absorbante et système captélix. Ainsi, vous vous sentez efficacement protégée !Grâce à son ouverture en corolle, le tampon Nett se dilate tout en douceur pour s'adapter à votre corps et recueillir le flux au fur et à mesure de son écoulement naturel. De plus, les rainures incurvées du Système Captélix sont conçues pour mieux diriger le flux au coeur du tampon., Ne pas jeter dans les toilettes. La notice jointe sur les conseils d'utilisation du tampon contient des informations importantes concernant le syndrome du choc toxique menstruel (S.C.T.), une maladie rare mais grave. Pour votre hygiène et votre santé, veuillez la lire et la conserver.]|"
0,15€ / Pce"|"
4,72 €"
4002|Super plus, tampons insertion ultra facile, ultra protection, voile effet soyeux, système Captélix|La boîte de 24|[Origine : FRANCE, Le voile effet soyeux permet une insertion et un retrait faciles tout en douceur.Grâce à son ouverture en corolle, le tampon Nett ProConfort se dilate tout en douceur pour s'adapter à votre corps et recueillir le flux au fur et à mesure de son écoulement naturel. Les rainures incurvées du Système Captélix sont conçues pour diriger le flux plus efficacement au coeur du tampon., Attention : la notice jointe sur les conseils d'utilisation du tampon contient des informations importantes concernant le syndrome du choc toxique menstruel (S.C.T.), une maladie rare mais grave. Pour votre hygiène et votre santé, veuillez la lire et la conserver. Ne pas jeter dans les toilettes.]|"
0,20€ / Pce"|"
4,89 €"
4003|Super plus, tampons sans applicateur, rainures incurvées|La boîte de 24 tampons|[Origine : FRANCE, La protection Nett : corolle absorbante et système captélix. Ainsi, vous vous sentez efficacement protégée !Grâce à son ouverture en corolle, le tampon Nett se dilate tout en douceur pour s'adapter à votre corps et recueillir le flux au fur et à mesure de son écoulement naturel. De plus, les rainures incurvées du Système Captélix sont conçues pour mieux diriger le flux au coeur du tampon., Ne pas jeter dans les toilettes. La notice jointe sur les conseils d'utilisation du tampon contient des informations importantes concernant le syndrome du choc toxique menstruel (S.C.T.), une maladie rare mais grave. Pour votre hygiène et votre santé, veuillez la lire et la conserver.]|"
0,18€ / Pce"|"
4,25 €"
4004|Tampons avec applicateur, normal|La boîte de 20 tampons|[Origine : FRANCE, Grâce à son ouverture en Corolle, Nett Body Adapt se dilate tout en douceur pour s'adapter à votre corps. Ainsi, il vous apporte un confort incroyable et une protection fiable. Son applicateur plastique est spécialement lisse et doux pour une insertion facile., Ne pas jeter dans les toilettes. Attention : la notice jointe sur les conseils d'utilisation du tampon contient des informations importantes concernant le syndrome du choc toxique menstruel (S.C.T.), une maladie rare mais grave. Pour votre hygiène et votre santé, veuillez la lire et la conserver.]|"
0,23€ / Pce"|"
4,58 €"
4005|Tampons avec applicateur, super|La boîte de 20 tampons|[Origine : FRANCE, Grâce à son ouverture en Corolle, Nett Body Adapt se dilate tout en douceur pour s'adapter à votre corps. Ainsi, il vous apporte un confort incroyable et une protection fiable. Son applicateur plastique est spécialement lisse et doux pour une insertion facile., Ne pas jeter dans les toilettes. Attention : la notice jointe sur les conseils d'utilisation du tampon contient des informations importantes concernant le syndrome du choc toxique menstruel (S.C.T.), une maladie rare mais grave. Pour votre hygiène et votre santé, veuillez la lire et la conserver.]|"
0,23€ / Pce"|"
4,52 €"
4006|Tampons Procomfort nuit, normal|La boîte de 16|[Origine : ALLEMAGNE, Une protection efficace et optimale pour la nuit jusqu'à 8 heures.        Les ailettes souples Silktouch® de ces tampons, technologie anti-fuites brevetée, se déploient délicatement pour vous assurer une protection additionnelle tout au long de la nuit. Leur ouverture en Corolle® permettent une adaptation en douceur à votre corps pour recueillir le flux au plus près de votre anatomie.                                                         1 nuit, 1 tampon, Mettez votre tampon avant de vous coucher et retirez-le dès le matin à votre réveil. La notice jointe sur les conseils d'utilisation du tampon contient des informations importantes concernant le syndrome du choc toxique menstruel (S.C.T.), une maladie rare mais grave. Pour votre hygiène et votre santé, veuillez la lire et la conserver.]|"
0,22€ / Pce"|"
3,59 €"
4007|Régulier, Tampons avec applicateur|La boîte de 20 tampons|[Origine : FRANCE]|"
0,26€ / Pce"|"
5,24 €"
4008|Tampons avec applicateur, super|La boîte de 32 tampons|[Origine : FRANCE, Utilisez toujours l'absorption minimale adaptée à votre flux. Changez votre tampon toutes les 4 à 8 heures. Attention, les tampons sont associés à une affection rare mais grave appelée Syndrome du Choc Toxique (SCT). Veuillez lire et conserver les informations ci jointes sur le SCT et l'utilisation des tampons.]|"
0,18€ / Pce"|"
5,61 €"
4009|Tampons avec applicateur light|La boîte de 20 tampons|[Origine : FRANCE, Pour les flux très légers à légers. Utilisez toujours l'absorption minimale à votre flux. Changez votre tampon toutes les 4 à 8 heures. Ne pas jeter dans les toilettes. Les tampons sont associés à une affection rare mais grave appelée Syndrome du choc toxique (SCT). Veuillez lire et conserver les informations ci-jointes sur le SCT et l'utilisation des tampons.]|"
0,25€ / Pce"|"
4,93 €"
4010|Tampons avec applicateur régulier|La boîte de 20 tampons|[Origine : FRANCE, Une sensation de propreté jusqu'à 8h., Pour les flux légers à normaux. Utilisez toujours l'absorption minimale à votre flux. Changez votre tampon toutes les 4 à 8 heures. Ne pas jeter dans les toilettes. Les tampons sont associés à une affection rare mais grave appelée Syndrome du choc toxique (SCT). Veuillez lire et conserver les informations ci-jointes sur le SCT et l'utilisation des tampons., Matériel absorbant : coton et/ou viscose.]|"
0,19€ / Pce"|"
3,73 €"
4011|Tampons avec applicateur super|La boîte de 20 tampons|[Origine : FRANCE, Pour les flux abondants. Utilisez toujours l'absorption minimale à votre flux. Changez votre tampon toutes les 4 à 8 heures. Ne pas jeter dans les toilettes. Les tampons sont associés à une affection rare mais grave appelée Syndrome du choc toxique (SCT). Veuillez lire et conserver les informations ci-jointes sur le SCT et l'utilisation des tampons., Matériel absorbant : coton et/ou viscose.]|"
0,19€ / Pce"|"
3,73 €"
4012|Tampons régular avec applicateur, fresh|La boîte de 20 tampons|[Origine : FRANCE, Ouverture en V. Jupe de protection. Applicateur rétractable Compak. Canaux d'absorption., Utilisez toujours l'absorption minimale adaptée à votre flux. Changez votre tampon toutes les 4 à 8 heures. Ne pas jeter dans les toilettes. Attention : les tampons sont associés à une affection rare mais grave appelée au Syndrome du Choc Toxique (SCT). Veuillez lire et conserver les informations ci-jointes sur le SCT et l'utilisation des tampons., Matériel absorbant : coton et/ou viscose.]|"
0,23€ / Pce"|"
4,69 €"
4013|Tampons régulier avec applicateur|La boîte de 32 tampons|[Origine : FRANCE, Ouverture en V, canaux d'absorption., Utilisez toujours l'absorption minimale adaptée à votre flux. Changez votre tampon toutes les 4 à 8 heures. Ne pas jeter dans les toilettes. Attention : les tampons sont associés à une affection rare mais grave appelée Syndrome du Choc Toxique (SCT).Veuillez lire et conserver les informations ci-jointes sur le SCT et l'utilisation des tampons.]|"
0,18€ / Pce"|"
5,86 €"
4014|Tampons super avec applicateur, fresh|La boîte de 20 tampons|[Origine : FRANCE, Ouverture en V. Jupe de protection. Applicateur rétractable Compak. Canaux d'absorption. Légèrement parfumés. Max discrétion Protection., Utilisez toujours l'absorption minimale à votre flux. Changez votre tampon toutes les 4 à 8 heures. Attention : les tampons sont associés à une affection rare mais grave appelée syndrome du choc toxique (SCT). Veuillez lire et conserver les informations sur le SCT et l'utilisation des tampons. Ne pas jeter dans les toilettes.]|"
0,23€ / Pce"|"
4,69 €"
4015|Tampons super plus avec applicateur|La boîte de 18 tampons|[Origine : FRANCE, Tresse LeakGuard conçue pour une protection anti-fuites renforcée. Protection Tampax FormFit qui épouse délicatement la forme unique de votre corps. Applicateur SmoothTouch avec grip facile à saisir et poussoir arrondi pour une insertion facile., Pour les flux abondants à très abondants. Utilisez toujours l'absorption minimale adaptée à votre flux. Changez votre tampon toutes les 4 à 8 heures. Attention : les tampons sont associés à une affection rare mais grave appelée Syndrome du Choc Toxique (SCT). Veuillez lire et conserver les informations ci-jointes sur le SCT et l'utilisation des tampons., Matériel absorbant : coton et/ou viscose.]|"
0,30€ / Pce"|"
5,45 €"
4016|Tampons super plus avec applicateur                              Fresh|La boîte de 20|[Origine : FRANCE, Changez votre tampons toutes les 4 à 8 heures. Attention : les tampons sont associés à une affection rare mais grave appelée syndrome du choc toxique (SCT). Veuillez lire et conserver les informations ci-jointes sur le SCT et l'utilisation des tampons. Ne pas jeter dans les toilettes.]|"
0,23€ / Pce"|"
4,62 €"
4017|Tampon super avec applicateur|La boîte de 18 tampons|[Origine : FRANCE, Tresse conçue pour une protection anti-fuites renforcée. Protection Tampax FormFit qui épouse délicatement la forme unique de votre corps. Applicateur SmoothTouch avec grip facile à saisir et poussoir arrondi pour une insertion facile. Emballage discret avec languettes ouverture facile., Changez votre tampons toutes les 4 à 8 heures. Attention : les tampons sont associés à une affection rare mais grave appelée syndrome du choc toxique (SCT),. Veuillez lire et conserver les informations ci-jointes sur le SCT et l'utilisation des tampons. Ne pas jeter dans les toilettes.]|"
0,29€ / Pce"|"
5,24 €"
4018|Gel de toilette intime, douceur, à l'extrait de camomille, sans savon|La pompe de 200ml|[Origine : FRANCE, Sa formule sans savon et proche du pH des zones intimes, nettoie tout en préservant l'équilibre naturel des parties les plus délicates de votre corps. Enrichie en extrait de camomille et en allantoïne, le gel de toilette intime, aux vertus apaisanteset adoucissantes, vous apportera chaque jour une protection optimale., Utiliser comme un gel douche. Rincer soigneusement après utilisation. Usage externe uniquement. Ne pas appliquer sur une peau irritée ou abimée., Aqua, sodium laureth sulfate, sodium chloride, glycerin, disodium cocoamphodiacetate, disodium laureth sulfosuccinate, peg-200 hydrogenated glyceryl palmate, citric acid, parfum, sodium benzoate, peg-7 glyceryl cocoate, potassium sorbate, allantoin,lactic acid, tetrasodium edta, chamomilla recutita flower extract, sodium hydroxide., 12 mois après ouverture.]|"
14,30€ / L"|"
2,86 €"
4019|Lingettes toilette intime, douceur|Le paquet de 16 lingettes|[Origine : ISRAEL, Enrichies en extrait de camomille, les lingettes intimes Monoprix nettoient en douceur et apportent une sensation de fraîcheur à tout moment de la journée. Discrètes, elles s'emportent partout. Leur texture douce et moelleuse vous apportera une agréable sensation de douceur pour plus de confort., Pour usage externe uniquement. Conserver hors de la portée des enfants. Eviter le contact avec une peau irritée ou une plaie. Ne pas jeter dans les toilettes., Aqua, glycerin, gluconolactone, propylene glycol, polysorbate 20, parfum, potassium sorbate, sodium benzoate, lactic acid, peg-7 glyceryl cocoate, sodium cocoamphodiacetate, tetrasodium edta, chamomilla recutita extract, allantoin, sodium chloride, sodium gluconate, calcium gluconate, sodium hydroxide.]|"
0,15€ / Pce"|"
2,38 €"
4020|Lingettes toilette intime apaisant sans alcool, A l'extrait de camomille|Le paquet de 20 lingettes|[Origine : ISRAEL, Enrichies en extrait de camomille, les lingettes intimes Monoprix nettoient en douceur et apportent une sensation de fraîcheur à tout moment de la journée. Discrètes, elles s'emportent partout. Leur texture douce et moelleuse vous apportera une agréable sensation de douceur pour plus de confort. Testées sous contrôle dermatologique et gynécologiques, elles respectent le pH des parties les plus délicates de votre corps. Formulées sans alcool, elles préservent l'équilibre naturel des muqueuses., Spécialement conçues pour un usage quotidien. Usage externe exclusif. Conserver hors de la portée des enfants. Eviter le contact avec une peau irritée ou une plaie. Ne pas jeter dans les toilettes., Aqua, glycerin, gluconolactone, propylene glycol, polysorbate 20, parfum, potassium sorbate, sodium benzoate, lactic acid, peg-7 glyceryl cocoate, sodium cocoamphoacetate, tetrasodium edta, chamomilla recutita extract, allantoin, sodium chloride, sodium glycolate, calcium gluconate, sodium hydroxyde. Sans alcool., Refermer soigneusement l'étiquette après chaque utilisation pour préserver la fraîcheur et l'hygiène de vos lingettes.]|"
0,10€ / Pce"|"
1,91 €"
4021|Gel surgras, Toilette intime|Le flacon de 200ml|[Origine : FRANCE, Conçue pour les muqueuses sèches, sa formule au pH vulvo-vaginal (5.2), est composée d'ingrédients bio reconnus pour leurs vertus hydratantes et protectrices. Elle respecte, nettoie en douceur et laisse un voile protecteur non gras. Son parfum naturel apporte une sensation de fraîcheur et de confort., Aqua (water), aloe barbadensis leaf juice*, glycerin, ammonium lauryl sulfate, cocamidopropyl betaine, coco-glucoside, prunus amygdalus dulcis oil (sweet almond oil)*, butyrospermum parkii butter (shea butter)*, glyceryl oleate, tocopherol, hydrogenated palm glycerides citrate, maris aqua (sea water), vaccinium macrocarpon fruit extract (cranberry fruit extract)*, parfum (fragrance), citric acid, sodium chloride, sodium benzoate, benzyl alcohol, benzoic acid, potassium sorbate, linalool. *Ingrédients issus de l'agriculture biologique. Sans paraben. Sans EDTA. Sans BHT. Sans DMDM. Sans phénoxyéthanol. Contre les tests sur les animaux. 99,1% du total des ingrédients sont d'origine naturelle. 10% du total des ingrédients sont issus de l'agriculture biologique., 12 mois après ouverture.]|"
20,55€ / L"|"
4,11 €"
4022|Gel surgras, Toilette intime|Le flacon de 200ml|[Origine : FRANCE, Conçue pour les muqueuses sèches, sa formule au pH vulvo-vaginal (5.2), est composée d'ingrédients bio reconnus pour leurs vertus hydratantes et protectrices. Elle respecte, nettoie en douceur et laisse un voile protecteur non gras. Son parfum naturel apporte une sensation de fraîcheur et de confort., Aqua (water), aloe barbadensis leaf juice*, glycerin, ammonium lauryl sulfate, cocamidopropyl betaine, coco-glucoside, prunus amygdalus dulcis oil (sweet almond oil)*, butyrospermum parkii butter (shea butter)*, glyceryl oleate, tocopherol, hydrogenated palm glycerides citrate, maris aqua (sea water), vaccinium macrocarpon fruit extract (cranberry fruit extract)*, parfum (fragrance), citric acid, sodium chloride, sodium benzoate, benzyl alcohol, benzoic acid, potassium sorbate, linalool. *Ingrédients issus de l'agriculture biologique. Sans paraben. Sans EDTA. Sans BHT. Sans DMDM. Sans phénoxyéthanol. Contre les tests sur les animaux. 99,1% du total des ingrédients sont d'origine naturelle. 10% du total des ingrédients sont issus de l'agriculture biologique., 12 mois après ouverture.]|"
20,55€ / L"|"
4,11 €"
4023|Déodorant fraîcheur intime, aux ion d'argent|L'atomiseur de 125ml|[Origine : FRANCE]|"
40,00€ / L"|"
5,00 €"
4024|Gel-crème de corps & toilette intime|Le flacon de 200ml|[Origine : ROYAUME UNI, Grâce à la technologie Odor Control aux ions d'argent, qui aide à neutraliser et limiter le développement des odeurs, ce gel vous procure une fraîcheur longue durée. Sa base lavante douce et hydratante, au pH physiologique, est enrichie en acide lactique protecteur et en Calendula purifiant. Elle respecte la zone intime. Sa texture gel-crème, à la mousse fine, apporte douceur et confort. Il est délicatement parfumé et convient à tous les types de peaux, même sensibles., Hypoallergénique testé sous contrôle dermatologique et gynécologique., Aqua, sodium laureth sulfate, sodium chloride, cocamidopropyl betaine, glycol distearate, triethyl citrate, parfum, laureth 4, polyquaternium 39, sodium hydroxide, dichlorobenzyl, alcohol, glycerin, lactic acid, sodium carbonate, butylene glycol, propylene glycol, citric acid, silver citrate, 2 bromo 2 nitropropane 1,3 diol, sodium benzoate, calendula officinalis extract, lilium candidum flower extract, plumeria alba extract, methylparaben, propylparaben, sodium lactate.  Sans savon., 12 mois après ouverture.]|"
20,35€ / L"|"
4,07 €"
4025|Gel crème de toilette intime, douceur et protection|Le flacon 200 ml|[Origine : FRANCE, Douceur et protection. Sa base lavante douce et hydratante est enrichie en probiotique Fémiflore, qui aide à stimuler des défenses naturelles de la zone intime*, et en Huile de cranberry, reconnue pour ses vertus hydratante et protectrice. *usage externe uniquement., S'utilise quotidiennement comme un gel douche. Tirer délicatement sur le bouchon rose vers le haut jusqu'au cran sans l'arracher du flacon., Aqua, sodium laureth sulfate, sodium chloride, cocamidopropyl betaine, parfum, styrene/acrylates copolymer, polyquaternium-39, chlorphenesin, vaccinium macrocarpon seed oil, lactobacillus, helianthus annuus seed oil, rosmarinus officinalis extract, tetrasodium glutamate diacetate, alpha-glucan oligosaccharide, sodium hydroxide, lactic acid, glycol distearate, sodium carbonate, laureth-4, polymnia sonchifolia root juice, sodium lactate, sodium glycolate, maltodextrin, sodium benzoate, sodium lauryl sulfate, trisodium NTA, sodium formate, phenoxyethanol, methylisothiazolinone. Sans paraben. Sans colorant., 12 mois après ouverture.]|"
17,85€ / L"|"
3,57 €"
4026|Lingettes intimes rafraîchissantes et hydratantes, système capteur d'odeur|Le paquet de 10 lingettes|[Origine : FRANCE, Format pocket facile à transporter. Système capteur d'odeurs pour plus de fraîcheur. Lotion hydratante : respecte les muqueuses. Lingettes biodégradables, jetables dans les toilettes., Bien refermer la languette après utilisation. Ne pas jeter plus de 3 lingettes à la fois. Ne pas jeter dans les toilettes avec broyeur. Usage externe uniquement., Aqua, propylene glycol, PEG-6 caprylic/capric glycerides, phenoxyethanol, PEG-40 hydrogenated castor oil, methylparaben, zinc ricinoleate, parfum, laureth-3, ceteareth-25, benzalkonium chloride, butylparaben, ethylparaben, tetrahydroxypropyl ethylenediamine, propylparaben, isobutylparaben., A utiliser dans les 6 mois après ouverture.]|"
0,23€ / Pce"|"
2,26 €"
4027|Crème douche extra-douce corp et toilette intime au lait d'amande douce|La bouteille de 500ml|[Origine : ESPAGNE, Sa formule contient du lait d'amande douce connu pour ses propriétés adoucissantes. Sa base lavante douce, sans savon et sans l'alcool respecte votre corps et vos zones intimes. Grâce à son pH physiologique (5,5), la crème douche intima extra-douce préserve jour après jour l'équilibre naturel de la peau et des zones intimes. Sa texture douce et onctueuse et son parfum frais vous procurent une agréable sensation adoucissante pour un véritable moment de bien-être au féminin., Testé sous contrôle dermatologique et gynécologique. Respect du pH vulvaire. Usage externe. Ne pas avaler. Eviter le contact avec les yeux. En cas de contact avec les yeux, rincer abondamment à l'eau claire., Aqua, sodium laureth sulfate, peg-7 glyceryl cocoate, cocamidopropyl betaine, cocamide dea, sodium chloride, parfum, styrene/acrylates copolymer, polyquaternium-7, glycerin, propylene glycol, citric acid, tetrasodium edta, linalool, hexyl cinnamal, benzyl salicylate, sodium benzoate, limonene, citronellol, alpha isomethyl ionone, methylisothiazolinone, prunus amygdalus dulcis fruit extract, polyglyceryl 4 caprate, prunus amygdalus dulcis oil, iodopropynyl butylcarbamate, zea mays starch, sodiumlauryl sulfate, gluconolactone, tocopherol, xanthan gum, potassium sorbate, calcium gluconate.]|"
12,96€ / L"|"
6,48 €"
4028|Gel de toilette intime apaisant, à l'aloé vera|Le flacon de 200ml|[Origine : ESPAGNE, Spécialiste de l'hygiène intime, Intima a créé pour vous le gel de toilette intima apaisant, spécialement conçu pour adoucir et calmer les sensations d'irritation. Sa formule est hypoallergénique et contient de l'aloe vera connue pour ses propriétésapaisantes. Sa base lavante douce, sans savon, vous assure une hygiène parfaite tout en respectant la sensibilité des muqueuses qui méritent une attention particulière et un produit adapté. Sa texture délicate et son parfum doux et frais vous procurent une agréable sensation apaisante pour un véritable moment de bien-être au féminin., A Utiliser comme un gel douche. Mousse modérément pour un rinçage facile. Usage externe. Ne pas avaler., Aqua, sodium myreth sulfate, cocamide dea, aloe barbadensis extract, cocamidopropyl betaine, peg-150 distearate, boswellia serrata gum, parfum, glycerin, lactic acid, peg-7 glyceril cocoate, dipropylene glycol, sodium chloride, glutaral, propylene glycol, methylisothiazolinone, iodopropynyl butylcarbamate, disodium edta, sodium benzoate, citric acid, ascorbic acid, sodium sulfite, potassium sorbate., 12 mois après ouverture.]|"
20,35€ / L"|"
4,07 €"
4029|Gel de toilette intime extra doux, à l'extrait d'hamamélis|Le flacon de 200ml|[Origine : ESPAGNE, Sa base lavante douce sans savon vous assure une hygiène parfaite tout en respectant la sensibilité des muqueuses qui méritent une attention particulière et un produit adapté. Sa texture délicate et son parfum doux et frais vous procurent une agréable sensation adoucissante pour un véritable moment de bien-être au féminin., A Utiliser comme un gel douche. Ne pas avaler., 12 mois après ouverture.]|"
20,55€ / L"|"
4,11 €"
4030|Gel toilette intime régulateur active|Le flacon de 200ml|[Origine : FRANCE, Intima a créé pour vous le nouveau gel de toilette Intima Régulateur Active, spécialement conçu pour aider à maintenir l'équilibre de la flore intime et prévenir des désagréments au quotidien., Mousse modérément pour un rinçage facile. Utiliser comme un gel douche. Usage externe. Ne pas avaler., Aqua, sodium myreth sulfate, cocamide DEA, sodium chloride, cocamidopropyl betaine, peg-150 distearate, peg-7 glyceryl cocoate, glycerin, propylene glycol, parfum, lactic acid, butylene glycol, disodium edta, vaccinium macrocarpon fruit juice, sodiumbenzoate, methylisothiazolinone, iodopropynyl butylcarbamate, nelumbium speciosum flower extract, glutaral, potassium sorbate., 12 mois après ouverture.]|"
22,40€ / L"|"
4,48 €"
4031|Lingettes hygiène intime douceur et protection|Le paquet de 20 lingettes|[Origine : FRANCE, Spécialement conçues pour vous apporter fraîcheur et confort en toutes circonstances, les lingettes Intima ont une texture moelleuse imprégnée d'une lotion douce au ph adapté à la zone intime. Elles nettoient tout en respectant l'épiderme et les muqueuses et sont adaptées à un usage quotidien. Pratiques, elles s'emportent partouts et sont le complément idéal du gel de toilette intime. Lingettes Intima: Douceur et protection en toutes circonstances., Précautions d'emploi : pour éviter tout risque de dessèchement, refermer immédiatement et soigneusement la languette apres chaque utilisation. Pour usage externe uniquement. Ne pas utiliser sur une peau irritée. Conserver hors de portée des enfants., Aqua, Alcohol Denat, Malva Sylvestris, Chamomilla PEG-75, Polysorbate 20, Hamamelis amomilla Recutita, Mentha Piperita, Oleth-5, Chlorhexidine Digluconate, Cetrimonium Bromide, Parfum.]|"
0,17€ / Pce"|"
3,39 €"
4032|Lingettes individuelles hygiène intime, fraîcheur immédiate, douceur et protection|La boîte de 16 sachets|[Origine : FRANCE, Intima spécialiste de l'hygiène intime a créé pour vous des lingettes en sachets individuels. Chaque sachet vous garantit fraîcheur et protection chaque fois que vous le souhaitez parce qu'elles sont discrètes, vous pouvez les emporter partout où vous allez., Elles peuvent être utilisées quotidiennement.  Pour usage externe uniquement. Ne pas utiliser sur une peau irritée Conserver hors de la portée des enfants, Aqua, alcohol denat, PEG-75, polysorbate-20, hamamelis virginiana, malva silvestris, chamomilla recutita, mentha piperita, lavendula angustifolia, salvia officinalis, oleth-5, propylene glycol, chlorhexidine digluconate, cetrimonium bromide, parfum.]|"
0,22€ / Pce"|"
3,55 €"
4033|Gel de toilette intime apaisant, Aloé vera & acide lactique|Le flacon de 250ml|[Origine : FRANCE, Le gel Nivea Intimate Apaisant est spécialement formulé pour la toilette intime des muqueuses sensibles. Pour une sensation d'apaisement et de bien-être jour après jour.Le gel Nivea Intimate Apaisant aux extraits d'aloe vera apporte douceur et confort aux muqueuses sensibles ainsi qu'une protection contre les irritations. Sa formule douce à l'acide lactique préserve l'équilibre naturel de la flore intime et vous procure une sensation de propreté et de fraîcheur tout au long de la journée., Usage externe uniquement, pour la toilette quotidienne., Aqua, cocamidopropyl betaine, sodium laureth sulfate, peg-7 glyceryl cocoate, lactic acid, panthenol, aloe barbadensis leaf juice, sodium chloride, glycerin, peg-40 hydrogenated castor oil, citric acid, peg-120 methyl glucose dioleate, sodium benzoate, sodium salicylate, bht, parfum. Sans savon ni colorant, sans paraben., 12 mois après ouverture.]|"
18,20€ / L"|"
4,55 €"
4034|Lingettes fraîcheur hygiène intime|Les 20 lingettes|[Origine : FRANCE, Les lingettes Nivéa intimate fraîcheur aux extraits de camomille et à l'acide lactique sont spécialement formulées pour procurer toute la fraîcheur et le soin nécessaire à la zone intime.Pour une sensation de confort et de bien-être, à tout moment dela journée et en toute sécurité., Pour usage externe uniquement. Ne pas jeter dans les toilettes., Aqua, PEG-40 hydrogenated castor oil, lactic acid, chamomilla recutita flower extract, glycine soja oil, bisabolol, butylène glycol, phenoxyethanol, potassium sorbate, methylparaben, n-butylparaben, ethylparaben, propylparaben, isobutylparaben, limonene, parfum. Sans alcool, sans savon ni colorant., 3 mois après ouverture. Bien refermer la languette après utilisation pour conserver la fraîcheur.]|"
0,17€ / Pce"|"
3,40 €"
4035|Lingettes hygiène intime, douces et fraîches, hypoallergéniques|Le paquet de 15 lingettes|[Origine : FRANCE, Les lingettes Intime Nu Moments vous procure fraîcheur et bien-être à tout moment de la journée. Douces et agréablement parfumées elles sont imprégnées d'une solution nettoyante hypoallergénique., A utiliser sur peau saine uniquement. Tenir hors de portée des enfants. Ne pas jeter dans les toilettes., Aqua, propylene glycol, PEG-6 caprylic/capric glycerides, glycerin, PEG-40 hydrogenated castor oil, glyceryl caprylate, parfum, zinc ricinoleate, ethyl lauroyl alginate hcl, laureth-3, ceteareth-25, myristalkonium chloride, tetrahydroxypropyl ethylenediamine, lactic acid, aloe barbadensis leaf extract, sodium hydroxide., 6 mois après ouverture.]|"
0,14€ / Pce"|"
2,15 €"
4036|Changes complets, protection maximale flux très abondant, homme et femme, Medium T40-52|le paquet de 20 changes complets|[Origine : FRANCE, Un voile de surface souple et doux pour plus de confort. Une découpe ergonomique. Des ceintures élastiques à l'avant et à l'arrière pour un meilleur maintien à la taille. Un film extérieur imperméable très souple avec témoin d'humidité. Un coussin ultra absorbant pour une grande efficacité et un système de réduction des odeurs. Des doubles barrières anti-fuites., Ces changes peuvent être utilisés de jour comme de nuit  Pour éviter tout risque d'étouffement, tenir ce sachet hors de la portée des bébés et des enfants., A conserver dans un endroit propre et sec.]|"
0,61€ / Pce"|"
12,21 €"
4037|Changes complets Large, protection maximale homme femme|Le paquet de 20 changes|[Origine : FRANCE, Ces changes peuvent être utilisés de jour comme de nuit. Un voile de surface souple et doux pour plus de confort. Une découpe anatomique. Des ceintures élastiques à l'avant et à l'arrière pour un meilleur maintien à la taille. Un film extérieur imperméable très souple avec témoin d'humidité. Un coussin ultra absorbant pour une grande efficacité et un système de réduction des odeurs. Des doubles barrières anti-fuites., Déplier le change sur une chaise, les adhésifs dirigés vers l'arrière. S'asseoir au milieu du change. Rabattre la partie avant du change vers soi. Fixer les adhésifs du bas. Se lever et ajuster le change en positionnant les adhésifs du haut.  Pour éviter tout risque d'étouffement, tenir ce sachet hors de la portée des bébés et des enfants., A conserver dans un endroit propre et sec.]|"
0,61€ / Pce"|"
12,21 €"
4038|Culottes Mixtes hygiène adulte                                   Médium Taille 42-54 / 70-115 cm|Le paquet de 12 culottes|[Origine : BELGIQUE, Les culottes Monoprix ont été spécialement conçues pour satisfaire les attente des hommes et des femmes concernés par les fuites urinaires modérées à moyennes. Assurent une discrétion lors de leur utilisation. Pratiques à enfiler et à retirer, ellesgarantissent confort et sécurité tout assurant une grande aisance dans les mouvements et en laissant respirer la peau. Leur coussin ultra absorbant contient des micro-capteurs efficaces pour l'absorption et un système de réduction des odeurs. Pour plus de confort, ces culottes sont composées d'un voile de surface extérieur au touche textile non bruyant et ont une forme anatomique., Ne pas jeter dans les toilettes. 1. Enfiler la culotte Monoprix. 2. La culotte peut se retirer en arrachant les coutures latérales. 3, Enrouler la culotte usagée et la fermer grâce à l'adhésif. 4. Pour vous aider à choisir la protection la plus adaptée, vous reporter au tableau présentant notre gamme sur le côté du paquet. Pour éviter tout risque d'étouffement, tenir ce sachet hors de la portée des bébés et des enfants., A conserver dans un endroit propre et sec.]|"
0,92€ / Pce"|"
11,07 €"
4039|Culottes mixtes                                                  Large, taille 52-60/95-135 cm|Le paquet de 10|[Origine : BELGIQUE, Les culottes Monoprix ont été spécialement conçues pour satisfaire les attentes des hommes et des femmes concernés par les fuites urinaires modérées à moyennes. Ces protections qui se portent comme des sous vêtements classiques, assurent une discrétion lors de leur utilisation. Pratiques à enfiler et à retirer, elles garantissent confort et sécurité tout en assurant une grande aisance dans les mouvements et en laissant respirer la peau., Enfiler la culotte monoprix. La culotte peut se retirer en arrachant les coutures latérales. Enrouler la culotte usagée et la fermer grâce à l'adhésif. Pour vous aider à choisir la protection la plus adaptée, vous reporter au tableau présentant notregamme sur le côté du paquet. Pour éviter tout risque d'étouffement, tenir ce sachet hors de la portée des bébés et des enfants. Ne pas jeter dans les toilettes., A conserver dans un endroit propre et sec.]|"
1,11€ / Pce"|"
11,07 €"
4040|Normal, serviettes anatomiques incontinence pour fuites urinaires, protection spécifique, hygiène adulte|Le paquet de 12 serviettes|[Origine : BELGIQUE, Pochette individuelle. Découpe anatomique pour plus de discrétion. Barrière anti-fuite élastique. Voile de surface doux pour plus de confort. Bande adhésive pour un meilleur maintien de la protection sur le slip. Coussin ultra absorbant réduisant lesodeurs pour une sensation de fraîcheur tout au long de la journée. Ultra absorbante, contrôle des odeurs., Ouvrir la pochette, enlever la bande adhésive et positionner la serviette sur le slip. Utiliser la pochette vide pour jeter la protection usagée.  Pour éviter tout risque d'étouffement, tenir ce sachet hors de la portée des bébés et des enfants. Ne pas jeter dans les toilettes., A conserver dans un endroit propre et sec.]|"
0,24€ / Pce"|"
2,87 €"
4041|Super, serviettes anatomique incontinence pour fuites urinaires, hygiène adulte|Le paquet de 10|[Origine : BELGIQUE, Pochette individuelle. Découpe anatomique pour plus de discrétion. Barrière anti-fuite élastique. Voile de surface doux pour plus de confort. Bande adhésive pour un meilleur maintien de la protection sur le slip. Coussin ultra absorbant réduisant lesodeurs pour une sensation de fraîcheur tout au long de la journée., Ouvrir la pochette, enlever la bande adhésive et positionner la serviette sur le slip. Utiliser la pochette vide pour jeter la protection usagée.  Pour éviter tout risque d'étouffement, tenir ce sachet hors de la portée des bébés et des enfants., A conserver dans un endroit propre et sec.]|"
0,29€ / Pce"|"
2,87 €"
4042|Super plus, serviettes anatomiques incontinence pour fuites urinaires, protection spécifique, hygiène adulte|Le paquet de 16 serviettes|[Origine : BELGIQUE, Pochette individuelle. Découpe anatomique pour plus de discrétion. Barrière anti-fuite élastique. Voile de surface doux pour plus de confort. Bande adhésive pour un meilleur maintien de la protection sur le slip. Coussin ultra absorbant réduisant lesodeurs pour une sensation de fraîcheur tout au long de la journée. Ultra absorbante, contrôle des odeurs., Ouvrir la pochette, enlever la bande adhésive et positionner la serviette sur le slip. Utiliser la pochette vide pour jeter la protection usagée.  Pour éviter tout risque d'étouffement, tenir ce sachet hors de la portée des bébés et des enfants. Ne pas jeter dans les toilettes., A conserver dans un endroit propre et sec.]|"
0,36€ / Pce"|"
5,72 €"
4043|20 tena changes complets large T 50-62|Le paquet de 20 changes|[Origine : PAYS-BAS]|"
0,80€ / Pce"|"
15,95 €"
4044|Culotte large plus (100-135 cm)|le paquet de 8 culottes|[Origine : PAYS-BAS, Le système exclusif ConfioFit rend le coussin absorbant encore plus fin, vous assurant une plus grande discrétion. Restez actif(ve) et sûr(e) de vous en toute sécurité., Ne pas jeter dans les toilettes.]|"
1,71€ / Pce"|"
13,69 €"
4045|Culotte medium plus ( 80-110 cm)|Le paquet de 9 culottes|[Origine : PAYS-BAS, Le système exclusif ConfioFit rend le coussin absorbant encore plus fin, vous assurant une plus grande discrétion. Restez actif(ve) et sûr(e) de vous en toute sécurité., Ne pas jeter dans les toilettes.]|"
1,48€ / Pce"|"
13,28 €"
4046|Protections extra plus pour fuites urinaires|Paquet de 16 protections|[Origine : COMM. ECON EUROPEENN, Cette serviette douce et confortable, extra longue pour plus de sécurité, offre une absorption rapide et efficace. Elle vous procure une parfaite sensation de protection. Système spécial qui neutralise les odeurs. Zone d'absorption renforcée. Douceursoyeuse. Coussin d'absorption rapide., Elle est idéale pour les fuites urinaires modérées. Ne pas jeter dans les toilettes.]|"
0,51€ / Pce"|"
8,19 €"
4047|Protections extra pour fuites urinaires|Le paquet de 10|[Origine : PAYS-BAS, Système spécial qui neutralise les odeurs pour plus de fraîcheur. Zone d'absorption. Coussin d'absorption rapide. Douceur soyeuse. Vous offrant un sentiment ultime de protection, cette serviette douce et confortable, avec son coussin d'absorption rapide et son système spécial qui neutralise les odeurs, est idéale pour les fuites urinaires modérées., Ne pas jeter dans les toilettes.]|"
0,47€ / Pce"|"
4,73 €"
4048|Protections extra pour fuites urinaires|Paquet de 20 protections|[Origine : COMM. ECON EUROPEENN, Fresh Odeur Control : système spécial qui neutralise les odeurs pour plus de fraîcheur. Vous offrant un sentiment ultime de protection, cette serviette douce et confortable, avec son coussin d'absorption rapide et son système spécial qui neutralise les odeurs, est idéale pour les fuites urinaires modérées.]|"
0,43€ / Pce"|"
8,50 €"
4049|Protections maxi pour fuites urinaires|Paquet de 12 protections|[Origine : FRANCE, Cette serviette soyeuse s'ajuste parfaitement à votre corps, elle est le choix idéal pour les fuites urinaires modérées. De forme anatomique, cette serviette douce et confortable bénéficie de la technologie InstaDRY, qui permet d'absorber instantanément et de bloquer le liquide au coeur de la protection, loin de votre peau, pour une protection optimale. Fresh Odeur Control : système spécial qui neutralise les odeurs pour plus de fraîcheur.]|"
0,89€ / Pce"|"
8,85 €"
4050|Protections normal pour fuites urinaires|Le paquet de 24|[Origine : COMM. ECON EUROPEENN, Conçue spécialement pour une protection discrète au quotidien, cette serviette douce et confortable est beaucoup plus absorbante qu'une serviette hygiénique classique. Avec son coussin d'absorption rapide et son système spécial qui neutralise les odeurs, elle est le choix idéal pour les fuites urinaires légères à modérées. Fresh Odeur Control : système spécial qui neutralise les odeurs pour plus de fraîcheur.]|"
0,35€ / Pce"|"
8,50 €"
4051|Protège-slip ultra mini|Le paquet de 28|[Origine : PAYS-BAS, Ce protège slip doux et confortable est aussi discret qu'un protège slip classique et beaucoup plus absorbant. Grâce à sa forme anatomique, son absorption renforcée et rapide qui laisse la peau sèche, ainsi que son système spécial qui neutralise lesodeurs, c'est le choix idéal pour les fuites urinaires très légères.]|"
0,13€ / Pce"|"
3,59 €"
4052|Serviettes mini|Le paquet de 20 serviettes|[Origine : PAYS-BAS, Conçue spécialement pour une protection discrète quotidienne, cette serviette, douce et confortable est beaucoup plus absorbante qu'une serviette hygiénique classique. Grâce à son coussin d'absorption rapide et son système spécial qui neutralise lesodeurs, cette serviette mini est le choix idéal pour les fuites urinaires légères.]|"
0,24€ / Pce"|"
4,73 €"
4053|Serviettes mini night|Le paquet de 16 serviettes|[Origine : FRANCE, La nouvelle protection Tena Lady Mini Night a été spécialement conçue pourune sécurité longue durée et un maintien parfait tout au long de la nuit, même en bougeant. Son système Odour Control neutralise le développement des odeurs. Avec Tena Lady Mini Night, vous pouvez dormir tranquille!, Ne pas jeter dans les toilettes]|"
0,29€ / Pce"|"
4,66 €"
4054|Serviettes normal|Le paquet de 12|[Origine : PAYS-BAS, Conçue spécialement pour une protection discrète au quotidien, cette serviette douce et confortable est beaucoup plus absorbante qu'une serviette hygiénique classique. Avec son coussin d'absorption rapide et son système spécial qui neutralise les odeurs, elle est le choix idéal pour les fuites urinaires légères à modérées., Ouate de cellulose.]|"
0,39€ / Pce"|"
4,73 €"
4055|Serviettes pour fuites urinaires masculines, odeur control|Les 10 serviettes|[Origine : FRANCE, Solution discrète et efficace pour les fuites urinaires masculines., Ne pas jeter dans les toilettes]|"
0,46€ / Pce"|"
5,55 €"
4056|Sous-vêtement pour fuites urinaires normales, medium, Taille 38- 46|Le paquet de 12|[Origine : FRANCE, La protection féminine imprimée aussi discrète que votre sous-vêtement habituel. Conçue pour offrir, aux femmes actives, confort et sécurité. Pour les fuites urinaires modérées. Serviette super absorbante intégrée dans un sous-vêtement respirable 'douceur coton'. Forme parfaitement ajustée à votre silhouette, invisible sous vos vêtements. Fresh Odeur Control : système unique qui neutralise efficacement les odeurs pour une sensation de fraîcheur longue durée. Imprimé très féminin., Taille 38-46 / 75-100 cm.]|"
1,04€ / Pce"|"
12,51 €"
4057|Sous vêtements pour fuites urinaires normales, larges, Taille 46-56|Le paquet de 10|[Origine : FRANCE, La protection féminine imprimée aussi discrète que votre sous-vêtement habituel. Conçue pour offrir, aux femmes actives, confort et sécurité. Pour les fuites urinaires modérées. Serviette super absorbante intégrée dans un sous-vêtement respirable 'douceur coton'. Forme parfaitement ajustée à votre silhouette, invisible sous vos vêtements. Fresh Odeur Control : système unique qui neutralise efficacement les odeurs pour une sensation de fraîcheur longue durée. Imprimé très féminin., Taille 46-56 / 95-125 cm.]|"
1,33€ / Pce"|"
13,28 €"
4058|Protège-slips pour fuites urinaires|Le paquet de 24|[Origine : ALLEMAGNE, Double zone d'absorption unique. Aide à contenir les odeurs et l'humidité. Absorbe 2x plus qu'un protège-slip Always classique. Fin 2,0 mm d'épaisseur. Fin, flexible et discret., Ne pas jeter dans les toilettes.]|"
0,17€ / Pce"|"
4,01 €"
4059|Serviettes pour fuites urinaires, Long Plus|Le paquet de 16|[Origine : ALLEMAGNE, Système OdourLock exclusif. Neutralise les odeurs instantanément et en continu. Légèrement parfumé. Double Zone d'absorption unique. Aide à contenir les odeurs et l'humidité. Pochettes individuelles et refermables, jetables en toute discrétion. Barrières anti-fuites extra longues. Fine, flexible et discrète.]||"
9,05 €"
4060|Serviettes pour fuites urinaires, Maxi Night|Le paquet de 12|[Origine : ALLEMAGNE, Double Zone d'absorption unique. Aide à contenir les odeurs et l'humidité. Fine, flexible et discrète. Barrières anti-fuites extra longues. Pochettes individuelles et refermables, jetables en toute discrétion. Neutralise les odeurs. Légèrement parfumé.]||"
9,57 €"
4061|Serviettes pour fuites urinaires, Normal|Le paquet de 12|[Origine : ALLEMAGNE, Neutralise les odeurs. Légèrement parfumé. Testé dermatologiquement. Absorbe fuites et odeurs en quelques secondes.]||"
4,89 €"
4062|Serviettes pour fuites urinaires, Small|Le paquet de 20|[Origine : ALLEMAGNE, Double zone d'absorption unique. Aide à contenir les odeurs et l'humidité. Fine, flexible et discrète. Pochettes individuelles et refermables, jetables en toute discrétion. Absorbe fuites et odeurs en quelques secondes.]||"
4,83 €"
4063|Sous-Vêtements pour fuites urinaires, Taille Large|Le paquet de 8|[Origine : ALLEMAGNE, Système OdourLock exclusif. Neutralise les odeurs instantanément et en continu. Sous-vêtement doux comme du coton. Neutralise les odeurs. Légèrement parfumé. Fine triple zone de protection. Aide à capter, absorber et retenir l'humidité et les odeurs.Doubles barrières anti-fuites. Lignes violettes dans le dos.]||"
14,41 €"
4064|Sous-vêtements pour fuites urinaires, Taille M|Le paquet de 9|[Origine : ALLEMAGNE, Système OdourLock exclusif. Neutralise les odeurs instantanément et en continu. Sous-vêtement doux comme du coton. Neutralise les odeurs. Légèrement parfumé. Fine triple zone de protection. Aide à capter, absorber et retenir l'humidité et les odeurs.Doubles barrières anti-fuites. Lignes violettes dans le dos.]||"
14,41 €"
4065|Lames de rasoirs tête universelle, tête fixe ou pivotante, double lames, à l'extrait d'aloé vera|Le bliser de 10 lames|[Origine : ISRAEL, Leur plaquette lubrifiante, enrichie en extrait d'aloe véra, vous apporte douceur et confort. Votre peau reste nette., Les recharges doubles lames, pour tête fixe et/ou pivotante, s'adaptent sur les manches Gillette GII et GII+ ainsi que sur les manches Gillette Contour et Contour+. Mouillez votre visage à l'eau tiède. Appliquez une mousse ou un gel pour faciliter laglisse du rasoir. Rincer régulièrement les lames sous l'eau courante sans jamais les essuyer. Pour plus de sécurité, repositionner le capot de protection sur les lames après utilisation. Ne pas laisser à la portée des enfants. Ne jamais toucher ou essayer les lames., Peg-7m, polystyrene, peg-115m, aloe barbadensis leaf extract, paraffinum liquidum, tocopheryl acétate, CI 77891.]|"
0,27€ / Pce"|"
2,67 €"
4066|Rasoirs jetables, avec manche grip, avec bande lubrifiante àl'extrait d'aloe vera, double lames|Le paquet de 20 rasoirs|[Origine : REPUBLI.TCHEQUE, Grâce à sa tête pivotante, le rasoir Monoprix 2 lames s'adapte parfaitement aux contours de votre visage et assure un rasage efficace. Son manche grip antidérapant permet une bonne prise en main pour un meilleur contrôle. Sa bande enrichie en extraitd'aloe vera et en vitamine E* limite les risques d'irritation. *Dérivé de vitamine E., Adapté aux peaux sensibles. Testé sous contrôle dermatologique. Mouillez votre visage à l'eau tiède. Appliquez une mousse ou un gel pour faciliter la glisse du rasoir. Rincer régulièrement les lames sous l'eau courante sans jamais les essuyer. Pour plus de sécurité, repositionner le capot de protection sur les lames après utilisation. Ne pas laisser à la portée des enfants. Ne jamais toucher ou essayer les lames., PEG-7M, PEG-115M, polystyrene, tocopheryl acetate, aloe barbadensis leaf extract, paraffinum liquidum, Cl 74160, Cl 77891, Cl 77266, Cl 74260.]|"
0,22€ / Pce"|"
4,48 €"
4067|Rasoirs jetables, avec tête pivotante, avec bande lubrifiante, avec manche grip, triple lames|Le paquet de 10 rasoirs|[Origine : COREE DU SUD, Grâce à sa tête pivotante le rasoir Monoprix 3 lames s'adapte parfaitement aux contours du visage et assure un rasage de près plus efficace. Son manche grip anti-dérapant permet une bonne prise en main pour un meilleur contrôle. Sa bande lubrifianteenrichie en extrait de thé vert vous procure douceur et confort., Ne pas laisser à la portée des enfants. Ne jamais toucher ni essuyer les lames., Polystyrène, PEG-100, PEG- 7M, CI 74160, CI 51319, camellia sinensis extract.]|"
0,49€ / Pce"|"
4,88 €"
4068|Rasoirs jetables, avec tête pivotante, avec bande lubrifiante, triple lames|Le paquet de 4 rasoirs|[Origine : COREE DU SUD, Grâce à sa tête pivotante le rasoir Monoprix 3 lames s'adapte parfaitement aux contours du visage et assure un rasage de près plus efficace. Son manche grip anti-dérapant permet une bonne prise en main pour un meilleur contrôle. Sa bande lubrifianteenrichie en extrait de thé vert vous procure douceur et confort., Ne pas laisser à la portée des enfants. Ne jamais toucher ni essuyer les lames., Polystyrene, PEG-100, PEG-7M, Cl74160, Cl51319, camellia sinensis extract.]|"
0,80€ / Pce"|"
3,19 €"
4069|Rasoirs jetables, tête fixe, 2 lames, à l'extrait d'aloé verra|Le paquet de 10 rasoirs|[Origine : REPUBLI.TCHEQUE, Le rasoir Monoprix 2 lames tête fixe vous assure un rasage de près et efficace. Sa bande lubrifiante enrichie en extrait d'aloe vera et en vitamine E* limite les risques d'irritation. *Dérivé de vitamine E., Adapté aux peaux sensibles. Testé sous contrôle dermatologique. Mouillez votre visage à l'eau tiède. Appliquez une mousse ou un gel pour faciliter la glisse du rasoir. Rincer régulièrement les lames sous l'eau courante sans jamais les essuyer. Pour plus de sécurité, repositionner le capot de protection sur les lames après utilisation. Ne pas laisser à la portée des enfants. Ne jamais toucher ou essayer les lames., PEG-7M, PEG-115M, polystyrene, tocopheryl acetate, aloe barbadensis leaf extract, paraffinum liquidum, Cl 74160, Cl 77891.]|"
0,18€ / Pce"|"
1,80 €"
4070|Rasoirs jetables, tête pivotante, doubles lames|Le paquet de 10 rasoirs|[Origine : REPUBLI.TCHEQUE, Grâce à sa tête pivotante, le rasoir Monoprix 2 lames s'adapte parfaitement aux contours de votre visage et assure un rasage efficace. Son manche grip antidérapant permet une bonne prise en main pour un meilleur contrôle. Sa bande enrichie en extraitd'aloe vera et en vitamine E* limite les risques d'irritation. *Dérivé de vitamine E., Adapté aux peaux sensibles. Testé sous contrôle dermatologique. Mouillez votre visage à l'eau tiède. Appliquez une mousse ou un gel pour faciliter la glisse du rasoir. Rincer régulièrement les lames sous l'eau courante sans jamais les essuyer. Pour plus de sécurité, repositionner le capot de protection sur les lames après utilisation. Ne pas laisser à la portée des enfants. Ne jamais toucher ou essayer les lames., PEG-7M, PEG-115M, polystyrene, tocopheryl acetate, aloe barbadensis leaf extract, paraffinum liquidum, Cl 74160, Cl 77891, Cl 77266, Cl 74260.]|"
0,25€ / Pce"|"
2,54 €"
4071|2, rasoirs jetables 2 lames, vitamins + aloe|Le blister de 10 rasoirs|[Origine : FRANCE, Testé Dermatologiquement., PEC-115M, tocopherol, retinyl palmitate, aloe barbadensis, BHT.]|"
0,44€ / Pce"|"
4,37 €"
4072|3, rasoirs jetables 3 lames, aloe & vitamin E|Le blister de 8 rasoirs|[Origine : FRANCE, PEG-115M, tocopherol, polysorbate 20, aloe barbadensis, BHT.]|"
0,64€ / Pce"|"
5,14 €"
4073|Rasoir masculin jetable sensitive|Le paquet de 14 rasoirs|[Origine : GRECE, Lames améliorées pour un rasage plus doux (vs précédentes lames)]|"
0,35€ / Pce"|"
4,89 €"
4074|Rasoirs jetables 4 lames|Le paquet de 4 rasoirs|[Origine : FRANCE, Réduit les irritations et offre un rasage précis et ultra doux., PEG-115M, tocophérol, polysorbate 20, aloe barbadensis, BHT.]|"
1,92€ / Pce"|"
5,76 €"
4075|Rasoirs jetables barre métal, barbes difficiles|Les 5 rasoirs|[Origine : FRANCE, Pour les barbes difficiles, la barre métal protège la peau et tire le poil avant de le couper.]|"
0,35€ / Pce"|"
1,74 €"
4076|Rasoirs jetables homme|La paquet de 15 rasoirs|[Origine : FRANCE]|"
0,20€ / Pce"|"
2,98 €"
4077|Rasoirs jetables triples lames|Le paquet de 12 rasoirs|[Origine : FRANCE, Rasoirs Bic 3 lames à l'aloe et vitamine E., PEG-115M, tocopherol, polysorbate 20, aloe barbadensis, BHT.]|"
0,58€ / Pce"|"
6,95 €"
4078|Rasoirs masculin Flex o3 Control                                 Lanolin & Vitamine E|Le sachet de 6|[Origine : GRECE, Moins d'irritations grâce à trois lames mobiles indépendantes., Peg-115m, tocopherol, polysorbate 20, lanolin, bht, aloe barbadensis.]|"
1,03€ / Pce"|"
6,17 €"
4079|Rasoirs masculins|La pochette de 4 rasoirs|[Origine : GRECE, Quatre lames mobiles indépendantes pour un rasage de plus près et plus en douceur.]|"
1,39€ / Pce"|"
5,55 €"
4080|Sensitive 2, rasoirs jetables|Le paquet de 10 rasoirs|[Origine : FRANCE]|"
0,40€ / Pce"|"
3,97 €"
4081|Bleue extra, lames de rasoir|Le paquet de 10 lames|[Origine : FRANCE]|"
0,22€ / Pce"|"
2,15 €"
4082|ContourPlus, lames de rasoir avec lubrastrip|le paquet de 10 lames|[Origine : FRANCE, Lubrastrip., PEG-115M, PEG-7M, PEG-100, BHT.]|"
1,06€ / Pce"|"
10,60 €"
4083|Lames de rasoir|La boîte de 8 lames|[Origine : ALLEMAGNE, Les lames sont équipées de la  Technologie Surface de rasage à 5 lames resserrées pour aider à réduire la pression et garantir un confort exceptionnel.]|"
4,37€ / Pce"|"
34,97 €"
4084|Lames de rasoirs|La boîte de 4 lames|[Origine : ALLEMAGNE, Un confort incroyable même si vous vous rasez tous les jours. De meilleures lames plus fines pour moins d'à-coups et de tiraillements. Un micro-peigne qui aide à guider le poil vers la lame. Les 5 lames possèdent le revêtement le plus avancé de Gillette. + 1 lame de précision lame de précision repensée pour vous aider à dessiner votre barbe. Gillette la perfection au masculin., Les recharges Fusion peuvent s'utiliser avec tous les rasoirs Fusion., Peg-115m, peg-7m, peg-100, silica, tocopheryl acetate, pentaerythrityl tetra-di-t-butyl hydroxyhydrocinnamate, tris (di-t-butyl) phosphite, aloe barbadensis leaf juice, bht, vitis vinifera (grape) seed oil, persea gratissima (avocado) oil, ethylene glycol.]|"
5,02€ / Pce"|"
20,09 €"
4085|Lames de rasoirs|La boîte de 5 lames|[Origine : ALLEMAGNE]|"
3,00€ / Pce"|"
14,99 €"
4086|Lames de rasoirs|Le paquet de 12|[Origine : ALLEMAGNE]|"
2,30€ / Pce"|"
27,60 €"
4087|Lames de rasoirs|Le paquet de 8 lames|[Origine : FRANCE, Gillette® Sensor 3 avec 3 lames montées sur ressort                       Les lames Gillette® Sensor  sont ajustées aux moindres détails de votre peau pour un rasage de près et un confort absolu.                           Des lamelles souples protectrices aident à protéger la peau des coupures et écorchures.                                                             Manche anti-dérapant unique en élastomère pour une  prise en main idéale et un contrôle total., S'adapte à tous les rasoirs Sensor., PEG-115M, PEG-7M, PEG-100, tocopheryl acetate, BHT, aloe barbadensis.]|"
1,80€ / Pce"|"
14,36 €"
4088|Lames de rasoirs avec lamelles protectrices souples et lames montées individuellement sur ressort|Le blister de 10 lames|[Origine : FRANCE, Des lamelles protectrices souples et deux lames montées individuellement sur ressorts pour le plus précis et le plus confortable des rasages Sensor à 2 lames.Pour un rasage plus confortable avec Sensor, essayez Gillette Sensor 3, système de rasage à3 lames., Toutes les lames Sensor s'adaptent à tous les rasoirs Sensor., PEG-115M, PEG-7M, PEG-100, BHT.]|"
1,42€ / Pce"|"
14,19 €"
4089|Lames rasoir|Le paquet de 10 lames|[Origine : FRANCE]|"
1,02€ / Pce"|"
10,19 €"
4090|Lames rasoir|Le paquet de 5|[Origine : ALLEMAGNE]|"
3,53€ / Pce"|"
17,66 €"
4091|Lames rasoir|Le paquet de 8|[Origine : ALLEMAGNE]|"
3,50€ / Pce"|"
27,96 €"
4092|Lames rasoir|Le paquet de 8|[Origine : ALLEMAGNE]|"
4,84€ / Pce"|"
38,68 €"
4093|Lames rasoir Sensitive|Le paquet de 8|[Origine : ALLEMAGNE]|"
3,78€ / Pce"|"
30,27 €"
4094|Lames rasoirs Turbo|Le paquet de 12|[Origine : ALLEMAGNE]|"
2,74€ / Pce"|"
32,86 €"
4095|Lames rasoir Turbo|Le paquet de 8|[Origine : ALLEMAGNE]|"
2,70€ / Pce"|"
21,58 €"
4096|Rasoir|Le blister 1 rasoir|[Origine : POLOGNE, Un rasage de plus près, jusqu'à 100% sans rougeurs. Gillette la perfection au masculin., Toutes les lames Mach 3 peuvent s'utiliser avec tous les rasoirs Mach 3., Peg-115m, peg-7m, peg-100, silica, pentaerythrityl tetra-di-t-butyl hydroxyhydrocinnamate, tocopheryl acetate, tris (di-t-butyl) phosphite, bht, ethylene glycol.]|"
7,52€ / Pce"|"
7,52 €"
4097|Rasoir 3 lames|Le paquet de 3 lames|[Origine : FRANCE, Le nouveau rasoir jetable Gillette Blue3 vous procure un rasage confortable et une glisse incroyable avec 3 lames de précision Gillette, une plaquette lubrifiante et une tête pivotante., PEG-115M,PEG-7M, PEG-100, BHT, TOCOPHERYL ACETATE, ALEO BARBADENSIS]|"
1,18€ / Pce"|"
9,42 €"
4098|Rasoir power peaux sensibles|Le blister 1 rasoir|[Origine : FRANCE]|"
9,73€ / Pce"|"
9,73 €"
4099|Rasoirs|Les 2 rasoirs|[Origine : FRANCE]|"
1,88€ / Pce"|"
5,65 €"
4100|Rasoirs jetables, manche ultragrip, plaquette lubrifiante, sachet refermable|Le paquet de 20 rasoirs|[Origine : FRANCE, Manche antidérapant ultragrip pour un meilleur contrôle. Plaquette lubrifiante enrichie à la vitamine E et à l'aloès., PEG-115M, PEG-7M, PEG-100, BHT, aloe barbadensis, tocopheryl acetate.]|"
0,83€ / Pce"|"
8,31 €"
4101|Rasoirs jetables 3 lames|Le paquet de 12 lames|[Origine : FRANCE, Le rasoir Gillette Blue 3 vous procure un rasage confortable et une glisse incroyable avec 3 lames de précision Gillette, une plaquette lubrifiante et une tête pivotante., PEG-115M, PEG-7M, PEG-100, BHT, tocopheryl acetate, aloe barbadensis.]|"
1,05€ / Pce"|"
12,56 €"
4102|Rasoirs jetables 3 lames, plaquettes avec aloe|Le paquet de 8 + 4 gratuits|[Origine : FRANCE, Tête pivotante avec 3 lames Sensor montées sur ressort pour un rasage de près et confortable. Lames souples protectrices. Plaquette lubrifiante à l'aloe. Une plaquette lubrifiante Indicator pour un rasage optimal. La décoloration de la plaquette indique une baisse de performance du rasoir. Manche antidérapant en élastomère pour une prise en main idéale., PEG-115M, PEG-7M, PEG-100, tocopheryl acetate, BHT, aloe barbadensis.]|"
1,12€ / Pce"|"
13,38 €"
4103|Rasoirs jetables Blue3 TM, 3 lames de précision, tête pivotante|Le sachet de 6|[Origine : FRANCE, Le rasoir jetable Gillette Blue3 vous procure un rasage confortable et une glisse incroyable avec 3 lames de précision, une plaquette lubrifiante et une tête pivotante., Peg-115m, peg-7m, peg-100, bht, tocopheryl acetate, aloe barbadensis.]|"
1,18€ / Pce"|"
7,10 €"
4104|Rasoirs jetables doubles lames|Le paquet de 12 lames|[Origine : FRANCE, Doubles-lames Confort de Gillette®, Doubles-lames Confort de Gillette®    La qualité Gillette à prix doux.]|"
0,42€ / Pce"|"
5,04 €"
4105|Brosse à barbe 100% soie|La boîte|[Origine : FRANCE]|"
6,79€ / Pce"|"
6,79 €"
4106|Gel de rasage hydratant à l'aloé vera, peaux sensibles|La bombe de 200ml|[Origine : FRANCE, Le Gel de rasage Monoprix est spécialement formulé pour les peaux sensibles. Sa formule enrichie en agent hydratant laissera votre peau douce et souple après le rasage. Sa texture gel se transforme en une mousse onctueuse dès l'application sur la peau, pour un rasage précis et confortable. Enrichi en aloe vera, le gel minimise les risques d'irritation et laisse votre peau douce., Sur un visage préalablement mouillé à l'eau tiède, appliquez une noix de gel sur vos doigts. Etalez sur votre peau tout en massant de manière à obtenir une mousse onctueuse. Rasez, puis rincez à l'eau claire. Récipient sous pression. Ne pas percer oubrûler, même après usage. Ne pas vaporiser vers une flamme ou un corps incandescent. Utiliser et conserver à l'écart de toute flamme ou source d'ignition et d'étincelles, source de chaleur, appareil électrique en fonctionnement. Ne pas fumer pendantl'utilisation. Conserver hors de la portée des enfants. Conserver le récipient dans un endroit bien ventilé. Procéder par de brèves pulvérisations sans pulvérisation prolongée. Eviter de vaporiser vers les yeux ou sur une peau irritée. Ne pas utiliser pour un usage autre que celui pour lequel le produit est destiné. Contient 4% en masse de composants inflammables., Aqua, palmitic acid, triethanolamine, oleth-20, isopentane, sorbitol, laureth-23, aloe barbadensis leaf juice, cocamide mipa, parfum, isobutane, hydrogenated polyisobutene, hydroxyethylcellulose, tocopheryl acetate, bisabolol, dimethicone, phenoxyethanol, Cl 42051., A protéger contre les rayons solaires et à ne pas exposer à une température supérieure à 50°C.]|"
11,95€ / L"|"
2,39 €"
4107|Hydratant, gel de rasage à l'aloe vera, peaux sensibles|L'aérosol de 75ml|[Origine : FRANCE, Gel de rasage homme, peaux sensibles., Récipient sous pression. Ne pas percer ou brûler, même après usage. Ne pas vaporiser vers une flamme ou un corps incandescent. Utiliser et conserver à l'écart de toute flamme ou source d'ignition et d'étincelles, source de chaleur, appareil électrique en fonctionnement. Ne pas fumer pendant l'utilisation. Conserver hors de la portée des enfants. Utiliser le récipient dans un endroit bien ventilé. Procéder par de brèves pulvérisations sans pulvérisation prolongée. Eviter de vaporiser vers les yeux ou sur une peau irritée. Ne pas utiliser pour un usage autre que celui pour lequel le produit est destiné. Contient 4% en masse de composants inflammables., Aqua, palmitic acid, triethanolamine, oleth-20, isopentane, sorbitol, laureth-23, aloe barbadensis leaf juice, cocamide mipa, parfum, isobutane, hydrogenated polyisobutene, hydroxyethylcellulose, tocopheryl acetate, bisabolol, dimethicone, phenoxyethanol, Cl 42051., A protéger contre les rayons solaires et à ne pas exposer à une température supérieure à 50°C.]|"
24,53€ / L"|"
1,84 €"
4108|Mousse à raser, peaux sensible protection à l'aloe vera|L'aérosol de 100ml|[Origine : FRANCE, Prévient les irritations. Rasage haute précision à l'aloe véra., Bien agiter avant utilisation. Mouillez votre visage à l'eau tiède. Appuyez sur le diffuseur en le maintenant droit pour recueillir la mousse. Etalez sur votre visage, rasez, puis rincez à l'eau claire. Récipient sous pression. Ne pas percer ou brûler même après usage. Ne pas vaporiser vers une flamme ou un corps incandescent. Utiliser et conserver à l'écart de toute flamme ou source d'étincelles, source de chaleur, appareil électrique en fonctionnement. Ne pas fumer. Conserver hors de la portéedes enfants. Utiliser et conserver le récipient dans un endroit bien ventilé. Ne pas vaporiser vers les yeux ou sur une peau irritée et d'inhaler intentionnellement. Ne pas utiliser pour un usage autre que celui pour lequel le produit est destiné. Contient 4% en masse de composants inflammables., Aqua, glycerin, triethanolamine, stearic acid, palmitic acid, butane, laureth-23, propane, ceteareth-20, aloe barbadensis leaf juice, parfum, allantoin, phenoxyethanol, polyquaternium-7, sodium benzoate, tocopherol acetate, dimethicone., A protéger des rayons solaires et à ne pas exposer à une température supérieure à 50°C.]|"
11,40€ / L"|"
1,14 €"
4109|Mousse à raser à l'aloé vera, peaux sensibles protection|La bombe de 250ml|[Origine : FRANCE, La mousse à raser Monoprix Peaux Sensibles protège votre peau du feu du rasoir et permet une glisse optimale du rasoir. Sa texture onctueuse, enrichie en extrait d'aloe vera, en allantoïne et en vitamine E, vous apportera protection et confort en limitant les risques d'irritations et en vous laissant la peau douce., Récipient sous pression. Ne pas percer ou brûler, même après usage. Ne pas vaporiser vers une flamme ou un corps incandescent. Utiliser et conserver à l'écart de toute flamme ou source d'ignition et d'étincelles, source de chaleur, appareil électrique en fonctionnement. Ne pas fumer pendant l'utilisation. Conserver hors de la portée des enfants. Utiliser et conserver le récipient dans un endroit bien ventilé. Ne pas vaporiser vers les yeux ou sur une peau irritée, et inhaler intentionnellement.Ne pas utiliser pour un usage autre que celui pour lequel le produit est destiné. Contient 4% en masse de composants inflammables., Aqua, glycerin, triethanolamine, stearic acid, palmitic acid, butane, laureth-23, propane, ceteareth-20, aloe barbadensis leaf juice, parfum, allantoin, phenoxyethanol, polyquaternium-7, sodium benzoate, tocopheryl acetate, dimethicone., A protéger contre les rayons solaires et à ne pas exposer à une température supérieure à 50°C.]|"
7,16€ / L"|"
1,79 €"
4110|Gel à raser, soin revitalisant, beurre de cacao|La bombe de 200ml|[Origine : FRANCE, Ne pas donner aux enfants de moins de 3 ans. Contient un jouet. La surveillance d'un adulte est recommandée, les petites pièces pourraient être avalées ou inhalées., A conserver au sec et à l'abri de la chaleur.]|"
18,30€ / L"|"
3,66 €"
4111|Gel à raser haute protection à l'huile d'amande douce|La bombe de 200ml|[Origine : FRANCE, Pour un rasage sûr et tout en douceur, Gillette a conçu une formule soin enrichie en huile d'amande douce. Un rasage incroyablement confortable.Trois types de lubrifiants amplifient la glisse du rasoir pour aider la formule Triple Protection à protéger votre peau contre les coupures, les rougeurs et les tiraillements. Résultat : un rasage incroyablement confortable., Récipient sous pression. Ne pas percer ou brûler même après usage. Conserver hors de la portée des enfants. L'abus de solvant peut amener à une mort instantanée., Aqua, palmitic acid, triethanolamine, isopentane, glyceryl oleate, stearic acid, isobutane, sorbitol, parfum, hydroxyethylcellulose, PTFE, benzyl salicylate, limonene, PEG-90M, PEG-23M, propylene glycol, glyceryl, linalool, sodium nitrate, prunus amygdalus dulcis oil, hexyl cinnamal, glyoxal, silica, polysorbate 60, Cl42090, disodium phosphate, BHT. Contient 5,10% en masse de composants inflammables., A protéger contre les rayons solaires et à ne pas exposer à une température supérieure à 50°C.]|"
23,10€ / L"|"
4,62 €"
4112|Gel à raser peaux sensibles|La bombe de 200ml|[Origine : FRANCE, Gillette Gel est légèrement parfumé pour les peaux sensibles., L'abus de solvant peut amener à une mort instantanée. Récipient sous pression. Ne pas percer ou brûler même après usage. Conserver hors de la portée des enfants., Aqua, palmitic acid, triethanolamine, isopentane, glyceryl oleate, stearic acid, isobutane, sorbitol, hydroxyethylcellulose, parfum, PEG-90M, glycerin, linalool, propylene glycol, sodium nitrate, butylphenyl methylpropional, glyoxal, silica, polysorbate 60, disodium phosphate,Cl45350, Cl42090. Contient 5,10% en masse de composants inflammables., A protéger contre les rayons solaires et à ne pas exposer à une température supérieure à 50°C.]|"
16,95€ / L"|"
3,39 €"
4113|Gel à raser peaux sensibles|La bombe de 75ml|[Origine : FRANCE, Gillette Series Gel est légèrement parfumé pour les peaux sensibles., Récipient sous pression. Ne pas percer ou brûler même après usage. Conserver hors de la portée des enfants. L'abus de solvant peut amener à une mort instantanée., Aqua, palmitic acid, triethanolamine, isopentane, glyceryl oleate, stearic acid, isobutane, sorbitol, parfum, hydroxyethylcellulose, PTFE, benzyl salicylate, PEG-90M, limonene, PEG-23M, propylene glycol, glyceryl, linalool, sodium nitrate, glyoxal, aloe barbadensis leaf juice, silica, polysorbate 60, Cl42090, disodium phosphate, BHT. Contient 9% en masse de composants inflammables., A protéger contre les rayons solaires et à ne pas exposer à une température supérieure à 50°C.]|"
47,33€ / L"|"
3,55 €"
4114|Gel à raser peaux sensibles, aloe vera|La bombe de 200ml|[Origine : FRANCE, Pour un rasage tout en douceur, Gillette a conçu une formule pour les peaux sensibles, légèrement parfumée et enrichie en aloe vera.3 types de lubrifiants amplifient la glisse du rasoir pour aider la formule triple protection à protéger votre peau contre les coupures, les rougeurs et les tiraillements., Récipient sous pression. Ne pas percer ou brûler même après usage. Conserver hors de la portée des enfants. L'abus de solvant peut amener à une mort instantanée., Aqua, palmitic acid, triethanolamine, isopentane, glyceryl oleate, stearic acid, isobutane, sorbitol, parfum, hydroxyethylcellulose, ptfe, benzyl salicylate, peg-90M, limonene, peg-23M, propylene glycol, glycerin, linalool, sodium nitrate, glyoxal, aloe barbadensis leaf juice, silica, polysorbate 60, Cl42090, disodium phosphate, bht. Contient 5,10% en masse de composants inflammables., A protéger contre les rayons solaires et à ne pas exposer à une température supérieure à 50°C.]|"
18,50€ / L"|"
3,70 €"
4115|Hydragel, gel à raser peau sensible, à l'aloé vera + vitamine E|La bombe de 200ml|[Origine : FRANCE, Gel à raser à l'Aloe Vera + vitamine E. Confort du premier au dernier passage du rasoir.La formule enrichie en aloé vera de Fusion hydragel contient des émollients hydratants et des lubrifiants qui forment une couche de protection invisible sur votrepeau, pour vous procurer un rasage incroyablement confortable., Récipient sous pression. Ne pas percer ou brûler même après usage. Conserver hors de la portée des enfants. Contient 7,1% en masse de composants inflammables., Aqua, palmitic acid, triethanolamine, isopentane, glyceryl oleate, stearic acid, parfum, isobutane, sorbitol, glycerin, hydroxyethylcellulose, PTFE, PEG-90M, tocopheryl acetate, PEG-23M, propylene glycol, glyceryl acrylate/acrylic acid copolymer, PVM/MA Copolymer, aloe barbadensis leaf juice, methylparaben, propylparaben, alpha-isomethyl ionone, benzyl alcohol, benzyl salicylate, butylphenyl methylpropional, coumarin, eugenol, hexyl cinnamal, hydroxyisohexyl 3-cyclohexene carboxaldehyde, limonene, linalool, Cl42053, Cl42090., A protéger contre les rayons solaires et à ne pas exposer à une température supérieure à 50°C.]|"
27,25€ / L"|"
5,45 €"
4116|Mousse à raser peaux sensibles|La bombe de 250ml + 50ml|[Origine : ALLEMAGNE]|"
12,20€ / L"|"
3,66 €"
4117|Mousse à raser peaux sensibles, aloe vera|La bombe de 200ml|[Origine : FRANCE, Sa formule pour peaux sensibles légèrement parfumée protège votre peau et vous offre un rasage doux et confortable., Récipient sous pression. Ne pas percer ou brûler même après usage. Conserver hors de la portée des enfants. L'abus de solvant peut amener à une mort instantanée., Aqua, triethanolamine, palmitic acid, stearic acid, isobutane, laureth-23, dimethicone, sodium lauryl sulfate, propane, sodium benzoate, parfum, stearyl alcohol, lauryl alcohol, hydroxyethylcellulose, dimethiconol, chondrus crispus, dimethicone peg/ppg20/23 benzoate, dmdm hydantoin, coceth-7, ppg-1-peg-9 lauryl glycol ether, benzyl salicylate, limonene, bht, PEG-40 hydrogenated castor oil, iodopropynyl butylcarbamate, aloe barbadensis leaf juice, sodium nitrate, glyoxal, polysorbate 60, disodiumphosphate. Contient 3,2% en masse de composants inflammables., A protéger contre les rayons solaires et à ne pas exposer à une température supérieure à 50°C.]|"
14,64€ / L"|"
3,66 €"
4118|Gel de rasage effet glaçon|Le tube de 150ml|[Origine : FRANCE]|"
36,07€ / L"|"
5,41 €"
4119|Gel de Rasage Hydra Sensitive|La bombe de 200ml|[Origine : FRANCE, Action 1 : fait gonfler le poil pour réduire la force de coupe et fluidifier la glisse du rasoir.Action 2 : étend un réseau protecteur qui préserve la peau de la lame et limite les frictions pour un rasage sûr., Mouiller le visage de préférence à l'eau chaude. Recueillir le gel sur le bout des doigts et l'étaler sur la barbe en massant jusqu'à transformation en mousse.  Récipient sous pression. Ne pas percer ou brûler même après usage. Ne pas vaporiser versune flamme ou un corps incandescent. Ne pas fumer. Conserver hors de la portée des enfants. Ne pas utiliser pour un usage autre que celui pour lequel le produit est destiné. Extrêmement inflammable., Aqua / water, palmitic acid, triethanolamine, iso-pentane, glycerin, stearic acid, cocamide MEA, hydroxypropylcellulose stearylheptanoate, stearyl caprylate, PEG-90M, trideceth-9 pg-amodimethicone, trideceth-12, dimethiconolstearate, isobutane, aloebarbadensis/aloe barbadensis leaf juice, parfum / fragrance, BHT, laureth-4. (C42354/1), A protéger contre les rayons solaires et à ne pas exposer à une température supérieure à 50°C. Conserver à l'écart de toute flamme ou source d'étincelles.]|"
23,45€ / L"|"
4,69 €"
4120|Blaireau|La boîte de 1 blaireau|[Origine : FRANCE, Le poil de blaireau est le meilleur moyen d'appliquer un savon à barbe ou une crème à raser. Son pouvoir massant assouplissant et hydrophobe assure une parfaite hydratation de la peau.]|"
211,00€ / Kg"|"
21,10 €"
4121|Gel à raser + soin protecteur, hypoallergénique, peaux fragiles, aloé vera|La bombe de 200ml|[Origine : FRANCE, Spécialement conçu pour les peaux fragiles, ce gel a été enrichi en aloé véra pour ses propriétés apaisantes et pour protéger votre peau des rougeurs et des irritations.  Il est hypoallergénique, c'est-à-dire formulé pour minimiser les risques d'allergie et d'irritations., Aqua, palmitic acid, triethanolamine, isopentane, stearic acid, parfum, sorbitol, BHT, PPG-90M, Cl42090/blue 1, stearyl heptanoate, stearyl caprylate, bisabolol, isobutane, glycerin, glyceryl stearate, dimethiconol stearate, aloe barbadensis, caprylic/capric triglyceride, hydroxypropylcellulose, hydroxypropyl methylcellulose, C17581/3., A protéger contre les rayons solaires., Ne pas exposer à une température supérieure à 50°C.]|"
21,60€ / L"|"
4,32 €"
4122|Gel à raser bactifresh, zinc antibactérien|La bombe de 200ml|[Origine : FRANCE, AQUA / WATER , PALMITIC ACID , TRIETHANOLAMINE , ISOPENTANE , COCAMIDE MEA , GLYCERIN , STEARIC ACID , BHT , PEG-90M , CI 42090 / BLUE 1 , STEARYL HEPTANOATE , STEARYL CAPRYLATE , LINALOOL , ISOBUTANE , ZINC PCA , DIMETHICONOL STEARATE , LIMONENE , HYDROXYETHYLCELLULOSE , HYDROXYPROPYLCELLULOSE , PARFUM / FRAGRANCE.]|"
22,10€ / L"|"
4,42 €"
4123|Gel soin protecteur pour barbe difficile et peaux sensibles|La bombe de 200ml|[Origine : FRANCE, Appliquée en léger massage, sa texture gel prépare idéalement votre peau et assouplit votre barbe. Sa formule brevetée avec agents lubrifiants procure une glisse optimale.Ses propriétés exceptionnelles ont été prouvées : précision : la lame glisse sur la peau et coupe le poil au plus près. Protection : la formule limite les frottements sur la peau pour protéger la peau des irritations et des micro-coupures. Formule enrichie en agent hydratant., Récipient sous pression. Ne pas percer ou brûler même après usage. Ne pas vaporiser vers une flamme ou un corps incandescent. Conserver à l'écart de toute flamme ou source d'étincelles. Ne pas fumer. Conserver hors de la portée des enfants. Ne pas utiliser pour un usage autre que celui pour lequel le produit est destiné. Extrêmement inflammable., Aqua/water, palmitic acid, triethanolamine, isopentane, cocamide mea, glycerin, stearic acid, parfum/fragrance, BHT, PEG-90M, CI42090/blue1, stearyl heptanoate, stearyl caprylate, linalool, dimethiconol stearate, limonene, hydroxyethylcellulose, hydroxypropylcellulose, hydroxyisohexyl 3-cyclohexene carboxaldehyde, hexyl cinnamal., A protéger contre les rayons solaires et à ne pas exposer à une température supérieur à 50°C.]|"
21,60€ / L"|"
4,32 €"
4124|Mousse à raser bactifresh, zinc antibactérien|La bombe de 250ml|[Origine : FRANCE, AQUA / WATER , STEARIC ACID , TRIETHANOLAMINE , PALMITIC ACID , GLYCERIN , ISOBUTANE , POLYSORBATE 20 , CI 42090 / BLUE 1 , BUTANE , COCAMIDE MEA , LINALOOL , ZINC PCA , DIMETHICONOL STEARATE , MYRISTIC ACID , SODIUM CHLORIDE , LIMONENE , PROPANE , LAURYL BETAINE , POLYQUATERNIUM-7 , PARFUM / FRAGRANCE.]|"
11,92€ / L"|"
2,98 €"
4125|Mousse à raser pro-tech système, barbe difficile, peaux sensibles|L'atomiseur de 250ml|[Origine : FRANCE, Conçue pour les barbes difficiles et les peaux sensibles, cette mousse prépare et assouplit la barbe pour faciliter le passage de la lame et minimiser les risques d'irritations et de micro-coupures., Aqua, glycerin, stearic acid, triethanolamine, palmitic acid, isobutane, myristic acid, PPG-2 hydroxyethyl cocamide, butane, potassium hydroxide, linalool, dimethiconol stearate, disodium cocoamphodiacetate, limonene, propane, hydroxyisohexyl 3-cyclohexene carboxaldehyde, polyquaternium-10, hexyl cinnamal, parfum. C17577/2. Contient 4% en masse de composants inflammables., A protéger contre les rayons solaires., Ne pas exposer à une température supérieure à 50°C.]|"
11,32€ / L"|"
2,83 €"
4126|Mousse à raser pro-tech système, douceur mentholée, extra fraîcheur, protection anti-irritations|L'atomiseur de 250ml|[Origine : FRANCE, Mennen invente pro-Tech système pour un rasage de très près avec une protection optimale. La formule mentholée de cette mousse procure une grande sensation de fraîcheur qui tonifie la peau., Bien agiter l'aérosol et appuyer sur le diffuseur tête en haut. Mouiller le visage de préférence à l'eau chaude. Recueillir la mousse sur le bout des doigts et l'étendre sur le visage. Votre peau est prête pour un rasage haute sécurité. Récipient sous pression. A protéger contre les rayons solaires et à ne pas exposer à une température supérieure à 50°C. Ne pas percer ou brûler même après usage. Contient 4% en masse de composants inflammables. Ne pas utiliser pour un usage autre que celui pour lequel le produit est destiné. Conserver hors de la portée des enfants., Aqua/water, stearic acid, triethanolamine, palmitic acid, glycerin, isobutane, polysorbate 20, Cl42051/acid blue 3, butane, cocamide mea, linalool, geraniol, dimethiconol stearate, parfum/fragrance, alpha-isomethyl ionone, sodium chloride, coumarin,limonene, propane, lauryl betaine, citronellol, menthol, polyquaternium-7 (FIL C29604/1).]|"
11,92€ / L"|"
2,98 €"
4127|Mousse à raser pro-tech système, hypoallergénique, peaux fragiles|L'atomiseur de 250ml|[Origine : FRANCE, Mennen invente pro-tech système pour un rasage de très près avec une protection optimale.Conçue spécifiquement pour la protection des peaux fragiles , cette mousse contient un complexe hydratant-adoucissant pour limiter les risques d'irritations et laisser la peau douce après le rasage. Cette mousse est hypoallergénique., Bien agiter avant l'emploi. Mouiller le visage de préférence à l'eau chaude. Recueillir la mousse sur le bout des doigts et l'étendre sur le visage. Votre peau est prête pour un rasage haute sécurité. Récipient sous pression. Ne pas percer ou brûlermême après usage. Ne pas utiliser pour un usage autre que celui pour lequel le produit est destiné. Conserver hors de la portées des enfants., Aqua/water, stearic acid, triethanolamine, palmitic acid, glycerin, isobutane, polysorbate 20, butane, cocamide mea, dimethiconol stearate, parfum/fragrance, sodium chloride, propane, lauryl betaine, polyquaternium-7, C24865/1., A protéger contre les rayons solaires et à ne pas exposer à une température supérieure à 50°C.]|"
11,32€ / L"|"
2,83 €"
4128|Au lait, bol à raser|La boîte de 125g|[Origine : FRANCE, Aqua, stearic acid, sodium tallowate, potassium hydroxide, lauric acid, sodium palm kernelate, parfum, disodium phosphate, coconut acid, algin, sodium silicate, pentasodium pentetate, sodium chloride, CL 77891.]|"
12,80€ / L"|"
1,60 €"
4129|Créme dépilatoire|Le pot de 200ml|[Origine : FRANCE, Le gel-crème dépilatoire Nair Homme a été formulée pour éliminer efficacement et rapidement les poils masculins quelles que soient leur longueur et leur densité. Action rapide et indolore.Il est particulièrement recommandé pour les premières épilations., Respecter strictement les indications et les précautions indiquées sur le tube. Avec la main, recouvrir la zone à épiler d'une couche épaisse et régulière de gel-crème en imprégnant parfaitement les poils jusqu'à la racine. Se laver les mains après l'application. Laisser agir 12 minutes et tester une petite zone avec la spatule. Si les poils ne partent pas facilement, laisser agir quelques minutes de plus. Ne pas laisser plus de 15 minutes au total. Retirer le gel-crème à l'aide de la spatule. Pour éviter de boucher la douche ou la baignoire, il est conseillé d'essuyer la spatule entre chaque passage sur un mouchoir en papier. Rincer la zone épilée ainsi que toutes les zones ayant été en contact avec le gel-crème, immédiatement et abondamment jusqu'à éliminer toute trace de crème. Suivre le mode d'emploi. Avant toute première utilisation, faire un essai sur une partie limitée de la zone à épiler. Si après 24 heures aucune réaction désagréable de l'épiderme n'est constatée, procéder à l'épilation complète. En cas de sensation de brûlure ou de picotement, enlever immédiatement la crème dépilatoire et bien rincer à l'eau. Si la sensation persiste, consulter un médecin. Ne pas utiliser sur une peau irritée ou boutonneuse. Attendre 24heures avant d'utiliser un déodorant, un parfum ou une lotion alcoolique. Eviter le contact avec les yeux et les muqueuses. En cas de contact avec les yeux, laver immédiatement et abondamment à l'eau et consulter un spécialiste. Contient des sels de, Aqua, paraffinum liquidum, calcium thioglycolate, cetearyl alcohol, calcium hydroxide, sodium hydroxide, ceteth-20, glycerin, silica, parfum, persea gratissima oil, phytosterols, olea europaea fruit oil, coco glucoside, limonene, Cl77289., 12 mois après l'ouverture]|"
50,75€ / L"|"
10,15 €"
4130|Gel à raser fraîcheur cool, peaux sensibles|La bombe de 200ml|[Origine : FRANCE]|"
22,40€ / L"|"
4,48 €"
4131|Gel à raser                                                      Hydrate et procure un rasege de près|La bombe de 200ml|[Origine : FRANCE, Sa formule ultra riche contient de l'aloe vera, des vitamines et des agents hydratants qui évitent le dessèchement de la peau. Facilite la glisse des lames et procure un rasage très confortable., Prenez un peu de gel entre vos mains et faites le mousser sur votre visage humidifié en massant légèrement. Récipient sous pression. Ne pas percer ou brûler même après usage. Contient en masse 3,5% de composants inflammables. Conserver hors de la portée des enfants., A protéger contre les rayons solaires. Ne pas exposer à une température supérieure à 50°C.]|"
23,95€ / L"|"
4,79 €"
4132|Gel rasage parfum neutre|La bombe de 200ml|[Origine : ALLEMAGNE, Pour qui ? Votre peau est sensible et facilement irritée sous le feu du rasoir. Action : sa formule extra douce et au parfum neutre est spécialement conçue pour les peaux sensibles. Enrichie en extraits de camomille et de vitamines, elle soulage instantanément les peaux irritées pendant le rasage. Facilite la glisse des lames. Procure un rasage de près et très confortable. Protège des micro-coupures et des irritations., Récipient sous pression. Ne pas percer ou brûler même après usage. Conserver hors de la portée des enfants., Aqua, tea-palmitate, oleth-20, isopentane, sorbitol, paraffinum liquidum, isobutane, gossypium, tocopheryl acétate, glycine soja, bisabolol, chamomilla recutita flower extract, peg-90 glyceryl isostearate, polyisobutene, hydroxyethylcellulose, hydroxypropyl methylcellulose, peg-14 m, laureth-2, bht, methylparaben, propylparaben, dmdm hydantoin, parfum. Contient en masse 4% de composants inflammables., A protéger contre les rayons solaires et à ne pas exposer à une température supérieure à 50°C.]|"
22,40€ / L"|"
4,48 €"
4133|Sensitive, mousse rasage, parfum neutre, soulage et protège|La bombe de 200ml|[Origine : ALLEMAGNE, Pour qui ? Votre peau est sensible et facilement irritée sous le feu du rasoir. Action : sa formule extra douce et au parfum neutre est spécialement conçue pour les peaux sensibles. Enrichie en extraits de camomille et de vitamines, elle soulage instantanément les peaux irritées pendant le rasage. Un rasage haute performance grâce à la technologie Ultra Glide., Bien agiter avant emploi. Récipient sous pression. Ne pas percer ou brûler même après usage. Conserver hors de portée des enfants., Aqua, TEA-stearate, isobutane, laureth-23, glycerin, chamomilla recutita flower extract, maltodextrin, tocopheryl acetate, coco-caprylate/caprate, hydroxypropyl methylcellulose, PEG-7M, potassium stearate, propane, butane, piroctone, linalool, parfum. Contient en masse 4% de composants inflammables., A protéger des rayons solaires et à ne pas exposer à une température supérieure à 50°C.]|"
16,75€ / L"|"
3,35 €"
4134|For men, classic, crème à raser très onctueuse à l'extrait de palme, pour blaireau|Le tube de 100ml|[Origine : FRANCE, Cette mousse très crémeuse et revitalisante, enrichie en extrait de fruit du Palmier, vous aidera à garder une sensation de peau douce et souple., Aqua, stearic acid, glycerin, potassium hydroxide, coconut acid, cocos nucifera oil, sodium hydroxide, parfum, sodium silicate, cocos nucifera extract, potassium chloride, hydroxyisohexyl 3-cyclohexene carboxaldehyde, limonène, Cl42051, Cl45350, Cl47005, Cl15985. Extrait de palme 0,1%., 12 mois après ouverture.]|"
18,00€ / L"|"
1,80 €"
4135|Crème à raser|Le tube de 150ml|[Origine : ROYAUME UNI, Notre crème de rasage peau sensible est doublement concentrée et produit une mousse onctueuse qui facilite le glissement du rasoir et permet un rasage plus agréable sans coupures., Humecter la peau à l'eau tiède et masser une noisette de crème de rasage sur la peau. Raser dans le sens de la repousse en maintenant la peau tendue avec l'autre main. Rincer la lame après chaque passage. Pour de meilleurs résultats, utiliser un blaireau. Pour terminer, asperger le visage à l'eau froide, sécher sans frotter et hydrater la peau. Pour un usage externe seulement. Cesser l'emploi en cas d'irritation. Eviter tout contact avec les yeux., Aqua (water), stearic acid, myristic acid, potassium hydroxide, coconut acid, glycerin, triethanolamine, parfum (fragrance), melaleuca alternifolia leaf oil, sodium hydroxide, allantoin, limonene, linalool., 12 mois après ouverture.]|"
27,13€ / L"|"
4,07 €"
4136|Gel de rasage|Le tube de 150ml|[Origine : ROYAUME UNI, Notre gel de rasage peau sensible hydrate pour permettre un rasage de près tout en évitant les coupures et les poils incarnés., Humecter la peau à l'eau tiède, éponger avec une serviette et masser une noisette de gel sur la peau. Raser dans le sens de la repousse en maintenant la peau tendue avec l'autre main. Rincer la lame après chaque passage. Pour terminer, asperger le visage à l'eau froide, sécher sans frotter et hydrater la peau. Pour usage externe seulement. Cesser l'emploi en cas d'irritation. Eviter tout contact avec les yeux., Aqua (water), disodium laureth sulfosuccinate, sodium chloride, glycerin, cocamidopropyl betaine, glycereth-26, triethanolamine, acrylates/c10-30 alkyl acrylate crosspolymer, peg-18 glyceryl oleate/cocoate, parfum (fragrance), aloe barbadensis leaf juice, peg-14m, disodium edta, magnesium nitrate, methylchloroisothiazolinone, magnesium chloride, methylisothiazolinone, citric acid, potassium sorbate, sodium benzoate, hexylene glycol, sodium sulfite., 12 mois après ouverture.]|"
27,13€ / L"|"
4,07 €"
4137|Dermo hypoallergenic, gel à raser|La bombe de 200ml|[Origine : FRANCE, Gel à raser Sanex For Men pour une peau saine. Agit activement avec la peau pour un rasage tout en douceur. Prépare la peau et assouplit le poil. Protège la peau des irritations.Contient une formule anti-friction à base d'Ectiv Glide. Développé pourprendre soin des peaux réactives. Formulé pour minimiser les risques d'allergie., Bien agiter avant emploi. Conserver hors de la portée des enfants. Utiliser uniquement pour l'usage prévu. Récipient sous pression. Ne pas percer ou brûler même après usage. Ne pas vaporiser vers une flamme ou un corps incandescent. Utiliser et conserver à l'écart de toute flamme ou source d'ignition et d'étincelles source de chaleur appareil électrique en fonctionnement. Ne pas fumer. Contient 7% en masse de composants inflammables., Aqua, palmitic acid, triethanolamine, sorbitan palmitate, isopentane, sorbitol, isobutane, PEG-4 rapeseedamide, hydroxyethylcellulose, PEG-2M, BHT. 0% alcool. 0% parfum. 0% conservateur., A protéger contre les rayons solaires et à ne pas exposer à une température supérieure à 50°C.]|"
23,95€ / L"|"
4,79 €"
4138|Gel de préparation au rasage haute précision Transparent|Le flacon de 200ml|[Origine : FRANCE, Les préparations à raser Hydro Wilkinson Sword donnent à votre peau un aspect plus lisse et éclatant grâce à leur formule soin de la peau. Le Gel transparent Précision : ce gel transparent non moussant permet un rasage très précis, même dans les zones les plus difficiles d'accès (moustache, pattes, bouc ). Il est enrichi en acide hyaluronique pour aider à préserver l'hydratation naturelle de la peau., Prendre une petite quantité. Appliquer sur une peau mouillée. Rincer le rasoir fréquemment. Ne pas laisser à la portée des enfants., Aqua, polyquaternium-39, polysorbate 20,PVM/Ma decadiene crosspolymer, triethanolamine, peg-40 hydrogenated castor oil, dipotassium glycyrrhizate, cetrimonium bromide, sodium benzoate, disodium edta, sodium hyaluronate, methylparaben, parfum, benzylbenzoate, limonene., 12 mois après ouverture.]|"
26,25€ / L"|"
5,25 €"
4139|Gel de rasage fraicheur & confort - peaux sensibles- limite les  irritations Aloé Vera|Un flacon de 150ml|[Origine : ALLEMAGNE, La formule de Williams Oxygène est non moussante, elle a été spécialement formulée pour couvrir votre peau et la protéger des irritations de la lame, Lors de la première utilisation, amorcer la pompe avec 5 à 6 pressions. Mouiller votre visage avec de l'eau chaude. Recueillir le gel sur le bout des doigts (2 pressions suffisent pour un rasage efficace et confortable). Appliquer sur le visage en massant légèrement., Aqua, glycerin, sodium laureth sulfate, acrylates/C10-30 alkyl acrylates crosspolymer, isoceteth-20, coco-glucoside, allantoin, panthenol, menthol, persea gratissima oil, aloe barbadensis gel, parfum, sodium hydroxide, PEG-2M, nitrogen, oxygen, dmdmhydantoin, Cl42090., 12 mois après ouverture.]|"
28,47€ / L"|"
4,27 €"
4140|Gel de rasage fraicheur & confort - peaux sensibles- limite les  irritations Aloé Vera|Un flacon de 150ml|[Origine : ALLEMAGNE, La formule de Williams Oxygène est non moussante, elle a été spécialement formulée pour couvrir votre peau et la protéger des irritations de la lame, Lors de la première utilisation, amorcer la pompe avec 5 à 6 pressions. Mouiller votre visage avec de l'eau chaude. Recueillir le gel sur le bout des doigts (2 pressions suffisent pour un rasage efficace et confortable). Appliquer sur le visage en massant légèrement., Aqua, glycerin, sodium laureth sulfate, acrylates/C10-30 alkyl acrylates crosspolymer, isoceteth-20, coco-glucoside, allantoin, panthenol, menthol, persea gratissima oil, aloe barbadensis gel, parfum, sodium hydroxide, PEG-2M, nitrogen, oxygen, dmdmhydantoin, Cl42090., 12 mois après ouverture.]|"
28,47€ / L"|"
4,27 €"
4141|Avant rasage électrique|Le flacon de 100ml|[Origine : FRANCE, L'avant-rasage WILLIAMS Lectric Shave, améliore l'efficacité et le confort du rasage électrique, grâce à sa double action : Préparer et protéger la peau. Enrichi en actifs adoucissants et protecteurs, Lectric Shave prépare le poil et lubrifie la peaupour accroître la glisse et le confort au rasage. Rasage de plus près. Ainsi préparé, le rasage électrique est plus net pour une peau vraiment plus lisse et douce, avec une grande sensation de fraîcheur., Bien agiter avant d'emploi. Verser un peu de produit dans le creux de la main puis étaler sur la barbe. Laisser agir quelques instants. Se raser comme d'habitude., Alcohol Denat., Aqua, Nylon-12, Isohexadecane, Menthol, Parfum, Sodium Lauroyl Sarcosinate, Caprylyl/Capryl Glucoside, Hydroxypropylcellulose., 24 mois après ouverture.]|"
57,50€ / L"|"
5,75 €"
4142|Crème à raser pour blaireau, mentholée rafraîchissante|Le tube de 100ml|[Origine : FRANCE, Pour ceux qui sont particulièrement exigeants sur la qualité de leur rasage, Williams a conçu une crème à raser de grande qualité pour mieux préparer la barbe à un rasage de très près.Sous l'action du blaireau, votre crème se transformera en une mousse onctueuse pour vous permettre un rasage de plus près, tout en douceur grâce à ses agents hydratants*. Sa formule mentholée vous procure une agréable sensation de fraîcheur pendant et après le rasage., Mouillez votre visage à l'eau chaude, puis appliquez avec vos doigts votre crème sur votre barbe. Faites mousser en massant à l'aide de votre blaireau passé sous l'eau chaude., Aqua, Stearic Acid, myristic acid, glycol distearate, potassium hydroxide, lauric acid, glycerin, cocamidopropyl betaine, cera alba, cocamide mea, parfum, menthol, tetrasodium EDTA, benzyl benzoate, BHT, methylparaben, sodium benzoate, Cl 61570.]|"
20,10€ / L"|"
2,01 €"
4143|Crème à raser pour blaireau, peausible, haute protection à l'Allantoine|Le tube de 100ml|[Origine : FRANCE, La crème peau sensible a été spécialement conçue pour ceux qui veulent prendre soin de leur peau. Sa formule à l'Allantoine protège la peau et aide à réduire les risques de coupures. Sa formule au Silicone permet un rasage de très près. Sous l'actiondu blaireau, votre crème se transformera en mousse onctueuse. Vous êtes prêt pour un rasage efficace, tout en douceur., Mouillez votre visage à l'eau chaude, puis appliquez avec vos doigts votre crème sur votre barbe. Faites mousser en massant à l'aide de votre blaireau passé sous l'eau chaude., Aqua, Stearic Acid, Glycerin, Potassium Hydroxide, Cocos Nucifera Oil, Oleic Acid, Dimethicone, Parfum, Allantoin, Boric Acid, Sodium Silicate, Titanium Dioxide, Benzyl Benzoate, BHT., 12 mois après ouverture.]|"
18,40€ / L"|"
1,84 €"
4144|Gel à raser hydratant, plantactives|La bombe de 200ml|[Origine : FRANCE, Glisse parfaite du rasoir grâce à ses agents lubrifiants haute performance. Formule hydratante. Formule aux extraits de plantes (tel que l'aloé vera) et avec 50% de crème hydratante. Aide à renforcer l'hydratation de votre peau., Mouiller votre visage à l'eau chaude. Recueillir le gel sur le bout des doigts. Etaler sur la barbe et masser jusqu'à transformation en crème onctueuse. Raser puis rincer.  Conserver hors de la portée des enfants Récipient sous pression Ne pas percerou brûler même après usage Utiliser uniquement pour l'usage prévu Ne pas vaporiser vers une flamme ou un corps incandescent Utiliser et conserver à l'écart de toute flamme ou source d'étincelles Ne pas fumer, Aqua, palmitic acid, triethanolamine, sorbitan palmitate, isopentane, glycerin, sorbitol, aloe barbadensis gel, panax ginseng extract, parfum, isobutane, PEG-4 rapeseedamide, hydroxyethylcellulose, propylene glycol, PEG-2M, PEG-40 hydrogenated castoroil, trideceth-9, BHT, Cl42090. Contient : 7% en masse de composants inflammables., A protéger contre les rayons solaires et à ne pas exposer à une température supérieure à 50°C.]|"
19,05€ / L"|"
3,81 €"
4145|Gel à raser peau sensible, plantactives, agents anti-irritants|La bombe de 200ml|[Origine : FRANCE, Une glisse parfaite du rasoir grâce à ses agents lubrifiants haute performance. Formule soin aux extraits de plantes (tel que l'aloe vera) et à l'allantoïne qui protège et apaise les peaux sensibles., Mouiller votre visage à l'eau chaude. Recueillir le gel sur le bout des doigts. Etaler sur la barbe et masser jusqu'à transformation en crème onctueuse. Raser puis rincer.  Conserver hors de la portée des enfants Récipient sous pression  Ne pas percer ou brûler même après usage Utiliser uniquement pour l'usage prévu Ne pas vaporiser vers une flamme ou un corps incandescent Utiliser et conserver à l'écart de toute flamme ou source d'étincelles Ne pas fumer, Aqua, palmitic acid, triethanolamine, sorbitan palmitate, isopentane, glycerin, sorbitol, allantoin, aloe barbadensis gel, panax ginseng extract, parfum, isobutane, PEG-4 rapeseedamide, hydroxyethylcellulose, propylene glycol, PEG-2M, PEG-40 hydrogenated castor oil, trideceth-9, BHT, Cl42090., A protéger contre les rayons solaires et à ne pas exposer à une température supérieure à 50°C.]|"
20,55€ / L"|"
4,11 €"
4146|Gel à raser peau sensible, plantactives, agents anti-irritants|La bombe de 200ml|[Origine : FRANCE, Une glisse parfaite du rasoir grâce à ses agents lubrifiants haute performance. Formule soin aux extraits de plantes (tel que l'aloe vera) et à l'allantoïne qui protège et apaise les peaux sensibles., Mouiller votre visage à l'eau chaude. Recueillir le gel sur le bout des doigts. Etaler sur la barbe et masser jusqu'à transformation en crème onctueuse. Raser puis rincer.  Conserver hors de la portée des enfants Récipient sous pression  Ne pas percer ou brûler même après usage Utiliser uniquement pour l'usage prévu Ne pas vaporiser vers une flamme ou un corps incandescent Utiliser et conserver à l'écart de toute flamme ou source d'étincelles Ne pas fumer, Aqua, palmitic acid, triethanolamine, sorbitan palmitate, isopentane, glycerin, sorbitol, allantoin, aloe barbadensis gel, panax ginseng extract, parfum, isobutane, PEG-4 rapeseedamide, hydroxyethylcellulose, propylene glycol, PEG-2M, PEG-40 hydrogenated castor oil, trideceth-9, BHT, Cl42090., A protéger contre les rayons solaires et à ne pas exposer à une température supérieure à 50°C.]|"
20,55€ / L"|"
4,11 €"
4147|Hydra Sensitive Baume Après-Rasage|Le flacon de 100ml|[Origine : FRANCE, 4 minéraux fortifiants, testé sous contrôle dermatologique, sans alcool, sans colorant. Non gras, non collant, pénètre immédiatement. Aide à renforcer la résistance naturelle de votre peau.Calme le feu du rasoir, réduit les rougeurs, sensation de confort immédiat., Appliquer après le rasage. Eviter le contour des yeux., Aqua / water, cyclopentasiloxane, glycerin, zea mays starch / corn starch, isohexadecane, sorbitan stearate, C13-14 isoparaffin, sucrose, cocoate, ascorbyl, glucoside, sodium hydroxide, phenoxyethanol, stearyl alcohol, magnesium gluconate, ethylparaben, polyacrylamide, calcium pantetheine sulfonate, ammonium polyacryldimethyltauramide / ammonium polyacryloyldimethyl taurate, limonene, mentha piperita extract / peppermint leaf extract, manganese gluconate, linalool, copper gluconate, disodium EDTA, methylparaben, laureth-7 parfum / fragrance. (B34769/1)., A utiliser dans les 12 mois après ouverture.]|"
83,30€ / L"|"
8,33 €"
4148|Baume calmant 2en1 après-rasage + soin visage, pierre d'alun, anti-rougeurs|Le flacon de 100ml|[Origine : FRANCE, Le baume calmant pierre d'alun vous offre une action complète et adaptée en un seul geste : une action calmante immédiate et une action hydratante. Apaisée, hydratée, votre peau est visiblement en pleine forme !, Aqua, dicaprylyl ether, glycerin, oryza sativa starch/rice starch, bisabolol, peg-100 stearate, stearic acid, allantoin, potassium alum, carbomer, glyceryl stearate, aloe barbadensis/aloe barbadensis leaf juice, sodium citrate, sodium hydroxide, palmitic acid, ascorbyl glucoside, disodium edta, caprylyl glycol, panthenol, cetyl alcohol, tocopheryl acetate, phenoxyethanol, chlorhexidine digluconate, linalool, alpha-isomethyl ionone, coumarin, farnesol, limonene, hydroxycitronellal, hexyl cinnamal, parfum (FIL B51506/1)., 12 mois après ouverture.]|"
68,90€ / L"|"
6,89 €"
4149|Baume énergisant après-rasage + soin visage, peaux fatiguées|Le flacon de 100ml|[Origine : FRANCE, Le baume énergisant vous offre une action complète et adaptée en un seul geste. Une action hydratante pour apaiser le feu du rasoir.Une action énergisante et stimulante : enrichi en Caféine et en Vitamine CG, c'est un véritable 'coup de fouet' pour réveiller et tonifier votre peau. Résultat : votre peau retrouve tout son tonus. Réveillée, elle est visiblement en pleine forme !, Pénètre rapidement. Non gras, ne laisse pas de film collant. Le baume Energisant agit comme un après-rasage sur la zone de la barbe et s'utilise sur l'ensemble du visage pour l'entretien de la peau., Aqua/water, alcohol denat, glycerin, bis-peg-18 methyl ether dimethyl silane, cyclohexasiloxane, acrylates/C10-30 alkyl acrylate crosspolymer, ascorbyl glucoside, caffeine, ethyl menthane carboxamide, magnesium gluconate, sodium citrate, sodium hydroxide, sodium polyacrylate, parfum/fragrance (F.I.L B33302/1).]|"
72,00€ / L"|"
7,20 €"
4150|Après-rasage fraîcheur cool, peaux sensibles|la bouteille de 100ml|[Origine : FRANCE]|"
72,00€ / L"|"
7,20 €"
4151|Baume après-rasage After Shave Balsem                            Solution complète|Le tube de 50ml|[Origine : FRANCE, Pour les hommes qui souhaitent garder une peau en pleine forme, réduire les rides et raffermir la peau. Apaise et prend soin de la peau en procurant 6 actions en 1 seul geste : apaise immédiatement la peau, protège l'apparition des irritations, hydrate tout le visage, renforce l'élasticité de la peau, réduit visiblement les rides. Non gras, non collant et pénètre instantanément. Résultat : votre peau est immédiatement régénérée et en pleine santé. Votre peau est douce, souple et pleine de vitalité., Appliquez généreusement sur la peau fraîchement rasée ainsi que sur le reste du visage., 12 mois après ouverture.]|"
111,87€ / L"|"
8,39 €"
4152|Baume après-rasage hydratant, sans effet gras, apaise & répare|La boîte de 100ml|[Origine : FRANCE, Sa formule douce et non grasse contient des agents hydratants, de la vitamine E et de la Provitamine B5 pour : soulager la peau des tiraillements.Procurer une hydratation intense pour toute la journée. Apaiser et réparer la peau., Appliquez généreusement sur la zone fraîchement rasée. Pour un rasage optimal, utilisez le gel ou la mousse à raser Hydratante de Nivea For Men. Testé dermatologiquement., Valeur énergétique en Joules :  0, Valeur énergétique en Kcal : 0, Glucides : 0, Lipides : 0, Protides :0, Aqua, alcohol denat, glycerin, cyclomethicone, distarch phosphate, panthenol, parfum, tocopheryl acetate, bisabolol, triceteareth-4 phosphate, sodium carbomer, tetrasodium iminodisuccinate, farnesol, linalool, limonene., 12 mois après ouverture.]|"
74,10€ / L"|"
7,41 €"
4153|Crème protectrice pour le change, à l'oxyde de zinc et à l'huile de germe de blé|Le tube de 100ml|[Origine : ALLEMAGNE, Sa formule extra douce, sans alcool et au parfum neutre, est rapidement absorbée par la peau. Votre peau est en pleine forme et réparée. Elle est apaisée et douce pour la journée.Elle contient de la Camomille, de la Vitamine E et de la Provitamine B5pour : apaiser immédiatement la peau et réduire les rougeurs, aider à prévenir les irritations liées au rasage, soulager la peau des tiraillements après le rasage., Appliquez généreusement sur la zone fraîchement rasée., Valeur énergétique en Joules :  0, Valeur énergétique en Kcal : 0, Glucides : 0, Lipides : 0, Protides :0, Aqua, glycerin, dicaprylyl carbonate, panthenol, isopropyl palmitate, tocopheryl acetate, bisabolol, chamomilla recutita flower extract, glycine soja, tapioca starch, triceteareth-4 phosphate, sodium carbomer, citric acid, phenoxyethanol, methylparaben, parfum., 12 mois après ouverture.]|"
72,00€ / L"|"
7,20 €"
4154|Après rasage, crème journalière antirides|Le tube de 125ml|[Origine : ROYAUME UNI, Un hydratant exceptionnel et non gras qui contient des extraits naturels de romarin, d'échinacée et de protéines de blé pour éviter les signes de vieillissement., Utilisez tous les jours après le rasage avec la crème à raser, l'huile ou le gel RSC. Placer une petite quantité dans la paume et l'étaler sur le visage et le cou en massant doucement. Eviter le contact avec les yeux., Aqua, isopropyl myristate, stearic acid, prunus amygdalus dulcis oil, cyclomethicone, glycerin, cetearyl alcohol, glyceryl stearate, peg-100 stearate, centella asiatica extract, echinacea angustifolia extract, rosmarinus officinalis extract, lactic acid, palmitoyl hydrolyzed wheat protein, parfum, triethanolamine, imidazolidinyl urea, allantoin, methylparaben, propylparaben, disodium edta, limonene, linalool, butylphenyl methylpropional., 12 mois après ouverture.]|"
44,88€ / L"|"
5,61 €"
4155|Baume apaisant après-rasage|Le tube de 125ml|[Origine : ROYAUME UNI, Contient de l'aloe pour apaiser et hydrater la peau après le rasage., Verser une petite quantité dans la paume des mains et masser doucement pour apaiser, protéger et hydrater le visage. Appliquer plusieurs fois par jour pour soulager la peau très sèche. Pour usage externe seulement. Cesser l'emploi en cas d'irritation. Eviter tout contact avec les yeux., Aqua (water), isopropyl myristate, stearic acid, glycerin, propylene glycol, cyclopentasiloxane, cyclohexasiloxane, aloe barbadensis leaf juice, triethanolamine, lanolin, melaleuca alternifolia leaf oil, allantoin, parfum (fragrance), cetearyl alcohol, acrylates/c10-30 alkyl acrylate crosspolymer, methylparaben, propylparaben, potassium sorbate, sodium benzoate, citric acid, butylphenyl methylpropional, limonene, linalool., 12 mois après ouverture.]|"
44,88€ / L"|"
5,61 €"
4156|Baume après rasage sensitive, apaisant|Le flacon de 100ml|[Origine : FRANCE, Le baume après rasage Williams vous garantit une protection avancée adaptée aux besoins spécifiques de votre peau. Il protège des irritations, soulage instantanément votre peau des agressions du rasoir, apaise le feu du rasoir. Texture fluide non grasse. Absorption immédiate par la peau. Sans alcool. Formule  avec vitamine E et panthenol pour une sensation apaisante., Format pompe facile à utiliser : une pression suffit., Aqua, Cyclopentasiloxane, Caprylic/Capric Triglyceride, Glycerin, Butylene Glycol, Tocopheryl Acetate, Panthenol, Dimethicone, Propylene Glycol, Sodium Lactate, Sodium PCA, Ammonium Acryloyldimethyltaurate/Beheneth-25 Methacrylate Crosspolymer, Stearic Acid, Linoleamidopropyl PG-Dimonium Chloride Phosphate, Sodium Citrate, Triethanolamine, Ammonium Acryloyldimethyltaurate /VP Copolymer, Disodium EDTA, Parfum, DMDM Hydantoin, Iodopropynyl Butylcarbamate, Citronellol, Coumarin, Hexyl Cinnamal, Limonene, Linalool., 9 mois après ouverture.]|"
64,80€ / L"|"
6,48 €"
4157|Déodorant homme, Anti-traces blanches|Le flacon de 200ml|[Origine : FRANCE, Le déodorant anti-traces blanches Monoprix a été spécialement conçu pour limiter et éviter les traces blanches sur vos vêtements de couleur foncée lors de l'application. Sa formule anti-transpirante vous assure une efficacité longue durée (24 heures)contre les mauvaises odeurs. Tout en respectant votre peau, ce déodorant vous procure une sensation de confort et de bien-être., Bien agiter avant emploi. Vaporisez à 15 cm des aisselles. En cas de bouchage, rincez le diffuseur sous l'eau tiède. Adapté aux peaux sensibles. Testé sous contrôle dermatologique. Récipient sous pression. Ne pas percer ou brûler, même après usage. Ne pas vaporiser vers une flamme ou un corps incandescent. Conserver à l'écart de toute flamme ou source d'étincelles. Ne pas fumer. Conserver hors de portée des enfants. Ne pas vaporiser sur une peau irritée, vers les yeux ou inhaler intentionnellement. Procéder par de brèves pressions sans pulvérisation prolongée. Conserver dans un endroit bien ventilé. Ne pas utiliser pour un usage autre que celui pour lequel le produit est destiné., Butane, propane, cyclopentasiloxane, aluminum chlorohydrate, C12-15 alkyl benzoate, parfum, octyldodecanol, disteardimonium hectorite, triethyl citrate., A protéger contre les rayons solaires et à ne pas exposer à une température supérieure à 50°C.]|"
11,05€ / L"|"
2,21 €"
4158|Déodorant homme marine|L'atomiseur de 150ml|[Origine : FRANCE, Le déodorant parfum marine Monoprix vous assure une efficacité longue durée et vous parfume délicatement pour toute la journée., Agitez avant chaque utilisation. Vaporisez à 15 cm des aisselles. En cas de mauvaise pulvérisation, rincez le diffuseur à l'eau tiède. Récipient sous pression. Ne pas percer ou brûler même après usage. Ne pas vaporiser vers une flamme ou un corps incandescent. Utiliser et conserver à l'écart de toute flamme ou source de d'ignition et d'étincelles, source de chaleur, appareil électrique en fonctionnement. Ne pas fumer. Conserver hors de la portée des enfants. Utiliser et conserver le récipient dans un endroit bien ventilé. Eviter de vaporiser vers les yeux ou sur une peau irritée, d'inhaler intentionnellement. Procéder par de brèves pressions sans pulvérisation prolongée. Ne pas utiliser pour un usage autre que celui pour lequel le produit est destiné., Butane, alcohol denat, propane, isobutane, parfum, propylene glycol, triethyl citrate, maris sal, potassium sorbate, glycerin, aqua., A protéger contre les rayons solaires et à ne pas exposer à une température supérieure à 50°C.]|"
10,67€ / L"|"
1,60 €"
4159|Déodorant homme musc|L'atomiseur de 150ml|[Origine : FRANCE, Le déodorant parfum musc Monoprix vous assure une efficacité longue durée et vous parfume délicatement pour toute la journée., Agitez avant chaque utilisation. Vaporisez à 15 cm des aisselles. En cas de mauvaise pulvérisation, rincez le diffuseur à l'eau tiède. Récipient sous pression. Ne pas percer ou brûler même après usage. Ne pas vaporiser vers une flamme ou un corps incandescent. Utiliser et conserver à l'écart de toute flamme ou source de d'ignition et d'étincelles, source de chaleur, appareil électrique en fonctionnement. Ne pas fumer. Conserver hors de la portée des enfants. Utiliser et conserver le récipient dans un endroit bien ventilé. Eviter de vaporiser vers les yeux ou sur une peau irritée, d'inhaler intentionnellement. Procéder par de brèves pressions sans pulvérisation prolongée. Ne pas utiliser pour un usage autre que celui pour lequel le produit est destiné., Butane, alcohol denat, propane, isobutane, parfum, propylene glycol, triethyl citrate, citronellol, coumarin, eugenol., A protéger contre les rayons solaires et à ne pas exposer à une température supérieure à 50°C.]|"
10,67€ / L"|"
1,60 €"
4160|Deo body spray 24H fresh power|La bombe de 150ml|[Origine : FRANCE]|"
26,73€ / L"|"
4,01 €"
4161|Déodorant 6 en 1 cool & dry anti-perspirant|Le spray de 200ml|[Origine : PORTUGAL]|"
21,05€ / L"|"
4,21 €"
4162|Déodorant body spray edition spécial, extrème power|L'atomiseur de 150ml|[Origine : ESPAGNE, Vaporiser à 15 cm au moins du corps. Récipient sous pression. Ne pas percer ou brûler, même après usage. Ne pas vaporiser vers une flamme ou un corps incandescent. Conserver à l'écart de toute flamme ou source d'étincelles. Ne pas fumer. Conserver hors de la portée des enfants. Eviter d'inhaler intentionnellement, de vaporiser vers les yeux ou sur une peau irritée. Ne pas utiliser pour un autre usage que celui pour lequel le produit est destiné. Procéder par brèves pressions, sans pulvérisationprolongée. Bien ventiler après usage. Ne pas utiliser dans une atmosphère confinée. Ne pas utiliser pour l'hygiène intime., Butane, isobutane, propane, alcohol denat, parfum/fragrance, propylene glycol, limonene, menthyl PCA, ethyl menthane carboxamide, linalool, menthyl lactate, hexyl cinnamal, coumarin, butylphenyl methylpropional, vanillyl butyl ether, citral, citronellol, bht., A protéger contre les rayons solaires et à ne pas exposer à une température supérieure à 50°C.]|"
26,73€ / L"|"
4,01 €"
4163|Déodorant fresh cool & dry|L'atomiseur de 200ml|[Origine : PORTUGAL, Déodorant Adidas anti-transpirant Cool & Dry une formule unique développée avec les athlètes : vous procure une sensation de fraîcheur immédiate, protection 48 heures. Minimise les traces blanches sur la peau et les vêtements. Sans alcool, pH respectueux pour la peau, testé dermatologiquement., Bien agiter. Vaporiser à 15 cm au moins des aisselles. Récipient sous pression. Ne pas percer ou brûler, même après usage. Ne pas vaporiser vers une flamme ou un corps incandescent. Conserver à l'écart de toute flamme ou source d'étincelles. Ne pas fumer. Conserver hors de la portée des enfants. Eviter d'inhaler intentionnellement, de vaporiser vers les yeux ou sur une peau irritée. Ne pas utiliser pour un usage autre que celui pour lequel le produit est destiné. Procéder par de brèves pressions, sans pulvérisation prolongée. Bien ventiler après usage. Ne pas utiliser dans une atmosphère confinée. Ne pas utiliser pour l'hygiène intime., Butane, isobutane, propane, cyclopentasiloxane, aluminium chlorohydrate, C12-15 alkyl benzoate, parfum/fragrance, disteardimonium hectorite, dimethicone, caesalpina spinosa gum, hydrogenated polydecene, sorbitan sesquioleate, limonene, linalool, sucrose stearate, hexyl cinnamal, silica, butylphenyl methylpropional, benzyl salicylate, citronellol, alpha-isomethyl ionone, gossypium herbaceum (cotton) powder, geraniol, coumarin, bht., A protéger contre les rayons solaires et à ne pas exposer à une température supérieure à 50°C.]|"
20,05€ / L"|"
4,01 €"
4164|Déodorant intensive cool & dry|L'atomiseur de 200ml|[Origine : PORTUGAL, Déodorant Adidas anti-transpirant Cool & Dry une formule unique développée avec les athlètes : vous procure une sensation de fraîcheur immédiate, protection 72 heures. Minimise les traces blanches sur la peau et les vêtements. Sans alcool, pH respectueux pour la peau, testé dermatologiquement., Bien agiter. Vaporiser à 15 cm au moins des aisselles. Récipient sous pression. Ne pas percer ou brûler, même après usage. Ne pas vaporiser vers une flamme ou un corps incandescent. Conserver à l'écart de toute flamme ou source d'étincelles. Ne pas fumer. Conserver hors de la portée des enfants. Eviter d'inhaler intentionnellement, de vaporiser vers les yeux ou sur une peau irritée. Ne pas utiliser pour un usage autre que celui pour lequel le produit est destiné. Procéder par de brèves pressions, sans pulvérisation prolongée. Bien ventiler après usage. Ne pas utiliser dans une atmosphère confinée. Ne pas utiliser pour l'hygiène intime., Butane, isobutane, propane, aluminium chlorohydrate, cyclopentasiloxane, C12-15 alkyl benzoate, parfum/fragrance, disteardimonium hectorite, dimethicone, caesalpina spinosa gum, hydrogenated polydecene, sorbitan sesquioleate, benzyl salicylate, sucrose stearate, hexyl cinnamal, butylphenyl methylpropional, limonene, silica, hydroxyisohexyl 3-cyclohexene carboxaldehyde, coumarin, geraniol, citronellol, gossypium herbaceum (cotton) powder, bht., A protéger contre les rayons solaires et à ne pas exposer à une température supérieure à 50°C.]|"
20,05€ / L"|"
4,01 €"
4165|Darktemptation, déodorant bodyspray|Le lot de 2 atomiseurs de 150ml|[Origine : FRANCE]|"
29,47€ / L"|"
8,84 €"
4166|déodorant anti-transpirant, anarchy|Le spray de 150ml|[Origine : FRANCE]|"
31,27€ / L"|"
4,69 €"
4167|déodorant anti-transpirant, Apollo|Le spray de 150ml|[Origine : FRANCE, Bien agiter avant emploi. Appuyer fortement sur le diffuseur à la première utilisation. Procéder par de brèves pressions sans pulvérisation prolongée. Extrêmement inflammable. Récipient sous pression. Ne pas percer ou brûler, même après usage. Ne pasvaporiser ver une flamme ou un objet incandescent. Conserver et utiliser à l'écart de toute flamme ou source de chaleur, d'ignition et d'étincelles, appareil électrique en fonctionnement. Ne pas fumer. Conserver hors de la portée des enfants. Ne pasappliquer sur la peau irritée ou endommagée. Ne pas vaporiser à moins de 15 cm des aisselles. Ne pas vaporiser vers le yeux. Eviter d'inhaler intentionnellement. Utiliser exclusivement selon l'usage préconisé. Utiliser seulement dans des zones bienventilées. Ne recycler que des flacons entièrement vides., A protéger contre les rayons solaires et ne pas exposer à une température supérieure à 50°C.]|"
32,60€ / L"|"
4,89 €"
4168|déodorant anti-transpirant, darktemptation|Le spray de 150ml|[Origine : FRANCE]|"
32,20€ / L"|"
4,83 €"
4169|déodorant body spray, click|Le spray de 150ml|[Origine : FRANCE]|"
30,80€ / L"|"
4,62 €"
4170|déodorant body spray, marine|Le spray de 150ml|[Origine : FRANCE]|"
30,80€ / L"|"
4,62 €"
4171|déodorant body spray, vice|Le spray de 150ml|[Origine : FRANCE]|"
30,13€ / L"|"
4,52 €"
4172|Déodorant bodyspray peace|L'atomiseur de 150ml|[Origine : FRANCE, Récipient sous pression. Ne pas percer ou brûler, même après usage. Ne pas vaporiser vers une flamme ou un objet incandescent. Conserver et utiliser à l'écart de toute flamme ou source de chaleur, d'ignition et d'étincelles, appareil électrique en fonctionnement. Ne pas fumer. Conserver hors de la portée des enfants. Ne pas vaporiser à moins de 15 cm. Ne pas vaporiser dans les yeux, sur les parties intimes et ne pas inhaler. Utiliser exclusivement selon l'usage préconisé. Procéder par de brèvespressions sans pulvérisation prolongée. Utiliser seulement dans les zones bien ventilées., Alcohol denat, butane, isobutane, propane, parfum, propylene glycol, polyaminopropyl biguanide stearate, butylphenyl methylpropional, citral, coumarin, limonene, linalool., A protéger contre les rayons solaires et ne pas exposer à une température supérieure à 50°C.]|"
37,00€ / L"|"
5,55 €"
4173|Déodorant bodyspray peace|L'atomiseur de 150ml|[Origine : FRANCE, 48 h thermo protection., Bien agiter avant emploi. Appuyer fortement sur le diffuseur à la première utilisation. Récipient sous pression. Ne pas percer ou brûler, même après usage. Ne pas vaporiser vers une flamme ou un objet incandescent. Conserver et utiliser à l'écart detoute flamme ou source de chaleur, d'ignition et d'étincelles, appareil électrique en fonctionnement. Ne pas fumer. Conserver hors de la portée des enfants. Ne pas appliquer sur la peau irritée ou endommagée. Ne pas vaporiser à moins de 15 cm des aisselles. Ne pas vaporiser vers les yeux. Eviter d'inhaler intentionnellement. Utiliser exclusivement selon l'usage préconisé. Procéder par de brèves pressions sans pulvérisation prolongée. Utiliser seulement dans les zones bien ventilées., Butane, isobutane, propane, cyclopentasiloxane, aluminium chlorohydrate, parfum, disteardimonium hectorite, propylene carbonate, butylphenyl methylpropional, coumarin, limonene, linalool., A protéger contre les rayons solaires et ne pas exposer à une température supérieure à 50°C.]|"
33,33€ / L"|"
5,00 €"
4174|Déodorant homme sport style|L'atomiseur de 200ml|[Origine : ROYAUME UNI, Le déodorant Sport Style vous apporte une efficacité longue durée et tout le raffinement d'un parfum prestige., Récipient sous pression. Ne pas percer ou brûler, même après usage. Ne pas vaporiser vers une flamme ou un objet incandescent. Conserver et utiliser à l'écart de toute flamme ou source de chaleur, d'ignition et d'étincelles, appareil électrique en fonctionnement. Ne pas fumer. Conserver hors de la portée des enfants. Ne pas vaporiser à moins de 15 cm. Ne pas vaporiser dans les yeux, sur les parties intimes et ne pas inhaler. Utiliser exclusivement selon l'usage préconisé. Procéder par de brèvespressions sans pulvérisation prolongée. Utiliser seulement dans les zones bien ventilées. Ne recycler que des flacons entièrement vides., Alcohol denat, butane, isobutane, propane, parfum, isopropyl myristate, alpha isomethyl ionone, butylphenyl methylpropional, citral, citronellol, coumarin, eugenol, geraniol, hydroxycitronellal, limonene, linalool., A protéger contre les rayons solaires et ne pas exposer à une température supérieure à 50°C.]|"
23,10€ / L"|"
4,62 €"
4175|Déodorant  musk|L'aérosol de 200ml|[Origine : ITALIE, Le déodorant Brut Musk vous apporte une efficacité longue durée et tout le raffinement d'un parfum prestige., Récipient sous pression. Ne pas percer ou brûler même après usage. Ne pas vaporiser vers une flamme ou un corps incandescent. Utiliser et conserver à l'écart de toute flamme ou source d'ignition et d'étincelles, source de chaleur appareil électriqueen fonctionnement. Ne pas fumer. Conserver hors de la portée des enfants. Ne pas vaporiser à moins de 15 cm. Ne pas vaporiser vers les yeux, sur les parties intimes et ne pas inhaler. Utiliser exclusivement selon l'usage préconisé. Procéder par de brèves pressions sans pulvérisation prolongée. Utiliser seulement dans des zones bien ventilées. Ne recycler que les flacons entièrement vides., Alcohol denat, butane, isobutane, propane, parfum, isopropyl, myristate, alpha-isomethyl ionone, benzyl alcohol, benzyl benzoate, benzyl salicylate, citral, citronellol, coumarin, evernia furfuracea (treemoss) extract, geraniol, hydroxycitronellal, hydroxyisohexyl 3-cyclohexene carboxaldehyde, limonene, linalool., A protéger contre les rayons solaires et à ne pas exposer à une température supérieure à 50°C.]|"
22,40€ / L"|"
4,48 €"
4176|Original, déodorant, efficacité longue durée|L'aérosol de 200ml|[Origine : ITALIE, Le déodorant Brut Original vous apporte une efficacité longue durée et tout le raffinement d'un parfum prestige., Récipient sous pression;Ne pas percer ou brûler même après usage;Ne pas vaporiser vers une flamme ou un corps incandescent;Utiliser et conserver à l'écart de toute flamme ou source d'ignition et d'étincelles source de chaleur appareil électrique en fonctionnement;Ne pas fumer;Conserver hors de la portée des enfants;Ne pas vaporiser vers les yeux;Eviter d'inhaler intentionnellement;Utiliser seulement dans des zones bien ventilées;Procéder par de bèvres pressions sans pulvérisation prolongée;Ne pas vaporiser à moins de 15cm des aisselles.;Utiliser exclusivement selon l'usage préconisé, Alcohol denat., butane, isobutane, propane, parfum, isopropyl myristate, benzyl alcohol, benzyl benzoate, benzyl salicylate, citral, citronellol, coumarin, eugenol, evernia furfuracea, evernia prunasti, geraniol, hydroxycitronellal, hydroxyisohexyl 3-cyclohexene carboxaldehyde, limonene, linalool., A protéger contre les rayons solaires et à ne pas exposer à une température supérieure à 50°C.]|"
20,55€ / L"|"
4,11 €"
4177|Déodorant homme fraicheur marine, peaux sensibles, sans sels d'aluminium|L'atomiseur de 200ml|[Origine : FRANCE, Cadum Déohomme peaux sensibles fraîcheur marine vous protège contre les odeurs de transpiration pendant 48h., Pour une efficacité optimale bien agiter avant emploi. Vaporiser à 15 cm de la peau. En cas de bouchage, rincer le diffuseur à l'eau chaude. Récipient sous pression. Ne pas percer ou brûler même après usage. Ne pas vaporiser vers une flamme ou un corps incandescent. Utiliser et conserver à l'écart de toute flamme ou source d'ignition et d'étincelles, source de chaleur ou appareil électrique en fonctionnement. Ne pas fumer. Conserver hors de la portée des enfants. Eviter de vaporiser vers les yeux et d'inhaler intentionnellement. Utiliser seulement dans les zones bien ventilées. Ne pas utiliser pour un usage autre que celui pour lequel il est destiné. En cas d'ingestion consulter immédiatement un médecin et lui montrer l'emballage., Butane, alcohol denat, propane, isobutane, triethyl citrate, parfum/fragrance, propylene glycol, hexyl cinnamal, linalool, limonene, geraniol, alpha isomethyl ionone, citral, citronellol, benzyl alcohol, eugenol. Sans sels d'aluminium, sans paraben., A protéger contre les rayons solaires et à ne pas exposer à une température supérieure à 50°C.]|"
18,80€ / L"|"
3,76 €"
4178|Déodorant homme peaux sensibles, efficacité naturelle de la pierre d'alun|Le spray de 200ml|[Origine : FRANCE, La recherche Cadum, spécialiste de la douceur et du soin a développé pour les hommes une formule déodorante respectueuse de leur peau : ultra efficace, anti irritation et anti traces., Bien agiter avant emploi. Vaporiser à 15 cm de la peau. Récipient sous pression. Ne pas percer ou brûler même après usage. Ne pas vaporiser vers une flamme ou un corps incandescent. Utiliser et conserver à l'écart de toute flamme ou source d'ignitionet d'étincelles, source de chaleur ou appareil électrique en fonctionnement. Ne pas fumer. Conserver hors de la portée des enfants. Eviter de vaporiser vers les yeux et d'inhaler intentionnellement. Utiliser seulement dans les zones bien ventilées.Ne pas utiliser pour un usage autre que celui pour lequel il est destiné., Butane, propane, cyclopentasiloxane, isobutane, potassium alum, parfum, dimethicone, isopropyl myristate, disteardimonium hectorite, propylene carbonate, dimethiconol., A protéger contre les rayons solaires et à ne pas exposer à une température supérieure à 50°C.]|"
19,00€ / L"|"
3,80 €"
4179|Déodorant, 24H anti-transpirant|Le flacon de 200ml|[Origine : ROYAUME UNI, Efficacité anti-transpirante 24h renforcée, anti-irritation et 1/4 de crème hydratante pour plus de confort. Protection optimale., Bien agiter avant emploi. Appuyer fortement dur le diffuseur à la première utilisation. Ne pas vaporiser à moins de 15cm des aisselles. Récipient sous pression. Ne pas percer ou brûler même après usage. Ne pas vaporiser vers une flamme ou un corps incandescent. Conserver et utiliser à l'écart de toute flamme ou source de chaleur, d'ignition et d'étincelles, appareil électrique en fonctionnement. Ne pas fumer. Conserver hors de la portée des enfants. Ne pas appliquer sur la peau irritée ou endommagée. Ne pas vaporiser vers les yeux. Eviter d'inhaler intentionnellement. Utiliser exclusivement selon l'usage préconisé. Procéder par de brèves pressions sans pulvérisation prolongée. Utiliser seulement dans des zones bien ventilées. Ne recycler que des flacons entièrement vides., Butane, isobutane, propane, aluminum chlorohydrate, ppg-14 butyl ether, cyclopentasiloxane, parfum, disteardimonium hectorite, helianthus annuus seed oil, C12-15 alkyl benzoate, dimethiconol, octyldodecanol, bht, propylene carbonate, citric acid, alpha-isomethyl ionone, butylphenyl methylpropional, citronellol, coumarin, hexyl cinnamal, hydroxyisohexyl 3-cyclohexene carboxaldehyde, limonene, linalool. 0% alcohol., A protéger contre les rayons solaires et à ne pas exposer à une température supérieure à 50°C.]|"
20,35€ / L"|"
4,07 €"
4180|Déodorant anti-traces blanches|L'atomiseur de 200ml|[Origine : ROYAUME UNI, Protection optimale. Formulé pour réduire les risques  d'irritation., Bien agiter avant emploi. Appuyez fortement sur le diffuseur à la première utilisation. Procéder par de brèves pressions sans pulvérisation prolongée. Récipient sous pression. Ne pas percer ou brûler même après usage. Ne pas vaporiser vers une flammeou un objet incandescent. Conserver et utiliser à l'écart de toute flamme ou source de chaleur, d'ignition et d'étincelles, appareil électrique en fonctionnement. Ne pas fumer. Conserver hors de la portée des enfants. Ne pas appliquer sur la peau irritée ou endommagée. Ne pas vaporiser vers les yeux. Eviter d'inhaler intentionnellement. Utiliser exclusivement selon l'usage préconisé. Utiliser seulement dans des zones bien ventilées., Butane, isobutane, propane, cyclopentasiloxane, aluminum chlorohydrate, ppg-14 butyl ether, c12-15 alkyl benzoate, parfum, disteardimonium hectorite, dimethiconol, octyldodecanol, helianthus annuus seed oil, bht, propylene carbonate, citric acid, alpha-isomethyl ionone, butylphenyl methylpropional, citronellol, coumarin, hexyl cinnamal, hydroxyisohexyl 3-cyclohexene  carboxaldehyde, limonene, linalool., A protéger contre les rayons solaires et à ne pas exposer à une température supérieure à 50°C.]|"
21,05€ / L"|"
4,21 €"
4181|Déodorant Carbon Protect 5 en 1 Ice Fresh|L'atomiseur de 200ml|[Origine : ALLEMAGNE, Innovation 5en1 : système purifiant anti-odeurs longue durée, micro capteurs d'humidité ultra absorbants, actif anti bactériens, technologie anti traces jaunes et anti traces blanches., Bien agiter avant emploi. Vaporiser à 15 cm de la peau. Récipient sous pression. Ne pas percer ou brûler même après usage. Ne pas vaporiser vers une flamme ou un corps incandescent. Utiliser et conserver à l'écart de toute flamme ou source d'ignitionet d'étincelles, source de chaleur ou appareil électrique en fonctionnement. Ne pas fumer. Conserver hors de la portée des enfants. Eviter de vaporiser vers les yeux et d'inhaler intentionnellement. Utiliser seulement dans les zones bien ventilées.Ne pas utiliser pour un usage autre que celui pour lequel il est destiné., Isobutane, aqua, dimethicone, aluminum chlorohydrate, parfum, charcoal powder, phenoxyethanol, polyglycerin-10, polyglyceryl-10 myristate, polyglyceryl-10 stearate, dimethiconol, limonene, linalool, tetrasodium glutamate diacetate, citronellol, citric acid, lauryl peg-9 polydimethylsiloxyethyl dimethicone, coumarin, (FIL C 51838/1)., A protéger contre les rayons solaires et à ne pas exposer à une température supérieure à 50°C.]|"
22,40€ / L"|"
4,48 €"
4182|Déodorant Fresh Extrême|L'atomiseur de 200ml|[Origine : FRANCE, Technologie haute performance, brevet déposé. Formulée spécialement pour les hommes : formule déodorante anti-transpirante pour réguler la transpiration et combattre les mauvaises odeurs.Micro-capteurs d'humidité ultra absorbants pour garantir un effet sec continu. Parfums frais longue durée. Efficacité 48h garantie., Bien agiter avant chaque utilisation. Vaporiser à 15cm des aisselles. En cas de bouchage, rincer le diffuseur à l'eau chaude. Récipient sous pression. Ne pas percer ou brûler même après usage. Ne pas vaporiser vers une flamme ou un corps incandescent. Conserver à l'écart de toute flamme ou source d'étincelles. Ne pas fumer. Conserver hors de la portée des enfants. Eviter de vaporiser vers les yeux, ou sur une peau irritée et d'inhaler intentionnellement. Ne pas utiliser pour un usage autre que celui pour lequel le produit est destiné. Ne pas utiliser dans une atmosphère confinée. Extrêmement inflammable., Isobutane, dimethicone, aluminum chlorohydrate, triethyl citrate, parfum/fragrance, stearalkonium bentonite, dimethiconol, limonene, linalool, isopropyl palmitate, perlite, citral (F.I.L. C39842/2). Sans alcool., A protéger contre les rayons solaires et à ne pas exposer à une température supérieure à 50°C.]|"
23,10€ / L"|"
4,62 €"
4183|Déodorant Invincible 96H|Le flacon de 200ml|[Origine : FRANCE, Technologie très haute performance. Spécialement pour les hommes à la recherche d'ultra efficacité., Bien agiter avant chaque utilisation. Vaporiser à 15cm des aisselles. En cas de bouchage, rincer le diffuseur à l'eau chaude. Récipient sous pression. Ne pas percer ou brûler même après usage. Ne pas vaporiser vers une flamme ou un corps incandescent. Conserver à l'écart de toute flamme ou source d'étincelles. Ne pas fumer. Conserver hors de la portée des enfants. Eviter de vaporiser vers les yeux ou sur une peau irritée et d'inhaler intentionnellement. Ne pas utiliser pour un usage autre que celui pour lequel le produit est destiné. Ne pas utiliser dans une atmosphère confinée., Isobutane, aluminum chlorohydrate, dimethicone, isopropyl palmitate, triethyl citrate, parfum/fragrance, stearalkonium bentonite, dimethiconol, limonene, linalool, zinc pca, alpha-isomethyl ionone, perlite, citral, coumarin, hexyl cinnamal, (F.I.L. C46019/1)., Protéger contre les rayons solaires et à ne pas exposer à une température supérieure à 50°C.]|"
22,40€ / L"|"
4,48 €"
4184|Déodorant Shirt Protect|L'atomiseur de 200ml|[Origine : FRANCE, Bien agiter avant chaque utilisation. Vaporiser à 15 cm des aisselles. En cas de bouchage, rincer le diffuseur à l'eau chaude. Récipient sous pression. Ne pas percer ou brûler même après usage. Ne pas vaporiser vers une flamme ou un corps incandescent. Conserver à l'écart de toute flamme ou source d'étincelles. Ne pas fumer. Conserver hors de la portée des enfants. Eviter de vaporiser vers les yeux, ou sur une peau irritée et d'inhaler intentionnellement. Ne pas utiliser pour un usage autre quecelui pour lequel le produit est destiné. Ne pas utiliser dans une atmosphère confinée., A protéger contre les rayons solaires et à ne pas exposer à une température supérieure à 50°C.]|"
22,90€ / L"|"
4,58 €"
4185|Déodorant Thermo Resist|Le spray de 200ml|[Origine : FRANCE]|"
22,40€ / L"|"
4,48 €"
4186|Déodorant fresh, tri diffusion 72 heures|L'atomiseur de 200ml|[Origine : FRANCE]|"
23,65€ / L"|"
4,73 €"
4187|Déodorant tri diffusion endurance|L'atomiseur de 200ml|[Origine : FRANCE]|"
96,60€ / L"|"
4,83 €"
4188|Anti-transpirant sans alcool, sans paraben, efficacité 48H       Actif ant-bactérien, fraîcheur propre|L'atomiseur de 200ml|[Origine : FRANCE, Sa formule neutralise les bactéries, responsable des mauvaises odeurs. Votre peau reste saine et fraîche tout au long de la journée., Bien agiter avant chaque utilisation. Vaporiser à 15 cm des aisselles. En cas de bouchage, rincer le diffuseur à l'eau chaude. Récipient sous pression. Ne pas percer ou brûler même après usage. Ne pas vaporiser vers une flamme ou un corps incandescent. Conserver à l'écart de toute flamme ou source d'étincelles. Ne pas fumer. Conserver hors de la portée des enfants. Eviter de vaporiser vers les yeux, ou sur une peau irritée et d'inhaler intentionnellement. Ne pas utiliser pour un usage autre quecelui pour lequel le produit est destiné. Ne pas utiliser dans une atmosphère confinée., Isobutane, aqua, dimethicone, aluminum chlorohydrate, zinc pca, dimethiconol, phenoxyethanol, lauryl peg-9 polydimethylsiloxyethyl dimethicone, tetrasodium glutamate diacetate, parfum (FIL C160659/2). Sans alcool, sans paraben., A protéger contre les rayons solaires et à ne pas exposer à une température supérieure à 50°C.]|"
21,35€ / L"|"
4,27 €"
4189|Déodorant efficacité 24 H , fraîcheur classique|L'aérosol de 200ml|[Origine : FRANCE, Très efficace, il assure une grande protection contre les odeurs de transpiration, tout au long de la journée. Sa formule respecte le mécanisme naturel de la transpiration.Frais et raffiné, son parfum très masculin vous procure une agréable sensationde fraîcheur toute la journée,, Bien agiter avant chaque utilisation. Vaporiser à 15cm des aisselles. En cas de bouchage, rincer le diffuseur à l'eau chaude. Récipient sous pression. Ne pas percer ou brûler même après usage. Ne pas vaporiser vers une flamme ou un corps incandescent. Conserver à l'écart de toute flamme ou source d'étincelles. Ne pas fumer. Conserver hors de la portée des enfants. Eviter de vaporiser vers les yeux ou sur une peau irritée et d'inhaler intentionnellement. Ne pas utiliser pour un usage autre que celui pour lequel le produit est destiné. Ne pas utiliser dans une atmosphère confinée., Isobutane, alcohol denat, aqua/water, isopropyl myristate, linalool, geraniol, eugenol, coumarin, farnesol, limonene, citral, citronellol, hydroxycitronellal, hexyl, cinnamal, benzyl cinnamate, parfum/fragrance. (F.I.L. C40919/1)., A protéger contre les rayons solaires et à ne pas exposer à une température supérieure à 50°C.]|"
17,25€ / L"|"
3,45 €"
4190|Déodorant homme impeccable anti-traces global|L'atomiseur de 200ml|[Origine : FRANCE, Le 1er déodorant Narta efficace 48 h pour une action anti-traces globale. Anti-traces blanches sur vêtement noirs. Anti-traces jaunes sur vêtement blancs. Anti-décoloration sur vêtement colorés., Bien agiter avant chaque utilisation. Vaporiser à 15 cm des aisselles. En cas de bouchage, rincer le diffuseur à l'eau chaude. Extrêmement inflammable. Ne pas vaporiser vers une flamme ou un corps incandescent. Conserver à l'écart de toute flamme ousource d'étincelles. Ne pas fumer. Conserver hors de la portée des enfants. Eviter de vaporiser vers les yeux, ou sur peau irritée et d'inhaler intentionnellement. Ne pas utiliser pour un usage autre que celui pour lequel le produit est destiné. Ne pas utiliser dans une atmosphère confinée., Isobutane, aqua / water, dimethicone, aluminum chlorohydrate, parfum/fragrance, linalool, dimethiconol, alpha-isomethyl ionone, perlite, phenoxyethanol, limonene, lauryl peg-9 polydimethylsiloxyethyl dimethicone, tetrasodium glutamate diacetate, citral (f.i.l C163914/2)., Récipient sous pression, à protéger contre les rayons solaires et à ne pas exposer à une température supérieure à 50°C, ne pas percer ou brûler même après usage.]|"
23,10€ / L"|"
4,62 €"
4191|Déodorant homme pierre d'alun|L'atomiseur de 200ml|[Origine : FRANCE, Le 1er déodorant hypoallergénique à la pierre d'alun pour une double efficacité minérale 24h contre les odeurs et l'humidité. Fraîcheur naturelle : une parfum frais, naturel et longue durée., Bien agiter avant chaque utilisation. Vaporiser à 15cm des aisselles. En cas de bouchage, rincer le diffuseur à l'eau chaude. Récipient sous pression. Ne pas percer ou brûler même après usage. Ne pas vaporiser vers une flamme ou un corps incandescent. Conserver à l'écart de toute flamme ou source d'étincelles. Ne pas fumer. Conserver hors de la portée des enfants. Eviter de vaporiser vers les yeux ou sur une peau irritée et d'inhaler intentionnellement. Ne pas utiliser pour un usage autre que celui pour lequel le produit est destiné. Ne pas utiliser dans une atmosphère confinée., Isobutane, dimethicone, isopropyl palmitate, potassium alum, triethyl citrate, parfum/fragrance, stearalkonium bentonite, perlite, dimethiconol (F.I.L. C41309/1). Sans alcool., A protéger contre les rayons solaires et à ne pas exposer à une température supérieure à 50°C.]|"
21,35€ / L"|"
4,27 €"
4192|Déodorant homme protection 5, anti-odeurs, anti-humidité, anti-irritations, anti-traces blanches, anti-traces jaunes|L'atomiseur de 200ml|[Origine : FRANCE, Protection 5 : une protection intégrale sans compromis : l'alliance parfaite entre efficacité anti-transpirante, et respect de la peau et des vêtements.Protection 5 : anti-odeurs, anti-humidité, anti-picotements, anti-traces blanches, anti-traces jaunes., Récipient sous pression. Ne pas percer ou brûler, même après usage. Ne pas vaporiser vers une flamme ou un objet incandescent. Conserver et utiliser à l'écart de toute flamme ou source de chaleur, d'ignition et d'étincelles, appareil électrique en fonctionnement. Ne pas fumer. Conserver hors de la portée des enfants. Ne pas appliquer sur la peau irritée ou endommagée. Ne pas vaporiser à moins de 15cm des aisselles. Ne pas vaporiser vers les yeux. Eviter d'inhaler intentionnellement. Utiliser exclusivement selon l'usage préconisé. Procéder par de brèves pressions sans pulvérisation prolongée. Utiliser seulement dans des zones bien ventilées. Ne recycler que des flacons entièrement vides., Isobutane, aqua, dimethicone, aluminium chlorohydrate, parfum, linalool, dimethiconol, coumarin, phenoxyethanol, limonene, lauryl peg-9 polydimethylsiloxyethyl dimethicone, tetrasodium glutamate diacetate, citronellol, citral, benzyl salicylate, benzyl alcohol (FIL C51846/1)., A protéger contre les rayons solaires et ne pas exposer à une température supérieure à 50°C.]|"
21,05€ / L"|"
4,21 €"
4193|Déodorant Resixyl homme, Anti-transpirant, 72h|L'atomiseur de 200ml|[Origine : FRANCE, Régule votre flux sudoral pour éviter les désagréments liés à la transpiration : odeurs, sensations d'humidité, et auréoles, agit sur les pics de transpiration sans bloquer ce mécanisme naturel.Une formule efficace jusqu'à 72h., Bien agiter avant chaque utilisation. Vaporiser à 15cm des aisselles. En cas de bouchage, rincer le diffuseur à l'eau chaude. Convient pour une utilisation quotidienne. Vous pouvez l'utiliser en cure sur les 1ers jours d'utilisation en l'appliquant le soir. Ceci participera à la régulation progressive de votre flux sudoral. Récipient sous pression. Ne pas percer ou brûler même après usage. Ne pas vaporiser vers une flamme ou un corps incandescent. Conserver à l'écart de toute flamme ou source d'étincelles. Ne pas fumer. Conserver hors de la portée des enfants. Eviter de vaporiser vers les yeux, ou sur une peau irritée et d'inhaler intentionnellement. Ne pas utiliser pour un usage autre que celui pour lequel le produit est destiné. Ne pas utiliser dans une atmosphère confinée., Isobutane, aluminum chlorohydrate, dimethicone, isopropyl palmitate, triethyl citrate, parfum/fragrance, stearalkonium bentonite, geraniol, linalool, dimethiconol, perlite, coumarin, limonene, citronellol, hexyl cinnamal, benzyl salicylate, benzyl alcohol (F.I.L. C44135/1). Sans alcool. Sans paraben., A protéger contre les rayons solaires et à ne pas exposer à une température supérieure à 50°C.]|"
23,65€ / L"|"
4,73 €"
4194|Invisimax, déodorant anti-transpirant ultra-efficacité 24h, anti-traces blanches, fraîcheur intense|L'aérosol de 200ml|[Origine : FRANCE, Un déodorant ultra-efficace 24h et anti-traces blanches sur vos vêtements. Ultra efficace 24h, formule anti-transpirante vous protège très efficacement pendant 24h contre : odeurs et humidité.Anti-traces blanches sur les vêtements, sa formule inéditea été spécialement conçue pour agir sans laisser de traces blanches sur vos vêtements. Fraîcheur intense : un parfum frais, discret et longue durée., Bien agiter avant chaque utilisation. Vaporiser à 15cm des aisselles. En cas de bouchage, rincer le diffuseur à l'eau chaude. Récipient sous pression. Ne pas percer ou brûler, même après usage. Ne pas vaporiser vers une flamme ou un corps incandescent. Conserver à l'écart de toute flamme ou source d'étincelles. Ne pas fumer.  Conserver hors de la portée des enfants. Eviter de vaporiser vers les yeux ou sur une peau irritée et d'inhaler intentionnellement. Ne pas utiliser pour un autre usage quecelui pour lequel le produit est destiné. Ne pas utiliser dans une atmosphère confinée, Isobutane, cyclopentasiloxane, isopropyl palmitate, aluminum chlorohydrate, parfum/fragrance, triethyl citrate, stearalkonium bentonite, geraniol, linalool, limonene, citronellol, hexyl cinnamal, benzyl salicylate (FIL C24559/1)., A protéger contre les rayons solaires et à ne pas exposer à une température supérieure à 50°C.]|"
20,55€ / L"|"
4,11 €"
4195|Narta deodorant homme nord extreme atomiseur|L'aérosol de 200ml|[Origine : FRANCE, Efficacité 24H: ses actifs anti-transpirants ultra-efficaces assurent une protection longue durée contre les odeurs et l'humidité même en cas d'activité intense. Ultra-fraîcheur longue durée : Sa formule exclusive au Cryo-Menthol et son parfum tonique vous procurent une fraîcheur intense dès l'application et durant toute la journée. Respect de la peau : NARTA HOMME Nord Extrême est SANS ALCOOL et testé sous CONTRÔLE DERMATOLOGIQUE. Il respecte ainsi parfaitement votre peau.]|"
15,96€ / L"|"
3,99 €"
4196|Cool kick, anti-transpirant 24h, protection fraîcheur extrême, formule cool-care|La bombe de 200ml|[Origine : FRANCE, Régule la transpiration efficacement pendant 48h, parfum masculin et frais. Effet coup de frais vivifiant. Tolérance cutanée prouvée sous contrôle dermatologique., Vaporiser à 15cm de l'aisselle. Laisser sécher après application. Récipient sous pression. Ne pas percer ou brûler même après usage. Ne pas vaporiser près d'une flamme ou d'un corps incandescent. Ne pas vaporiser dans les yeux. Ne pas utiliser sur une peau lésée ou irritée. Conserver à l'écart de toute flamme ou source d'étincelles. Ne pas fumer. Conserver hors de portée des enfants., Butane, isobutane, propane, cyclomethicone, aluminum chlorohydrate, disteardimonium hectorite, dimethicone, octyldodecanol, persea gratissima oil, butyloctanoic acid, tocopheryl acetate, geraniol, parfum. Sans alcool, ni colorant, ni conservateur., A protéger des rayons solaires et à ne pas exposer à une température supérieure à 50°C.]|"
21,90€ / L"|"
4,38 €"
4197|Déodorant homme, Anti-transpirant|Le roll-on de 50ml|[Origine : FRANCE, Testé sous contrôle dermatologique. Ne pas appliquer sur une peau irritée ou abîmée., Aqua, alcohol denat, aluminum chlorohydrate, ppg-26 buteth-26, parfum, hydroxyethylcellulose, peg-40 hydrogenated castor oil, ethylhexylglycerin., 12 mois après ouverture.]|"
39,20€ / L"|"
1,96 €"
4198|Déodorant intensive cool & dry|Le roll-on de 50ml|[Origine : ESPAGNE, Formule minimisant les traces blanches sur la peau et les vêtements., Ne pas appliquer sur la peau irritée ou endommagée., Aqua/water, aluminum zarconium octachlorhydrex gly, hydroxypropyl starch phosphate, parfum/fragrance, disodium edta, benzyl salicylate, hexyl cinnamal, limonene, butylphenyl methylpropional, caeslpina spinosa gum, hydrogenated polydecene sorbitan sesquioleate, coumarin, hydroxyisohexyl 3-cyclohexene carboxaldehyde, citronellol, sucrose stearate, geraniol, silica, ethylhexylglycerin, gossypium herbaceum (cotton) powder, bht., 36 mois après ouverture.]|"
85,40€ / L"|"
4,27 €"
4199|Déodorant homme fraicheur marine, peaux sensibles, sans sels d'aluminium|Le roll-on de 50ml|[Origine : FRANCE, Efficacité anti odeur 48h., Aqua/water, alcohol denat, glycerin, triethyl citrate, peg-40 hydrogenated castor oil, parfum/fragrance, hydroxyethylcellulose, linalool, geraniol, eugenol, alpha isomethyl ionone, limonene, citral, citronellol, citric acid, hexyl cinnamal, benzyl alcohol, (FIL C162095/2)., 18 mois après ouverture.]|"
75,20€ / L"|"
3,76 €"
4200|Déodorant homme peaux sensibles, efficacité naturelle de la pierre d'alun|Le roll-on de 50ml|[Origine : FRANCE, Ne pas utiliser sur une peau irritée ou abîmée., Aqua, ppg-15 stearyl ether, glycerin, potassium alum, steareth-2, propylene glycol, steareth-21, parfum, c12-13 alkyl lactate, sodium benzoate, ethylhexylglycerin, tocopherol., 12 mois après ouverture.]|"
76,00€ / L"|"
3,80 €"
4201|D{odorant carbon protect 5 en 1 green tonic|Le roll-on de 50ml|[Origine : FRANCE]|"
90,40€ / L"|"
4,52 €"
4202|Déodorant Carbon Protect 5 en 1 Ice Fresh|Le roll-on de 50ml|[Origine : ALLEMAGNE, 5en1 : anti odeurs, anti humidité, anti bactéries, anti traces jaunes et blanches., Agiter avant emploi., Aqua, aluminum chlorohydrate, dimethicone, c14-22 alcohols, steareth-100/peg-136/hdi copolymer, parfum, perlite, c12-20 alkyl glucoside, charcoal powder, citric acid, citronellol, coumarin, iodopropynyl butylcarbamate, limonene, linalool, polyglycerin-10, polyglycerin-10 myristate, polyglycerin-10 stearate, tetrasodium glutamate diacetate (FIL C51836/1)., 12 mois après ouverture.]|"
86,40€ / L"|"
4,32 €"
4203|Déodorant Fresh Extrême|Le roll-on de 50ml|[Origine : FRANCE, Efficacité 48h garantie., Aqua/water, aluminum chlorohydrate, dimethicone, C14-22 alcohols, steareth-100/PEG-136/HDI copolymer, parfum/fragrance, perlite, C12-20 alkyl glucoside, iodopropynyl butylcarbamate, limonene, linalool, citral. (FIL C39356/1). Sans alcool., 12 mois après ouverture.]|"
90,40€ / L"|"
4,52 €"
4204|Déodorant Invincible 96H|Le roll-on de 50ml|[Origine : FRANCE, Déodorant invincible 96h non stop, protection extrême., Agiter avant emploi., Aqua/water, aluminum chlorohydrate, dimethicone, c14-22 alcohols, perlite, steareth-100/peg-136hdi copolymer, parfum/fragrance, c12-20 alkyl glucoside, iodopropynyl butylcarbamate, limonene, zinc pca, linalool, alpha-isomethylionone, citral, coumarin, hexyl cinnamal (F.I.L. C46020/1), Se conserve 12 mois après ouverture]|"
90,40€ / L"|"
4,52 €"
4205|Déodorant Shirt Protect|Le roll-on de 50ml|[Origine : FRANCE, Agiter avant emploi., 12 mois après ouverture.]|"
92,40€ / L"|"
4,62 €"
4206|Déodorant Thermic Resist|Le déodorant de 50ml|[Origine : POLOGNE, Protection coups de chaud efficace même à 45°C., Agiter avant emploi., Aqua/water, aluminum chlorohydrate, dimethicone, C14-22 alcohols, parfum/fragrance, steareth-100, peg-136, hdi copolymer, perlite, C12-20 alkyl glucoside, phenoxyethanol, limonene, linalool, disteardimonium hectorite, citral, coumarin, hexyl cinnamal. (F.I.L. C163806/2).Testé dermatologiquement., 12 mois après ouverture.]|"
90,40€ / L"|"
4,52 €"
4207|Déodorant protection Blue|Le stick de 50ml|[Origine : FRANCE, Système triple efficacité : 1.Anti-auréoles, 2.Anti-humidité, 3.Anti-odeurs. Parfum Blue Fresh pour une fraîcheur efficace. Hypoallergénique et sans alcool, elle respect votre peau même sensible.Sans alcool., Aqua/water, aluminium chlorohydrate, cetearyl alcohol, ceteareth-33, parfum/fragrance, nylon-12, phenoxyethanol, dimethicone, pentylene glycol (F.I.L C38886/1)., A conserver 12 mois après ouverture.]|"
89,60€ / L"|"
4,48 €"
4208|Anti-transpirant fraîcheur propre sans alcool, Actif anti-bactérien + Zinc purifiant|Le roller de 50ml|[Origine : FRANCE, Efficacité anti-transpirante et anti-odeurs 48h., Aqua, aluminum chlorohydrate, cetearyl alcohol, ceteareth-33, parfum, zinc pca, dimethicone, phenoxyethanol, tetrasodium glutamate diacetate, pentylene glycol (FIL C160660/2)., 12 mois après ouverture.]|"
94,60€ / L"|"
4,73 €"
4209|Anti-transpirant homme, efficacité 48h, fraîcheur classique|Le roll-on de 50ml|[Origine : FRANCE, Efficace jusqu'à 48h, il réduit les excès de transpiration responsables des odeurs corporelles. Sans alcool et testé dermatologiquement, il respecte la peau.Un parfum classique, raffiné et masculin, une fraîcheur longue durée., Aqua/water, aluminium chlorohydrate, PPG-15 stearyl ether, cetearyl alcohol, ceteareth-33, parfum/fragrance, linalool, geraniol, dimethicone, eugenol, methylparaben, alpha-isomethyl ionone, coumarin, limonene, propylparaben, citral, citronellol, hexyl cinnamal, butylphenyl methylpropional (C21031/1). Sans alcohol., 12 mois après ouverture.]|"
86,40€ / L"|"
4,32 €"
4210|Déodorant homme pierre d'alun, 24h|Le roll-on de 50ml|[Origine : FRANCE, Aqua/water, PEG-15 stearyl ether, cetearyl alcohol, potassium alum, ceteareth-33, parfum/fragrance, perlite, dimethicone, iodopropynyl butylcarbamate (FIL C40387/1)., A conserver 12 mois après ouverture.]|"
88,40€ / L"|"
4,42 €"
4211|Déodorant homme protection 5, anti-odeurs, anti-humidité, anti-irritations, anti-traces blanches, anti-traces jaunes|Le roll-on de 50ml|[Origine : FRANCE, Anti-odeurs. Anti-humidité. Anti-irritations. Anti-traces blanches. Anti-traces jaunes., Aqua/water, aluminum chlorohydrate, cetearyl alcohol, ceteareth-33, parfum/fragrance, linalool, dimethicone, phenoxyethanol, limonene, iodopropynyl butylcarbamate, tetrasodium glutamate diacetate, citronellol, pentylene glycol, benzyl salicylate, benzyl alcohol (F.I.L. B52217/1). Sans paraben., 12 mois après ouverture.]|"
88,40€ / L"|"
4,42 €"
4212|Homme, anti-transpirant nord extrême, ultra fraîcheur au cryo-menthol|Le roll-on 50ml|[Origine : FRANCE, Efficacité non-stop 48h : protection anti-transpirante longue durée., Aqua, alcohol denat, aluminum chlorohydrate, parfum, PPG-26-buteth-26, PEG-40 hydrogenated castor oil, linalool, geraniol, eugenol, coumarin, limonene, hydroxyethylcellulose, citronellol, menthoxypropanediol, hexyl cinnamal.]|"
78,00€ / L"|"
3,90 €"
4213|Invisimax, anti-transpirant fraîcheur intense, anti-traces blanches|Le roll-on de 50ml|[Origine : FRANCE, Ultra efficacité 48h. Anti-traces blanches sur les vêtements., Aqua/water, alcohol denat., aluminium chlorohydrate, parfum/fragrance, BHT, PPG-26-buteth-26, PEG-40 hydrogenated castor oil, geraniol, linalool, disodium edta, limonene, hydroxyethylcellulose, citronellol, hexyl cinnamal, benzyl saucylate, (F.I.L C24879/1).]|"
86,40€ / L"|"
4,32 €"
4214|Cool kick, anti-transpirant 24h, protection fraîcheur extrême, formule cool-care|Le roll-on de 50ml|[Origine : FRANCE, Anti-transpirant fraîcheur instantanée. Restez cool., Aqua, alcohol denat, aluminum chlorohydrate, PEG-8, PEG-40 hydrogenated castor oil, parfum, octyldodecanol, hydroxyethylcellulose, citric acid, geraniol., 12 mois après ouverture.]|"
86,40€ / L"|"
4,32 €"
4215|Déodorant anti-transpirant 24h, protection anti-humidité|Le roll-on de 50ml|[Origine : FRANCE, Protection anti-humidité. Aux minéraux. Restez sec., Aqua, aluminum chlorohydrate, PPG-15 stearyl ether, steareth-2, steareth-21, parfum, persea gratissima oil, magnesium aluminum silicate, trisodium EDTA, linalool, benzyl alcohol, limonene. 0% alcohol., 12 mois après ouverture.]|"
85,40€ / L"|"
4,27 €"
4217|Déodorant anti-transpirant 24h, protection anti-irritation|Le roll-on de 50ml|[Origine : FRANCE, Anti-transpirant 24h. Formule anti-irritation sans alcool., Aqua, aluminum chlorohydrate, PPG-15 stearyl ether, steareth-2, steareth-21, parfum, persea gratissima oil, bisabolol, chamomilla recutita flower extract, glycine soja, trisodium EDTA, BHT, geraniol, citronellol, linalool. 0% alcohol., 12 mois après ouverture.]|"
88,40€ / L"|"
4,42 €"
4218|Déodorant invisible for black & white power 48h|Le roll-on de 50ml|[Origine : FRANCE, Invisible sur les vêtements noirs et blancs. Tolérance cutanée prouvée sous contrôle dermatologique., Aqua, aluminium chlorohydrate, isoceteth-20, paraffinum liquidum, butylene glycol, glyceryl isostearate, laureth-7 citrate, parfum, palmitamidopropyltrimonium chloride, propylene glycol, peg-150 distearate, linalool, limonene, geraniol. Sans alcool.Sans colorant., 12 mois après ouverture.]|"
83,40€ / L"|"
4,17 €"
4219|Déodorant invisible for black & white power 48h|Le roll-on de 50ml|[Origine : FRANCE, Invisible sur les vêtements noirs et blancs. Tolérance cutanée prouvée sous contrôle dermatologique., Aqua, aluminium chlorohydrate, isoceteth-20, paraffinum liquidum, butylene glycol, glyceryl isostearate, laureth-7 citrate, parfum, palmitamidopropyltrimonium chloride, propylene glycol, peg-150 distearate, linalool, limonene, geraniol. Sans alcool.Sans colorant., 12 mois après ouverture.]|"
83,40€ / L"|"
4,17 €"
4220|Fresh active, anti-transpirant 24h, fraîcheur longue durée, aux extraits océaniques|Le roll-on de 50ml|[Origine : FRANCE, Sensation de fraîcheur toute la journée. Aux extraits océaniques.Restez frais. Sensation de fraîcheur toute la journée., Aqua, aluminum chlorohydrate, isoceteth-20, paraffinum liquidum, butylene glycol glyceryl isostearate, parfum, persea gratissima oil, maris limus extract, ostrea shell extract, peg-150 distearate, propylene glycol, geraniol, benzyl alcohol., 12 mois après ouverture.]|"
89,60€ / L"|"
4,48 €"
4221|Silver protect, anti-transpirant 24h, protection anti-bactérienne aux molécules d'argent|Le roll-on de 50ml|[Origine : FRANCE, Anti-transpirant. Elimine les odeurs corporelles. Aux ions d'argent., Aqua, alcohol denat, aluminium chlorohydrate, PEG-8, PEG-40 hydrogenated castor oil, parfum, silver citrate, hydroxyethylcellulose, citric acid, octyldodecanol, limonene, butylphenyl methylpropional, coumarin, eugenol, benzyl alcohol., 12 mois après ouverture.]|"
87,60€ / L"|"
4,38 €"
4222|Déodorant maximum protection, transpiration excessive|Le roll-on de 45ml|[Origine : FRANCE, Une formule au Trisolid élaborée pour vous apporter : la meilleure efficacité Rexona contre la transpiration, une technologie d'encapsulation pour lutter contre les odeurs, un agent hydratant., Pour une efficacité optimale, appliquez sous les aisselles le soir avant de vous coucher. La formule au Trisolid agit pendant que vous dormez pour vous offrir une efficacité maximum contre la transpiration. Cette protection reste efficace le jour suivant, même après une douche. Vous pouvez également appliquer Rexona maximum Protection le matin., Cyclopentasiloxane, aluminum zirconium tetrachlorohydrex gly, dimethicone, dimethicone crosspolymer, cera microcrystallina, paraffin, parfum, silica, sodium starch octenylsuccinate, mannitol, bht, citric acid, sodium ascorbate, calcium disodium edta,hydrated silica, benzyl alcohol, benzyl benzoate, citronellol, coumarin, eugenol, hexyl cinnamal, hydroxyisohexyl 3-cyclohexene carboxaldehyde, limonene, linalool.]|"
145,33€ / L"|"
6,54 €"
4223|Déodorant 24h dermo anti-traces blanches, 0% alcool|Le roll-on de 50ml|[Origine : FRANCE, Complexe anti-irritation : 0% alcool. Parfum masculin développé pour réduire les risques d'allergies. 24h de protection efficace contre l'humidité. Sanex, garde la peau saine., Laissez sécher avant de vous habiller. Ne pas utiliser sur une peau irritée ou abîmée. En cas d'irritation, arrêter l'utilisation., Aqua, aluminum chlorohydrate, glycerin, PPG-15 stearyl ether, steareth-2, cyclopentasiloxane, steareth-21, parfum, talc, dimethicone, BHT. 0% alcohol., 12 mois après ouverture.]|"
100,00€ / L"|"
5,00 €"
4224|Déodorant active control|Le roll on de 50ml|[Origine : FRANCE, Complexe anti-irritation : formulé pour minimiser les risques d'irritation de la peau. Protège efficacement durant 48 heures., En cas d'irritation, arrêter l'utilisation. Laisser sécher avant de vous habiller., 12 mois après ouverture.]|"
102,80€ / L"|"
5,14 €"
4225|Déodorant homme dermo double protect|Le stick de 50ml|[Origine : FRANCE, 48h de protection efficace contre l'humidité et les odeurs corporelles. Parfum masculin développé pour minimiser les risques d'irritation., En cas d'irritation, arrêter l'utilisation. Laisser sécher avant de vous habiller., Elaeis guineensis kernel oil, aluminum zirconium tetrachlorohydrex gly, stearyl alcohol, cyclopentasiloxane, c12-15 alkyl benzoate, ppg-14 butyl ether, hydrogenated castor oil, hydrogenated soybean oil, peg-8 distearate, parfum, behenyl alcohol, citric acid, pentaerithrityl tetra-di-t-butyl-hydroxyhydrocinnamate., 12 mois après ouverture.]|"
100,00€ / L"|"
5,00 €"
4226|Natur protect, efficacité naturelle, Natural Odour Control, pierre d'Alun, peaux normales|Le roll-on de 50ml|[Origine : FRANCE, Sanex Men Natur Protect est formulé à base de Pierre d'Alun, un minéral naturel pour une protection efficace pendant 24h., Laisser sécher avant de vous habiller. Ne pas utiliser sur une peau irritée ou abîmée., Aqua, glycerin, PPG-15 stearyl ether, steareth-2, potassium alum, cyclopentasiloxane, steareth-21, parfum, talc, dimethicone, BHT, phenoxyethanol. 0% aluminium chlorohydrate, parabens, alcohol., 12 mois après ouverture.]|"
100,00€ / L"|"
5,00 €"
4227|Déodorant ice blue anti traces blanches sans sels d'alluminium|Le stick de 75 ml|[Origine : ITALIE, Parfum frais. Protège contre les odeurs pendant 24 heures. Protège contre les traces blanches., Ne pas appliquer sur la peau irritée ou endommagée., 12 mois après ouverture.]|"
54,80€ / L"|"
4,11 €"
4228|Déodorant peau sensible, anti traces blanches, sans alcool+aloe vera|Le stick de 75 ml|[Origine : ITALIE, Protège la peau. Protège contre les odeurs pendant 24 heures. Protège contre les traces blanches. Spécialement formulée pour la protection de votre peau. Williams Expert, protection 24 h, formule soin à l'aloe vera, 0% d'alcool., Ne pas appliquer sur la peau irritée ou endommagée., 12 mois après ouverture.]|"
55,33€ / L"|"
4,15 €"
4230|Original, anti-transpirant|Le stick de 50ml|[Origine : FRANCE, Ne pas appliquer sur la peau irritée ou endommagée., Cyclomethicone, aluminum zirconium tetrachlorohydrex GLY, PPG-14 butyl ether, stearyl alcohol, hydrogenated castor oil, talc, PEG-8 distearate, parfum, BHT, amyl cinnamal, benzyl benzoate, benzyl salicylate, citral, citronellol, coumarin, eugenol, geraniol, hydroxycitronellal, hydroxyisohexyl 3-cyclohexene carboxaldehyde, limonene, linalool. Sans alcool.]|"
96,20€ / L"|"
4,81 €"
4231|Déodorant efficacité 24h, stick large contrôle, ice Fresh, menthe givrée|Le stick de 50ml|[Origine : FRANCE]|"
84,20€ / L"|"
4,21 €"
4232|Déodorant endurance 72h|Le stick de 50ml|[Origine : FRANCE, Contre les traces d'humidité qui laissent des auréoles., Refermer le stick à l'aide de son capot et de son opercule protecteur, après chaque utilisation., Aqua/water, aluminum chlorohydrate, isopropyl palmitates, synthetic wax, dimethicone, beheneth-10, cetyl peg/ppg-10/1 dimethicone, parfum/fragrance, peg/ppg-18/18 dimethicone, linalool, eugénol, perlite, coumarin, phenoxyethanol, nylon-12, limonène,citral, pentylene glycol, polyglyceryl-3 diisostearate, acrylates copolymer (fil C163903/2)., 12 mois après ouverture.]|"
98,60€ / L"|"
4,93 €"
4233|Déodorant stick, efficacité|Le stick de 50ml|[Origine : FRANCE]|"
100,80€ / L"|"
5,04 €"
4234|Déodorant stick large, contrôle H-24, musk|Le stick de 50ml|[Origine : FRANCE, Stick Large H-24 protection optimale, pour une efficacité à toute épreuve contre les odeurs de transpiration.Son applicateur ergonomique avec son dôme arrondi assure un plus grand confort à l'utilisation. Sa forme facilite la prise en main., Dipropylene Glycol, Tripropylene Glycol, Aqua/water, Propylene Glycol, Sodium Stearate, Parfum/ Fragrance, CI 14700 / RED 4, Stearyl Alcohol, Geraniol, Linalool, Eugenol, Sodium Chloride, Coumarin, Cinnamal, Limonene, Hydroxyisohexyl 3-cyclohexene, Carboxaldehyde, Citronellol, Butylphenyl Methylpropional, Hexyl Cinnamal, Benzyl Benzoate, Benzyl Cinnamate. (F.I.L C28572/1)]|"
82,20€ / L"|"
4,11 €"
4235|Déodorant stick large, contrôle H-24, vert|Le stick de 50ml|[Origine : FRANCE, Stick large H-24 protection renforcée, pour une meilleure efficacité contre les odeurs de transpiration. EFFICACITE 24H Sa formule anti-évaporation (brevet USA déposé) a été testée dans des situations extrêmes pour une efficacité renforcée contre lesodeurs même après 24H. Sans alcool, il respecte votre peau. Son applicateur breveté avec son dôme arrondi assure un plus grand confort à l'application : plus doux, il limite les irritations. Sa forme facilite la prise en main., DlPROPYLENE GLYCOL, TRIPROPYLENE GLYCOL, AQUA / WATER, PROPYLENE GLYCOL, SODIUM STEARATE, PARFUM / FRAGRANCE CI 19140/YELLOW 5, CI 42090/BLUE 1, STEARYL ALCOHOL, LINALOOL, GERANIOL, TRICLOSAN, SODIUM CHLORIDE, COUMARIN, LIMONENE, CITRONELLOL, CITRAL,BENZYL BENZOATE. ( F.I.L. C21039/1).]|"
77,40€ / L"|"
3,87 €"
4236|Déodorant stick large Contrôle H-24, Marine|Le stick de 50ml|[Origine : FRANCE, Stick Large H-24 protection optimale, pour une efficacité à toute épreuve contre les odeurs de transpiration. Efficacité 24h. Innovation pratique.Quelles que soient les circonstances, sa formule anti-évaporation (brevet déposé) reste efficace contreles odeurs pendant 24H. Sans alcool et testé sous contrôle dermatologique. Son applicateur ergonomique avec son dôme arrondi assure un plus grand confort à l'application. Sa forme facilite la prise en main., Dipropylene glycol, tripropylene glycol, aqua/water, propylene glycol, sodium stearate, parfum/fragrance, Cl 60730/ext violet 2, Cl 61565/green 6, stearyl alcohol, linalool, geraniol, isoeugenol, eugenol, alpha-isomethyl ionone, sodium chloride, coumarin, limonene, hydroxyisohexyl 3-cyclohexene carboxaldehyde, citronellol, butylphenyl methylpropional, benzyl salicylate. (F.I.L. C30672/1).]|"
84,20€ / L"|"
4,21 €"
4237|Gel ultra frais anti transpirant, Pacific Blue|Le stick de 75ml|[Origine : FRANCE, Testé dans des conditions extrêmes de chaleur et d humidité, le gel X- THEME régule la transpiration jusqu'à 48H, pour une efficacité extrême contre les odeurs et les auréoles, même en cas d'activité intense. Sa formule procure une sensation de fraîcheur extrême à l'application et révèle un parfum ultra trais très longue durée. Son applicateur au dôme arrondi permet une application facile et rapide., Dosage: Première utilisation tourner la molette de gauche à droite jusqu'à apparition du gel. Utilisa tions suivantes: 1 dose = 2 ou 3 clics maximum. Conditions d'emploi: Ne pas appliquer sur la peau irritée ou endommagée. Conserver hors de la portéedes enfants., AQUA,   ALUMINUM ZIRCONIUM TETRACHLOROHYDREX GLY, CYCLOPENTASILOXANE, ALCOHOL DENAT., TRIPROPYLENE GLYCOL, DIMETHICONE, PROPYLENE GLYCOL, PHENYL TRIMETHICONE, PEG/PPG-18/18 DIMETHICONE, PARFUM, BENZYL SALICYLATE, BUTHYLPHENYL METHYLPROPIONAL, COUMARIN, LIMONENE., 12 mois après ouverture.]|"
72,67€ / L"|"
5,45 €"
4238|Ocean surf, déodorant gel ultra-frais anti-transpirant, regular 48h|Le stick de 75ml|[Origine : FRANCE, Testé dans des conditions extrêmes de chaleur, le gel X-Treme régule la transpiration jusqu'à 48H, pour une efficacité extrême contre les odeurs et les auréoles, même en cas d'activité intense.Sa formule procure une sensation de fraîcheur extrême à l'application et révèle un parfum ultra frais très longue durée. Son applicateur au dôme arrondi permet une application facile et rapide., Première utilisation tourner la molette de gauche à droite jusqu'à apparition du gel. Utilisations suivantes 1 dose = 2 ou 3 clics maximum. Ne pas appliquer sur la peau irritée ou endommagée. Conserver hors de la portée des enfants., Aqua, aluminium zirconium tetrachlorohydrex gly, cyclopentasiloxane, alcohol denat, tripropylene glycol, dimethicone, propylene glycol, phenyl trimethicone, PEG/PPG-18/18 dimethicone, parfum, citronellol, coumarin, geraniol, limonene, linalool., 12 mois après ouverture.]|"
77,60€ / L"|"
5,82 €"
4239|X-treme, déodorant gel anti-transpirant ice fresh, régulateur 48h|le stick de 75ml|[Origine : FRANCE, Sa technologie anti-transpirante régule efficacement la transpiration et vous protège contre les odeurs et les auréoles pendant 48H même en cas d'activité intense.Testé dans des conditions extrêmes de chaleur et d'humidité. Fraîcheur glacée à l'application. une formule en gel ultra frais au parfum givré très longue durée. Efficacité anti-humidité 48H., A l'ouverture : tourner la molette de gauche à droite jusqu'à apparition du gel. Ensuite: 1 dose = 2 clics. Le dôme arrondi permet une application facile et rapide. Appliquer le gel, laisser sécher puis finir de s'habiller. Ne pas appliquer sur la peau irritée ou endommagée. Conserver hors de la portée des enfants., Aqua, aluminum zirconium tetrachlorohydrex gly, cyclomethicone, alcohol denat, tripropylene glycol, dimethicone, propylene glycol, phenyl trimethicone, PEG/PPG-18/18 dimethicone, parfum, alpha-isomethyl ionone, benzyl salicylate, citronellol, coumarin, linalool., 12 mois après ouverture.]|"
69,07€ / L"|"
5,18 €"
4240|Déodorant homme impeccable anti-traces global|Le roll-on de 50ml|[Origine : FRANCE, Narta lance les 1ers déodorants efficaces 48H pour une action anti traces globales : anti traces jaunes et blanches + anti décoloration., Ne pas appliquer sur le visage., Aqua / water, aluminum chlorohydrate, dimethicone, c14-22 alcohols, steareth-100/peg-136/hdi copolymer, parfum / fragrance, c12-20 alkyl glucoside, linalool, alpha-isomethyl ionone, perlite, limonene, iodopropynyl butylcarbamate, tetrasodium glutamate diacetate, citral. Sans alcool., 12 mois après ouverture.]|"
88,40€ / L"|"
4,42 €"
4241|Déodorant 24h Anti-trace blanches - Fraicheur sans alcool sans   sel d'aluminium|Un stick déo 75ml|[Origine : ITALIE, Il vous procure une sensation de fraîcheur à l'application. Elaboré pour le respect de la peau, sans alcool, sans sel d'aluminium. Ses ingrédients actifs vous garantissent une protection pendant 24 heures. Anti-traces blanches., Ne pas utiliser sur une peau irritée. En cas d'irritation, arrêter l'utilisation. Laisser sécher avant de s'habiller., Dipropylene glycol, aqua, glycerin, propylene glycol, stearic acid, parfum, aloe barbadensis leaf juice, panax ginseng root extract, sodium hydroxide, styrene/acrylates copolymer, limonene, linalool, citral, glucose, peg-40 hydrogenated castor oil, trideceth-9, citronellol, geraniol. Sans alcool. Sans sel d'aluminium., 12 mois après ouverture.]|"
58,93€ / L"|"
4,42 €"
4242|Deo body spray 24H fresh power|La bombe de 150ml|[Origine : FRANCE]|"
26,73€ / L"|"
4,01 €"
4243|Eau de toilette|La boîte de 100ml|[Origine : ESPAGNE, Alcohol denat., aqua/water/eau, parfum/fragrance, peg-40 hydrogenated castor oil, benzyl salicylate, limonene, ethylhexyl methoxycinnamate, acrylates/octylacrylamide copolymer, linalool, benzophenone-3, citral, alpha-isomethyl ionone, coumarin, eugenol, geraniol, hydrolyzed jojoba esters, citronellol, sodium carbonate, hydroxycitronellal, cinnamyl alcohol, b.h.t., FD&C red NO.4 (cl14700), FD&C yellow NO.5 (cl19140), FD&C blue NO.1 (cl42090).]|"
143,10€ / L"|"
14,31 €"
4244|Eau de toilette Get Ready|Le flacon de 100ml|[Origine : ESPAGNE]|"
139,60€ / L"|"
13,96 €"
4246|Eau de toilette|Le flacon de 100ml|[Origine : FRANCE, Bourjois, parfumeur depuis 1863, a créé l'Eau de Toilette Masculin Acier Sport, une fragrance pétillante et subtilement boisée pour les hommes d'aujourd'hui.Sa note de tête aromatique, relevée par le zeste de citron, s'ouvre sur un coeur boisé aux notes teck et cèdre pour s'épanouir sur un fond marin frais et santalé (mousse de mer, santal)., Alcohol, aqua (water), parfum (fragrance), linalool, limonene, alpha-isomethyl ionone, butyl methoxydibenzoylmethane, ethylhexyl methoxycinnamate, ppg-26-buteth-26, ethylhexyl salicylate, peg-40 hydrogenated castor oil, citronellol, geraniol, citral,coumarin, eugenol, Cl19140 (yellow 5), 10BPM001-1.]|"
112,80€ / L"|"
11,28 €"
4247|Masculin, acier, eau de toilette, vaporisateur|La boîte de 100ml|[Origine : FRANCE, Bourjois, parfumeur depuis 1863, a créé l'Eau de Toilette Masculin Acier, une fragrance puissante et raffinée pour les hommes d'aujourd'hui.Sa note de tête fraîche et métallique (citron de Sicile) nuancée de lavande libère un coeur épicé aux accentsde bois précieux (baies de genièvre, accord santal, coriandre) et se termine sur un fond chaleureux (lichen, miel)., Alcohol, aqua, parfum, benzyl salicylate, butylphenyl methylpropional, citral, citronellol, coumarin, eugenol, geraniol, hexyl cinnamal, hydroxycitronellal, hydroxyisohexyl 3-cyclohexene carboxaldehyde, limonene, linalool, alpha-isomethyl ionone, evernia furfuracea, Cl14700, Cl19140, Cl42090.]|"
113,20€ / L"|"
11,32 €"
4248|Eau de toilette vaporisateur|Le vaporisateur de 100ml|[Origine : ITALIE, Brut original : une essence puissante et sensuelle. La fraîcheur des notes aromatiques, l'intensité des bois chauds et riches. Brut, L'Essence d'un Homme., Alcohol denat., aqua, parfum, ethylhexyl methoxycinnamate, butyl methoxydibenzoylmethane, ethylhexyl salicylate, bht, propylene glycol, benzyl alcohol, benzyl benzoate, benzyl salicylate, citral, citronellol, coumarin, evernia furfuracea (treemoss) extract, geraniol, hydroxycitronellal, hydroxyisohexyl 3-cyclohexene carboxaldehyde, limonene, linalool, Cl 14700, Cl 19140., 24 mois après ouverture.]|"
105,00€ / L"|"
10,50 €"
4249|Original, après-rasage|Le flacon de 100ml|[Origine : FRANCE, Parfums Prestige., Alcohol denat, aqua, glycerin, PEG-40 hydrogenated castor oil, parfum, ethyl hexyl methoxycinnamate, butyl methoxydibenzoylmethane, ethylhexyl salicylate, BHT, propylene glycol, benzyl alcohol, benzyl salicylate, citral, citronellol, coumarin, eugenol, evernia furfuracea, geraniol, hydroxycitronellal, hydroxyisohexyl 3-cyclohexene carboxaldehyde, limonene, linalool, sodium sulfate, Cl15985, Cl42090, Cl47005.]|"
58,20€ / L"|"
5,82 €"
4250|Eau de toilette|Le vaporisateur de 50ml|[Origine : FRANCE, Utiliser à l'écart de toute flamme, source d'étincelles, d'ignition ou corps incandescent. Eviter de vaporiser sur une peau irritée ou vers les yeux; en cas de projection, rincer immédiatement et abondamment avec de l'eau., Alcohol, Aqua/Water, parfum/fragrance, Limonene, Linalool, Benzophenone-1, Benzyl Salicylate, Hydroxyisohexyl 3-cyclohexene Carboxaldehyde, Butylphenyl Methylpropional, BHT, Alpaha-Isomethyl Ionone, Citronellol, Citral, Geraniol, Coumarin, Everina Prunastri/Oakmoss Extract, CI 42090/Blue 1, CI 60730/Etx. Violet é, CI14700/ Red ' (FIL B1993/5).]|"
367,80€ / L"|"
18,39 €"
4251|Eau de toilette, cuir sensuel|La bouteille de 100ml|[Origine : FRANCE, Un parfum frais et viril pour révéler le magnétisme et le charisme de tous les séducteurs. Un contraste de notes vives d'agrumes et de notes intenses d'ambre sur un accord cuiré et sensuel., Inflammable jusqu'à séchage. Tenir à l'écart de la flamme ou de la chaleur. Eviter de vaporiser vers les yeux., Alcohol denat, aqua/water, parfum/fragrance, drometrizole trisiloxane, ethylhexyl methoxycinnamate, ethylhexyl salicylate, butyl methoxydibenzoylmethane, bht, CI14700/red 4, CI19140/yellow 5, CI47005/yellow 10, linalool, geraniol, cinnamyl alcohol, limonene, hydroxycitronellal, citral, citronellol (FIL B162214/1)., 24 mois après ouverture.]|"
189,00€ / L"|"
18,90 €"
4253|Eau de toilette vaporisateur|Le vaporisateur de 50ml|[Origine : FRANCE, Utiliser à l'écart de toute flamme, source d'étincelles, d'ignition ou corps incandescent. Eviter de vaporiser sur une peau irritée ou vers les yeux; en cas de projection, rincer immédiatement et abondamment avec de l'eau., Alcohol, Aqua/Water, parfum/fragrance, Limonene, Hexyl Cinnamal, Hydroxycitronelal, Eugenol, Alpha-isomethyl Ionone, Butylphenyl Methylpropional, Linalool, Coumarin, BHT, Geraniol, Benzyl Benzoate, Citral, Citronellol, Amyl Cinnamal, Cinnamyl, BenzylAlcohol (FIL B12454/1).]|"
348,00€ / L"|"
17,40 €"
4254|Eau de toilette Titanium|Le vaporisateur de 75ml|[Origine : FRANCE, Découvrez la sensualité d'un parfum au départ frais et tonique qui se développe dans la puissance d'un accord oriental boisé. Une tenue remarquable signée H pour homme., Ne pas vaporiser vers une flamme ou un corps incandescent. Conserver à l'écart de toute flamme ou source d'étincelles ou d'ignition. Ne pas fumer. Conserver hors de la portée des enfants. Eviter de vaporiser vers les yeux ou sur une peau irritée. Nepas utiliser pour un autre usage que celui pour lequel le produit est destiné., Alcohol denat, aqua/water, parfum/fragrance, linalool, geraniol, eugenol, coumarin, cinnamal, farnesol, limonene, hydroxycitronellal, citral, butylphenyl, methylpropional, benzyl benzoate, benzyl cinnamate, alpha-isomethylionone, BHT (F.I.L. B28628/1)]|"
158,53€ / L"|"
11,89 €"
4255|Eau de toilette après-rasage grand large|Le flacon de 125ml|[Origine : FRANCE, Tous les matins, la lotion Mennen Grand Large, c'est le geste soin qui rafraîchit, apaise et adoucit la peau après chaque rasage., Aqua, alcohol, propylene glycol, parfum, PEG-60 hydrogenated castor oil, allantoin, linalool, geraniol, coumarin, limonene, hydrolyzed glycosaminoglycans, hydroxycitronellal, citronellol, menthol, benzophenone-1, benzyl benzoate, evernia furfuracea,treemoss extract, BHT, Cl14700/red 4, Cl42051/acid blue 3, B9629/1.]|"
44,08€ / L"|"
5,51 €"
4256|Eau de toilette après-rasage green tonic|Le flacon de 125ml|[Origine : FRANCE, Tous les matins, la lotion Mennen Green Tonic, c'est le geste soin qui rafraîchit, apaise et adoucit la peau après chaque rasage., Aqua, alcohol, propylene glycol, parfum, PEG-60 hydrogenated castor oil, peg-40 hydrogenated castor oil, allantoin, linalool, geraniol, eugenol, coumarin, limonene, hydrolyzed glycosaminoglycans, citral, diethylamino hydroxybenzoyl hexyl benzoate, menthol, ethylhexyl methoxycinnamate, benzyl benzoate, bht, benzyl alcohol, CI 15985/yellow 6, CI 42090/blue 1, CI 60730/ext violet 2, alpha-isomethyl ionone, hexyl cinnamal, FIL B32069/1.]|"
44,40€ / L"|"
5,55 €"
4257|Eau de toilette après-rasage skin bracer|Le flacon de 125ml|[Origine : FRANCE, Tous les matins, la lotion Mennen Skin Bracer, c'est le geste soin qui rafraîchit, apaise et adoucit la peau après chaque rasage.Grâce au menthol, la lotion après- rasage Skin Bracer procure une extraordinaire sensation de fraîcheur qui adoucit la peau tonifiée toute la journée. Enrichie en allantoïne, elle apaise le feu du rasoir et adoucit la peau durablement. Grâce au chitosan, elle soigne les petites coupures et prévient les irritations. Skin Bracer, c'est aussi le plaisir d'un grand parfummasculin., Aqua/water, alcohol denat, propylene glycol, peg-40 hydrogenated castor oil, peg-60 hydrogenated castor oil, allantoin, linalool, geraniol, coumarin, limonene, hydrolyzed glycosaminoglycans, citral, citronellol, diethylamino hydroxybenzoyl, hexyl benzoate, menthol, ethylhexyl methoxycinnamate, benzyl benzoate, parfum/fragrance, BHT, Cl15985/yellow 6, Cl42090/blue 1, Cl47005/acid yellow 3. B29397/1.]|"
44,08€ / L"|"
5,51 €"
4258|Eau de toilette pour homme|Le vapo-spray de 50ml|[Origine : FRANCE, Alcohol denat., aqua/water/eau, parfum/fragrance, ethylhexyl methoxycinnamate, benzophenone-3, ethylhexyl salicylate, limonene, linalool, butyl methoxydibenzoylmethane, coumarin, citral, cinnamal, bht, eugenol, geraniol, disodium edta, acrylates/octylacrylamide copolymer, hydrolyzed jojoba esters, fd&c yellow n°5 (Cl 19140), fd&c blue n° 1 (Cl 42090), ext. D&C violet n°2 (Cl 60730)., 36 mois après ouverture.]|"
329,40€ / L"|"
16,47 €"
4260|Eau de toilette for him|Le flacon de 100ml|[Origine : ESPAGNE, Alcohol denat, aqua, parfum, ethylhexyl methoxycinnamate, hexyl cinnamal, benzophenone-3, ethylhexyl salicylate, butyl methoxydibenzoylmethane, linalool, limonene, coumarin, butylphenyl methylpropional, alpha-isomethyl ionone, bht, propylene glycol,citral, citronellol, geraniol, disodium edta, acrylates/octylacrylamide copolymer, hydrolyzed jojoba esters, fd&c red N°4 (CI14700), fd&c yellow n°5 (CI19140), ext d&c violet n°2 (CI60730)., 36 mois après ouverture.]|"
137,90€ / L"|"
13,79 €"
4261|Eau de toilette pour homme|Le vaporisateur de 100ml|[Origine : FRANCE, Alcohol denat (sd alcohol 39 c), aqua (water), parfum (fragrance), alpha-isomethyl ionone, benzyl alcohol, butylphenyl methylpropional, citral, coumarin, eugenol, hydroxycitronellal, limonene, linalool., 36 mois après ouverture.]|"
101,90€ / L"|"
10,19 €"
4262|Eau de toilette après rasage|Le flacon de 100ml|[Origine : ALLEMAGNE, L'eau d'Après Rasage parfumée Scorpio apaise le feu du rasoir et tonifie la peau.Elle lui apporte le parfum raffiné et masculin de la note Scorpio faite de bois précieux aux accords épicés et hespéridés., Alcohol denat, aqua, parfum, PEG-40 hydrogenated castor oil, linalool, allantoin, benzophenone-1, benzyl salicylate, panthenol, hexyl salicylate, coumarin, butylphenyl, methylpropional, eucalyptol benzyl alcohol, propylene glycol, vanilline, citral,geraniol, eugenol, citronellol, alpha-isomethyl ionone, Cl19140, Cl17200, Cl42090..]|"
67,50€ / L"|"
6,75 €"
4263|Eau de toilette noir absolu|Le vaporisateur de 75ml|[Origine : ALLEMAGNE, Un départ frais & tonique de notes d'agrumes laissant émerger un coeur raffiné aux accents aromatiques & fruités qui se développe vers un final précieux & envoûtant de patchouli, de fève de tonka. Le plus brûlant des parfums d'homme., Alcohol denat, aqua, parfum, butylphenyl methylpropional, coumarin, limonene, hexyl cinnamal, linalool, citral, cinnamal, citronellol, hydroxycitronellal, geraniol.]|"
157,20€ / L"|"
11,79 €"
4264|Eau de toilette vaporisateur|Le vaporisateur de 75ml|[Origine : ALLEMAGNE, Un départ intense et ardent qui se prolonge sur des accords épicés et hespéridés associés à des notes profondes de bois précieux.Le plus brûlant des parfums d'homme., Alcohol denat., aqua, parfum, linalool, limonene, benzyl salicylate, coumarin, butylphenyl methylpropional benzyl alcohol, citral, geraniol, eugenol, citronellol, alpha-isomethyl ionone, benzyl benzoate.]|"
155,07€ / L"|"
11,63 €"
4265|Eau de toilette Gold|La bouteille de 100ml|[Origine : FRANCE, Alcohol denat, aqua (water), parfum (fragrance), ethylhexyl methoxycinnamate, butyl methoxydibenzoylmethane, ethylhexyl salicylate, citral, citronellol, coumarin, geraniol, limonene, linalool., 36 mois après ouverture.]|"
163,70€ / L"|"
16,37 €"
4266|Eau de toilette Silver|La bouteille de 100ml|[Origine : FRANCE, Alcohol denat, aqua (water), parfum (fragrance), ethylhexyl methoxycinnamate, butyl methoxydibenzoylmethane, ethylhexyl salicylate, alpha isomethyl ionone, citral, citronellol, coumarin, eugenol, geraniol, limonene, linalool., 36 mois après ouverture.]|"
141,00€ / L"|"
14,10 €"
4267|Eau de toilette for him|La bouteille de 50ml|[Origine : ESPAGNE, Inflammable., Alcohol denat., aqua/water/eau, parfum/fragrance, ethylhexyl methoxycinnamate, limonene, benzophenone-3, ethylhexyl salicylate, coumarin, butylphenyl methylpropional, butyl methoxydibenzoylmethane, hydroxycitronellal, linalool, bht, citronellol, propylene glycol, citral, geraniol, methyl 2 octynoate, disodium edta, acrylates/octylacrylamide copolymer, hydrolyzed jojoba esters, fd&c yellow n° 5 (cl 19140), fd&c green n°3 (cl 42053), ext d&c violet n°2 (cl 60730)., 36 mois après ouverture.]|"
335,60€ / L"|"
16,78 €"
4268|Eau de toilette après rasage|Le flacon de 100ml|[Origine : FRANCE, Chaque matin, l'après-rasage AQUA VELVA de WILLIAMS vous procure une intense sensation de fraîcheur grâce à son parfum unique. Votre peau est tonifiée., Aqua, alcohol denat, Glycerin, menthol, Parfum, linalool, PEG-40 hydrogenated castor oil, limonene, coumarin, hydroxycitronellal, alpha-isomethyl ionone, Evernia Furfuracea extract, citral, Geraniol, benzyl benzoate, Hexyl Cinnamal, citronellol, benzyl alcohol, Cl 42090, Cl 17200., 24 mois après ouverture.]|"
46,20€ / L"|"
4,62 €"
4269|Gel douche homme fraîcheur, Corps et cheveux|Le flacon de 250ml|[Origine : FRANCE, Son parfum mentholé vous enveloppe d'une sensation de fraîcheur. Votre corps est revitalisé et tonifié pour bien débuter la journée., Eviter le contact avec les yeux. En cas de contact avec les yeux, rincer immédiatement et abondamment avec de l'eau., Aqua, sodium laureth sulfate, cocamidopropyl betaine, sodium lauryl glucose carboxylate, parfum, lauryl glucoside, sodium benzoate, citric acid, sodium chloride, glycerin, coconut acid, menthol, propylene glycol, polyquaternium-10, polyquaternium-7,sorbic acid, sorbitol, mentha piperita leaf extract, CI42090, CI17200., 12 mois après ouverture.]|"
7,44€ / L"|"
1,86 €"
4270|Gel douche homme tonus, Corps et cheveux|Le flacon de 250ml|[Origine : FRANCE, Sa formule nettoie votre corps et vos cheveux sans les agresser. Sa mousse généreuse se rince facilement et ne laisse pas de film gras sur la peau. Son parfum citronné vous enveloppe d'une sensation de tonus. Votre corps est vivifié et tonifié pour bien débuter la journée., Eviter le contact avec les yeux. En cas de contact avec les yeux, rincer immédiatement et abondamment avec de l'eau., Aqua, sodium laureth sulfate, cocamidopropyl betaine, sodium chloride, sodium lauryl glucose carboxylate, parfum, lauryl glucoside, sodium benzoate, citric acid, glycerin, coconut acid, magnesium gluconate, polyquaternium-10, polyquaternium-7, sorbicacid, CI19140, CI42090., 12 mois après ouverture.]|"
7,44€ / L"|"
1,86 €"
4273|Gel douche, Active start|Le flacon de 250ml|[Origine : ESPAGNE, Cette formule unique 3en1 hydrate votre corps, respecte votre visage et nourrit vos cheveux. Le gel douche enrichi en pro vitamine B5 et au parfum stimulant revitalise votre corps., Aqua, sodium laureth sulfate, cocamidopropyl betaine, sodium chloride, parfum, phenoxyethanol, sodium benzoate, cetyl hydroxyethyl cellulose, coco glucoside, citric acid, butylphenyl methylpropional, panthenol, menthol, polyquaternium-7, disodium edta, hexyl cinnamal, hydrolyzed wheat protein, magnesium gluconate, sodium hydroxide, hydrated silica, sodium phosphate, bht, propylene glycol, sodium bisulfite, sodium salicylate, edta, fd&c red n°4 (Ci 14700), fd&c yellow n°5 (CI 19140), fd&c blue n°1 (CI 42090), ext d&c violet n°2 (CI 60730)., 30 mois après ouverture.]|"
11,48€ / L"|"
2,87 €"
4276|Gel douche, After sport|Le flacon de 250ml|[Origine : ESPAGNE, Cette formule unique 3en1 hydrate votre corps, respecte votre visage et nourrit vos cheveux. Le gel douche, enrichi en protéine, rééquilibre l'hydratation naturelle de votre peau., Aqua, sodium laureth sulfate, cocamidopropyl betaine, sodium chloride, parfum, phenoxyethanol, sodium benzoate, cetyl hydroxyethyl cellulose, coco glucoside, citric acid, panthenol, limonene, hydrolyzed wheat protein, polyquaternium-7, menthol, linalool, disodium edta, propylene glycol, benzyl salicylate, citronellol, sodium hydroxide, hydrated silica, sodium phosphate, bht, sodium bisulfite, sodium salicylate, edta, fd&c yellow N°5 (CI 19140), fd&c blue n°1 (CI 42090), ext d&c violet n°2 (CI 60730)., 30 mois après ouverture.]|"
11,48€ / L"|"
2,87 €"
4277|Gel douche, Sport energy|Le flacon de 250ml|[Origine : ESPAGNE]|"
11,32€ / L"|"
2,83 €"
4278|Gel douche get ready 2en1, Fresh energy|Le flacon de 250ml|[Origine : FRANCE, Un parfum frais et boisé pour éveiller vos sens., Aqua/water/eau, sodium laureth sulfate, cocamidopropyl betaine, sodium chloride, parfum/fragrance, phenoxyethanol, sodium benzoate, cetyl hydroxyéthylcellulose, coco glucoside, citric acid, menthol, disodium edta, limonène, polyquaternium-7, butylphenyl methylpropional, sodium hydroxide, hydrated silica, sodium phosphate, fd&c blue n°1 (CI42090), fd&yellow n°5 (CI19140), fd&c red n°4 (CI14700)., 30 mois après ouverture.]|"
11,32€ / L"|"
2,83 €"
4279|Gel douche, Apollo|Le flacon de 250ml|[Origine : FRANCE, Axe Apollo, un parfum si séduisant que tu deviendras le centre de l'univers de toutes les filles., Aqua, sodium laureth sulfate, sodium chloride, parfum, cocamide mea, ppg-12, citric acid, sodium benzoate, butylphenyl methylpropional, citronellol, coumarin, limonene, linalool, Cl 19140, Cl 42090., 12 mois après ouverture.]|"
12,88€ / L"|"
3,22 €"
4281|Gel douche, Provocation|Le flacon de 400ml|[Origine : FRANCE, Un parfum si envoûtant que même les anges s'y brûleront les ailes., 12 mois après ouverture.]|"
11,45€ / L"|"
4,58 €"
4282|Gel douche pour homme|Le flacon de 250ml|[Origine : ALLEMAGNE, Pouvoir d'attraction irrésistible ! Axe Dark Temptation : un parfum séduisant et envoûtant. Laisse libre cours à tes fantasmes !, Aqua, sodium laureth sulfate, cocamidopropyl betaine, parfum, cocamide mea, maltodextrin, sodium chloride, ppg-12, citric acid, sodium benzoate, citronellol, geraniol, limonene, linalool, caramel., 12 mois après ouverture.]|"
13,40€ / L"|"
3,35 €"
4284|Gel douche homme, Bois de cèdre et minéraux|Le flacon de 250ml|[Origine : FRANCE, En un seul geste, ce gel douche corps et cheveux lave en douceur, hydrate la peau et fortifie les cheveux. Sa formule fluide se transforme en une mousse abondante et facile à rincer.Sous la douche, son parfum aromatique, frais et stimulant séduira les amateurs de notes intenses., Aqua, sodium laureth sulfate, glycerin, cocamidopropyl betaine, decyl glucoside, sucrose cocoate, cedrus libani bark extract, magnesium sulfate, zinc gluconate, cocamide mea, coco glucoside, polysorbate 20, glyceryl oleate, hydrogenated palm glycerides citrate, butylene glycol, polyquaternium-10, polyquaternium-7, sodium chloride, citric acid, sodium benzoate, parfum, linalool, butylphenyl methylpropional, coumarin, alpha isomethyl ionone. Sans paraben., 12 mois après ouverture.]|"
12,16€ / L"|"
3,04 €"
4285|Gel douche homme, Menthe et agrumes|Le flacon de 250ml|[Origine : FRANCE, En un seul geste, ce gel douche corps et cheveux lave en douceur, hydrate la peau et fortifie les cheveux.Adaptée à un usage quotidien, sa formule fluide se transforme en une mousse abondante et facile à rincer. Sous la douche, son parfum fruité, frais et stimulant séduira les amateurs de notes intenses., Aqua, sodium laureth sulfate, glycerin, cocamidopropyl betaine, parfum, sucrose cocoate, citrus aurantium, dulcis fruit extract, mentha piperita leaf extract, citrus tangerina extract, cocamide mea, coco-glucoside, polysorbate 20, peg-150 distearate,benzotriazolyl dodecyl p-Cresol, tris (tetramethylhydroxypiperidinol), citrate, glycéryl oleate, hydrogenated palm glycérides citrate, propylene glycol, alcohol, polyquaternium-10, polyquaternium-7, sodium chloride, citric acid, sodium benzoate, limonene, CI19140, CI 61570. Sans paraben., 12 mois après ouverture.]|"
12,16€ / L"|"
3,04 €"
4286|Gel douche, Sport+|Le flacon de 250ml|[Origine : ALLEMAGNE, Pour les hommes qui veulent une douche ultra-fraîche et revitalisante, en particulier après l'effort. La formule douce au parfum masculin de citron vert prend soin de votre peau et lui procure une sensation de fraîcheur longue durée. pH neutre pour la peau. Tolérance cutanée. Testée sous contrôle dermatologique., Corps, visage & cheveux. Evitez le contact avec les yeux., 12 mois après ouverture.]|"
11,32€ / L"|"
2,83 €"
4287|Shampooing douche aux extraits de menthe vivifiante|Le flacon de 250ml|[Origine : ALLEMAGNE, Laissez son parfum stimulant vous revigorer, pendant que son gel bleu transparent à l'extrait de menthe se transforme en une mousse rafraîchissante pour faire le plein d'énergie.Rechargez vos batteries chaque jour sous la douche. pH neutre pour la peau., Aqua, sodium laureth sulfate, cocamidopropyl betaine, peg-7 glyceryl cocoate, parfum, menthol, alcohol denat, peg-40 hydrogenated castor oil, sodium benzoate, polyquaternium-7, sodium salicylate, citric acid, peg-200 hydrogenated glyceryl palmate, sodium chloride, methylparaben, limonene, linalool, hexyl cinnamal, butylphenyl methylpropional, benzyl salicylate, coumarin, citronellol, citral, CI 61570., 12 mois après ouverture.]|"
11,48€ / L"|"
2,87 €"
4289|Shampooing douche homme, Effet glaçant|Le flacon de 250ml|[Origine : FRANCE, La recherche Ushuaïa a sélectionné la roche volcanique et l'a associée au menthol naturel rafraîchissant, offrant à la peau un effet glaçant qui réveille tout le corps.Elle l'a intégrée à une texture shampooing douche au parfum puissant et au pH neutre qui offre une mousse onctueuse et se rince en un clin d'oeil. Comme un concentré minéral, il vous stimule et son parfum intense vous emporte., En cas de contact avec les yeux, les rincer immédiatement., Aqua, sodium laureth sulfate, glycerin, coco betaine, glycol distearate, sodium chloride, ppg-5-ceteth-20, CI14700/red4, CI19140/yellow5, CI17200/red33, CI42090/blue1, cocamide mea, linalool, parfum, sodium benzoate, salicylic acid, sodium hydroxide,perlite, disodium, cocoamphodiacetate, citronellol, citric acid, menthol, polyquaternium-10, acrylates copolymer (FIL C50313/1)., 12 mois après ouverture.]|"
11,32€ / L"|"
2,83 €"
4290|Gel douche ice fresh, Menthe aquatique|Le flacon de 250ml|[Origine : FRANCE]|"
10,52€ / L"|"
2,63 €"
4291|Shampooing pour homme|Le flacon de 500ml|[Origine : FRANCE]|"
16,04€ / L"|"
8,02 €"
4292|Lotion Protectrice Fortifiante Homme|Le flacon de 300ml|[Origine : FRANCE, Avec Elsève Homme, L'Oréal invente une nouvelle  génération de Lotion Fortifiante, un nouveau geste   de santé des cheveux et du cuir chevelu pour :  FORTIFIER les cheveux grâce au Céramide R.  STIMULER le cuir chevelu. ELIMINER très efficacement lespellicules et  PRÉVENIR leur réapparition., Aqua, alcool denat, laureth-12, CL42090/Blue1, CL17200/Red33, niacinade, hydrolized yeast protein, PEG-40 hydrogenated castor oil, methylated cilica, polyethylene glycol, allantoin, limonene, dimethicone, penthenol, benzyl salicylate, linalool, 2-oleamido-1, 3-octadecanediol, propylene glycol, biotin, piroctone olamine, pyridoxine, caramel, geraniol, butylphenyl  methylproponial, coumarin, hexylcinnamal, glycerin, parfum (FIL C25308/1)]|"
27,43€ / L"|"
8,23 €"
4294|Shampooing Force Re-Densifieur|Le flacon de 250ml|[Origine : FRANCE, Le Régénium® : actif texturisant, identique à un constituant essentiel du cheveu:                                                                   Agit dès la racine pour renforcer la chevelure,                           Ré-épaissit vos cheveux,Raffermit les cheveux., Appliquer sur cheveux mouillés, masser en douceur puis rincer. En cas de contact avec les yeux, les rincer immédiatement., Aqua/water, sodium laureth sulfate, coco-glucoside, sodium chloride, distearyl ether, behenyl alcohol, sodium benzoate, sodium methylparaben, ppg-5-ceteth-20, ethylparaben, aminomethyl propanol, polysilicone-8, salicylic acid, polyquaternium-16, limonene, linalool, benzyl salicylate, 2-oleamido-1,3-octadecanediol, carbomer, geraniol, butylphenyl methylpropional, laureth-2, parfum/fragrance. (F.I.L. C28031/1)., Conservation 12 mois après ouverture.]|"
18,76€ / L"|"
4,69 €"
4295|Shampooing Renforçateur Arginine Resist X3 Homme|Le flacon de 250ml|[Origine : FRANCE, Enrichi en Arginine+Taurine, le nouveau shampooing offre une triple action : nourrit le bulbe, tonifie la fibre et le cheveu pousse plus résistant., Appliquer sur cheveux mouillés, masser soigneusement sur l'ensemble du cuir chevelu pour stimuler la micro-circulation puis rincer. En cas de contact avec les yeux, les rincer immédiatement., Aqua, sodium laureth sulfate, coco betaine, dimethicone, glycol distearate, sodium chloride, cocamide mipa, sodium benzoate, hydroxycitronellal, hydroxypropyltrimonium hydrolyzed wheat protein, sodium hydroxide, ppg-5-ceteth-20, arginine, salicylic acid, limonene, linalool, 2-oleamido-1,3-octadecanediol, carbomer, citronellol, methyl cocoate, citric acid, taurine, hexyl cinnamal, parfum (FIL 54624/1)., 12 mois après ouverture.]|"
17,68€ / L"|"
4,42 €"
4296|Shampooing Traitant Antipelliculaire|Le flacon de 250ml|[Origine : FRANCE, Sa formule enrichie en piroctone olamine, actif antipelliculaire reconnu : élimine efficacement les pellicule et, utilisée régulièrement, elle prévient leur réapparition.Purifie et apaise le cuir chevelu. Résultats : pellicules éliminées dès les 1ères applications. Prévient leur réapparition. Cuir chevelu apaisé et calmé., Appliquer sur cheveux mouillés, masser soigneusement sur l'ensemble du cuir chevelu puis rincer. En cas de contact avec les yeux, les rincer immédiatement., Aqua/water, sodium laureth sulfate, coco-betaine, dimethicone, cetyl alcohol, hydroxystearyl cetyl ether, sodium chloride, cocamide mipa, sodium methylparaben, dmdm hydantoin, phenoxyethanol, ppg-5-ceteth-20, ethylparaben, benzyl salicylate, linalool, propylene glycol, propylparaben, isobutylparaben, piroctone olamine, carbomer, methylparaben, butylparaben, hexyl cinnamal, parfum/fragrance. (F.I.L. C20629/1)., 12 mois après ouverture.]|"
18,08€ / L"|"
4,52 €"
4297|Shampooing anti-Pelliculaire, Cheveux normaux|Le flacon de 250ml|[Origine : FRANCE, Action anti-pelliculaire efficace + cheveux fortifiés. Elimine jusqu'à 100% des pellicules visibles et empêche leur réapparition. Agit dès la première utilisation. Restaure l'équilibre naturel du cuir chevelu. Ne laisse pas de résidu., Formule au pH doux, convient à un usage quotidien., Aqua, sodium laureth sulfate, cocamidopropyl betaine, laureth-9, peg-3 distearate, peg-7 glyceryl cocoate, piroctone olamine, climbazole, undecylenamido propyl betaine, bambusa vulgaris shoot extract, polyquaternium-7, polyquaternium-10, glycerin, sodium chloride, citric acid, peg-40 hydrogenated castor oil, peg-200 hydrogenated glyceryl palmate, propylene glycol, sodium benzoate, sodium salicylate, methylparaben, parfum., 12 mois après ouverture.]|"
15,60€ / L"|"
3,90 €"
4299|L'original vert, shampooing provitamine B5, huiles essentielles de citrus, cheveux normaux|Le flacon de 250ml|[Origine : FRANCE, Redonnez force et vitalité à vos cheveux avec le shampooing Force L'Original Vert. Une formule haute performance : la formule du shampooing Force L'Orignal Vert est enrichie en Pro-vitamine B5, un actif qui renforce vos cheveux à la racine et les protège des agressions extérieures. Une efficacité prouvée scientifiquement : vos cheveux sont fortifiés dès la racine. Ils retrouvent douceur et vigueur. Les impuretés sont rapidement éliminées (pollution, transpiration...). Votre coiffage est facilité. Un vrai moment de plaisir : Pétrole Hahn a sélectionné 3 huiles essentielles de citrus pour leurs propriétés uniques et leur parfum rafraîchissant : l'orange hydratante, le citron protecteur, la bergamote dynamisante., Appliquer le shampooing en massant votre cuir chevelu pour le stimuler et le tonifier.  En cas de projection dans les yeux, rincer immédiatement et abondamment à l'eau claire., Aqua/water/eau, sodium laureth sulfate, cocamidopropyl betaine, sodium chloride, laureth-2, PEG-40 hydrogenated castor oil, parfum (fragrance), guar hydroxypropyltrimonium chloride, limonene, dmdm hydantoin, citrus aurantium bergamia (bergamot) oil,citrus aurantium dulcis (orange) oil, citrus medica limonum (lemon) oil, citric acid, panthenol, linalool, sodium hydroxide, citral, yellow 5 (Cl19140), green 5 (Cl61570), citronellol, geraniol, (F02)., A utiliser dans les 12 mois après ouverture.]|"
14,36€ / L"|"
3,59 €"
4300|Lotion tonique force 5 Kracht protection cheveux blancs ou gris|La bouteille de 300ml|[Origine : FRANCE, INGREDIENTS : AQUA/WATER/EAU, ALCOHOL DENAT., C11-13 ISOPARAFFIN, LIMONENE, CITRUS AURANTIUM DULCIS (ORANGE) PEEL OIL, CITRUS AURANTIUM BERGAMIA (BERGAMOT) PEEL OIL, CITRUS MEDICA LIMONUM (LEMON) PEEL OIL, PANTHENYL ETHYL ETHER, SODIUM CHLORIDE, LINALOOL, CITRAL, PANTHENOL, CAMPHOR, BHT, GUAIAZULENE, BLUE 1 (CI 42090), GERANIOL, GREEN 6 (CI 61565), YELLOW 11 (CI 47000), (F01).]|"
20,90€ / L"|"
6,27 €"
4301|Lotion tonique force 5 Kracht vitalité cheveux normaux|La bouteille de 300ml|[Origine : FRANCE, INGREDIENTS : AQUA/WATER/EAU, ALCOHOL DENAT., C11-13 ISOPARAFFIN, LIMONENE, CITRUS AURANTIUM DULCIS (ORANGE) PEEL OIL, CITRUS AURANTIUM BERGAMIA (BERGAMOT) PEEL OIL, CITRUS MEDICA LIMONUM (LEMON) PEEL OIL, PANTHENYL ETHYL ETHER, SODIUM CHLORIDE, LINALOOL, CITRAL, PANTHENOL, CAMPHOR, CHLOROPHYLLIN-COPPER COMPLEX (CI 75810), BHT, GERANIOL, (F01).]|"
20,90€ / L"|"
6,27 €"
4302|Shampooing, Stop pellicules|Le flacon de 250ml|[Origine : FRANCE, Formule renforcée au zinc pyrithione pour éliminer 100% des pellicules tenaces. Action anti-récidive 6 semaines. Vos cheveux sont plus beaux pour longtemps. Des shampooing haute performance à base d'huiles essentielles pour répondre aux besoins spécifiques des hommes., Appliquer le shampooing sur cheveux mouillés et laisser agir 1 à 2 minutes. En cas de projection dans les yeux, rincer immédiatement et abondamment à l'eau claire., Aqua, sodium laureth sulfate, cocamidopropyl betaine, sodium chloride, zinc pyrithione, peg-40 hydrogenated castor oil, acrylates copolymer, parfum, guar hydroxypropyltrimonium chloride, limonene, dmdm hydantoin, salicylic acid, citrus aurantium dulcis (orange) peel oil, citrus aurantium bergamia (bergamot) peel oil, sodium hydroxide, citrus medica limonum (lemon) peel oil, linalool, panthenol, hexyl cinnamal, citral, hydroxyisohexyl 3-cyclohexene carboxaldehyde, yellow 5 (CI19140), green 5 (CI61570), geraniol, laureth-2, citric acid, (F01)., 12 mois après ouverture.]|"
14,36€ / L"|"
3,59 €"
4303|Shampooing force, Brillance|Le flacon de 250ml|[Origine : FRANCE]|"
14,36€ / L"|"
3,59 €"
4304|Shampooing programme spécial chute, trichodyn, huile essentielle de thym, cheveux en situation de chute|Le flacon de 250ml|[Origine : FRANCE, Revitalisez vos cheveux avec le shampooing Prévention Chute. Pétrole Hahn a sélectionné l'huile essentielle de thym pour ses vertus bienfaisantes et son parfum stimulant., Appliquer le shampooing en massant votre cuir chevelu pour le stimuler et le tonifier. Pour une meilleure efficacité, laisser agir 2 minutes tout en massant le cuir chevelu.  En cas de projection dans les yeux, rincer immédiatement et abondamment à l'eau claire., Aqua/water/eau, sodium laureth sulfate, cocamidopropyl betaine, sodium chloride, laureth-2, cetyl palmitate, PEG-40 hydrogenated castor oil, acrylates copolymer, parfum (fragrance), guar hydroxypropyltrimonium chloride, beheneth-10, dmdm hydantoin, hydrogenated castor oil, glyceril stearate, sodium hydroxide, panthenol, linalool, limonene, benzyl salicylate, mannitol, citric acid, pterocarpus marsupium bark extract, thymus vulgaris (thyme) oil, butylphenyl methylpropional, hydroxyisohexyl 3-cyclohexene carboxaldehyde, coumarin, citral, benzyl benzoate, eugenol, citronellol, geraniol, disodium succinate, yellow 5 (Cl19140). green 5 (Cl61570), glutamic acid. (F03)., A utiliser dans les 12 mois après ouverture.]|"
14,80€ / L"|"
3,70 €"
4305|Stop pellicules, shampooing cheveux normaux à pellicule, huiles essentielles de citrus, zinc pyrithione,|Le flacon de 25cl|[Origine : FRANCE, Eliminez rapidement vos pellicules avec le shampooing Stop Pellicules. Une formule haute performance. Une efficacité testée dermatologiquement. Un vrai moment de plaisir., Appliquer le shampooing sur cheveux mouillés et laisser agir 1 à 2 minutes. En cas de projection dans les yeux, rincer immédiatement et abondamment à l'eau claire, Aqua/water/eau, sodium laureth sulfate, cocamidopropyl betaine, sodium chloride, laureth-2, PEG-40 hydrogenated castor oil, zinc pyrithione, acrylates copolymer, parfum (fragrance), guar hydroxypropyltrimonium chloride, limonene, dmdm hydantoin, citrus aurantium bergamia (bergamot) oil, citrus aurantium dulcis (orange) oil, sodium hydroxide, citrus medica limonum (lemon) oil, linalool, panthenol, citric acid, hexyl cinnamal, citral, hydroxyisohexyl 3-cyclohexene carboxaldehyde, yellow 5 (Cl19140), green 5 (Cl61570), geraniol, (F03)., A utiliser dans les 12 mois après ouverture.]|"
14,28€ / L"|"
3,57 €"
4306|Poudre densifiante professionnelle, s'adapte à tous les cheveux blonds|La boîte de 14g|[Origine : FRANCE]|"
1610,71€ / Kg"|"
22,55 €"
4307|Poudre densifiante professionnelle, s'adapte à tous les cheveux châteains|La boîte de 14g|[Origine : FRANCE]|"
1610,71€ / Kg"|"
22,55 €"
4309|Spray fixant professionnel, fixation légère|Le spray de 150ml|[Origine : FRANCE]|"
47,73€ / L"|"
7,16 €"
4310|Excell 5 - 2 Brun Profond Naturel|La boîte|[Origine : FRANCE, Le 1er gel-crème recolorant spécialement conçu pour les hommes. Estompe les cheveux gris. Conserve le relief naturel de la chevelure. Ne vire pas au roux avec le temps.S'élimine harmonieusement. Sans ammoniaque, respecte les cheveux, même fragiles., Avec applicateur brosse exclusif. Facile : s'applique en quelques coups de brosse. Précis : permet une application partielle (tempes) ou sur toute la chevelure. Rapide : agit en 5 minutes. Pour les nuances 2 Brun Profond Naturel et 3 Brun Naturel, laissez pauser 10 minutes pour un résultat optimal. Important : la coloration peut provoquer une réaction allergique qui, dans certains cas rares, peut être grave. Il est obligatoire dans tous les cas, de faire un test d'allergie cutanée impérativement48 heures avant chaque utilisation de ce produit (se conformer à la notice). Ne pas utiliser si : vous avez déjà réagi à un produit de coloration, vous avez le cuir chevelu irrité ou abîmé. Tatouage henné noir : si vous avez fait, même une seule fois, un tatouage au henné noir, vous risquez d'être devenu allergique sans le savoir. Ne pas utiliser ce produit sans avoir effectué le test d'allergie cutanée, 48 heures avant l'utilisation du produit. Pensez à acheter votre produit à l'avance pour faire le test d'allergie cutanée 48 heures avant. Ne pas utiliser chez l'enfant. Tenir hors de la portée des enfants. Le révélateur (b) contient de l'eau oxygénée. Le produit colorant (a) contient : des diaminotoluènes, des diaminobenzènes, de la résorcine. Eviter le contact du produit avec la peau et les yeux, ne pas employer pour la coloration des cils et sourcils. Ne pas suivre cette consigne peut entraîner la cécité. Rincer immédiatement et abondamment les yeux si le produit entre en contact a, Gel-crème recolorant : aqua/water, deceth-3, laureth-12, oleth-30, deceth-5, trideceth-2 carboxamide mea, ethanolamine, glycerin, oleic acid, hexadimethrine chloride, oleyl alcohol, toluene-2,5-diamine, polyquaternium-6, resorcinol, 2,4-diaminophenoxyethanol hci, m-aminophenol, ascorbic acid, thiolactic acid, polyquaternium-24, 2-methylresorcinol, 2-methyl-5-hydroxyethylaminophenol, n-bis(2-hydroxyethyl)-p-phenylenediamine sulfate, edta, parfum/fragrance. (C39383/1). Révélateur : aqua/water, hydrogen peroxide, cetearyl alcohol, sodium stannate, trideceth-2 carboxamide mea, pentasodium pentetate, phosphoric acid, ceteareth-25, tetrasodium pyrophosphate, glycerin. (C13169/25). Sans ammoniaque.]|"
55,50€ / Kg"|"
12,21 €"
4311|Excell 5 - 4 Châtain Profond Naturel|La boîte|[Origine : FRANCE, Le 1er gel-crème recolorant spécialement conçu pour les hommes. Estompe les cheveux gris. Conserve le relief naturel de la chevelure. Ne vire pas au roux avec le temps. S'élimine harmonieusement. Sans ammoniaque, respecte les cheveux, même fragiles., Avec applicateur brosse exclusif. Facile : s'applique en quelques coups de brosse. Précis : permet une application partielle (tempes) ou sur toute la chevelure. Rapide : agit en 5 minutes. Pour les nuances 2 Brun Profond Naturel et 3 Brun Naturel, laissez pauser 10 minutes pour un résultat optimal. Important : la coloration peut provoquer une réaction allergique qui, dans certains cas rares, peut être grave. Il est obligatoire dans tous les cas, de faire un test d'allergie cutanée impérativement48 heures avant chaque utilisation de ce produit (se conformer à la notice). Ne pas utiliser si : vous avez déjà réagi à un produit de coloration, vous avez le cuir chevelu irrité ou abîmé. Tatouage henné noir : si vous avez fait, même une seule fois, un tatouage au henné noir, vous risquez d'être devenu allergique sans le savoir. Ne pas utiliser ce produit sans avoir effectué le test d'allergie cutanée, 48 heures avant l'utilisation du produit. Pensez à acheter votre produit à l'avance pour faire le test d'allergie cutanée 48 heures avant. Ne pas utiliser chez l'enfant. Tenir hors de la portée des enfants. Le révélateur (b) contient de l'eau oxygénée. Le produit colorant (a) contient : des diaminotoluènes, des diaminobenzènes, de la résorcine. Eviter le contact du produit avec la peau et les yeux, ne pas employer pour la coloration des cils et sourcils. Ne pas suivre cette consigne peut entraîner la cécité. Rincer immédiatement et abondamment les yeux si le produit entre en contact a, Gel-crème recolorant : aqua/water, deceth-3, laureth-12, oleth-30, deceth-5, trideceth-2 carboxamide mea, ethanolamine, glycerin, oleic acid, hexadimethrine chloride, oleyl alcohol, toluene-2,5-diamine, polyquaternium-6, 2,4-diaminophenoxyethanol hci, m-aminophenol, ascorbic acid, thiolactic acid, polyquaternium-24, 2-methylresorcinol, 2-methyl-5-hydroxyethylaminophenol-n.n-bis(2-hydroxyethyl)-p-phenylenediamine sulfate, resorcinol, edta, parfum/fragrance. (C39382/1). Révélateur : aqua/water, hydrogen peroxide, cetearyl alcohol, sodium stannate, trideceth-2 carboxamide mea, pentasodium pentetate, phosphoric acid, ceteareth-25, tetrasodium pyrophosphate, glycerin. (C13169/25). Sans ammoniaque.]|"
12,21€ / Pce"|"
12,21 €"
4312|Excell 5 - 5 Châtain Naturel|La boîte|[Origine : FRANCE, Le 1er gel-crème recolorant spécialement conçu pour les hommes. Estompe les cheveux gris. Conserve le relief naturel de la chevelure. Ne vire pas au roux avec le temps. S'élimine harmonieusement. Sans ammoniaque, respecte les cheveux, même fragiles., Avec applicateur brosse exclusif. Facile : s'applique en quelques coups de brosse. Précis : permet une application partielle (tempes) ou sur toute la chevelure. Rapide : agit en 5 minutes. Pour les nuances 2 Brun Profond Naturel et 3 Brun Naturel, laissez pauser 10 minutes pour un résultat optimal. Important : la coloration peut provoquer une réaction allergique qui, dans certains cas rares, peut être grave. Il est obligatoire dans tous les cas, de faire un test d'allergie cutanée impérativement48 heures avant chaque utilisation de ce produit (se conformer à la notice). Ne pas utiliser si : vous avez déjà réagi à un produit de coloration, vous avez le cuir chevelu irrité ou abîmé. Tatouage henné noir : si vous avez fait, même une seule fois, un tatouage au henné noir, vous risquez d'être devenu allergique sans le savoir. Ne pas utiliser ce produit sans avoir effectué le test d'allergie cutanée, 48 heures avant l'utilisation du produit. Pensez à acheter votre produit à l'avance pour faire le test d'allergie cutanée 48 heures avant. Ne pas utiliser chez l'enfant. Tenir hors de la portée des enfants. Le révélateur (b) contient de l'eau oxygénée. Le produit colorant (a) contient : des diaminotoluènes, des diaminobenzènes, de la résorcine. Eviter le contact du produit avec la peau et les yeux, ne pas employer pour la coloration des cils et sourcils. Ne pas suivre cette consigne peut entraîner la cécité. Rincer immédiatement et abondamment les yeux si le produit entre en contact a, Gel-crème recolorant : aqua/water, deceth-3, laureth-12, oleth-30, deceth-5, trideceth-2 carboxamide mea, ethanolamine, glycerin, oleic acid, hexadimethrine chloride, oleyl alcohol, toluene-2,5-diamine, polyquaternium-6, 2,4-diaminophenoxyethanol hci, m-aminophenol, ascorbic acid, thiolactic acid, polyquaternium-24, 2-methylresorcinol, n.n-bis (2-hydroxyethyl) - p - phenylenediamine sulfate, resorcinol, edta, parfum/fragrance. (C37686/1). Révélateur : aqua/water, hydrogen peroxide, cetearyl alcohol, sodium stannate, trideceth-2 carboxamide mea, pentasodium pentetate, phosphoric acid, ceteareth-25, tetrasodium pyrophosphate, glycerin. (C13169/25). Sans ammoniaque.]|"
12,21€ / Pce"|"
12,21 €"
4313|Coloration Crème Brun N°20|La boîte|[Origine : FRANCE, Un gel colorant haute performance spécialement conçu pour les hommes. Un résultat naturel garanti en seulement 5 min et une application aussi facile qu'un shampooing., 5 min suffisent quel que soit le résultat souhaité. Pour obtenir un résultat naturel, choisir la nuance la plus proche de votre couleur naturelle. Si vous avez un fort pourcentage de cheveux blancs, optez pour une nuance un peu plus claire. Les colorants capillaires peuvent provoquer des réactions allergiques sévères. Lire et suivre les instructions. Ce produit n'est pas destiné à être utilisé sur les personnes de moins de seize ans. Les tatouages temporaires noirs à base de henné peuvent augmenter le risque d'allergie. Ne vous colorez pas les cheveux si : vous présentez une éruption cutanée sur le visage ou si votre cuir chevelu est sensible, irrité ou abîmé, vous avez déjà fait une réaction après avoir coloré vos cheveux, vous avez fait par le passé une réaction à un tatouage temporaire noir à base de henné. Pour réduire ces risques faire un test d'alerte allergie 48 heures avant chaque utilisation. Porter des gants appropriés mono usage présents dans l'étui. Eviter le contact avec les yeux. En cas de contact, rincer les yeux immédiatement et abondamment à l'eau claire pendant 10 min. Si vous portez des lentilles, retirez les avant de rincer les yeux abondamment à l'eau. Consulter un spécialiste. Ne pas utiliser pour teindre lescils et les sourcils ou pour un autre usage que la coloration des cheveux. Bien rincer les cheveux après l'application du mélange. Ne pas conserver le mélange pour une application ultérieure. Ne pas laisser à la portée des enfants. Se conformer à la, Crème colorante : aqua/water/eau, deceth-3, oleic acid, ethanolamine, glycerin, resorcinol, p-phenylenediamine, sodium metabisulfite, carbomer, sodium laureth sulfate, parfum (fragrance), polyquaternium-22, m-aminophenol, ascorbic acid, limonène, pentasodium pentetate, n,n-bis(2-hydroxyethyl)-p-phenylenediamine sulfate, 2,4-diaminophenoxyethanol sulfate, phenyl methyl pyrazolone, quaternium-80, propylène glycol, linalool, citronellol, (f01). Révélateur : aqua/water/eau, hydrogen peroxide, cetearyl alcohol, trideceth-2 carboxamide mea, ceteareth-33, glycerin, phosphoric acid, pentasodium pentetate, sodium stannate, tetrasodium pyrophosphate, (f12). Shampooing : aqua/water/eau, sodium laureth sulfate, peg-4 rapeseedamide, cocamidopropyl betaine, peg-60 hydrogenated castor oil, c11-15 pareth-5, parfum (fragrance), linoleamidopropyl pg-dimonium chloride phosphate, trimethylsilylamodimethicone, c11-15 pareth-9, polyquaternium-10, limonène, peg-15 cocopolyamine, benzophénone-4, citrus aurantium dulcis (orange) peel oil, propylène glycol, peg-40 hydrogenated castor oil, glucose, trideceth-9, linalool, yellow 5 (cl19140), methylchloroisothiazolinone, panax ginseng root extract, green 5 (cl61570), methylisothiazolinone, citral, citronellol, citric acid, sodium chloride, (f01).]|"
12,35€ / Pce"|"
12,35 €"
4314|Coloration Crème Châtain Foncé N°30|La boîte de 85ml|[Origine : FRANCE, Un gel colorant haute performance spécialement conçu pour les hommes. Un résultat naturel garanti en seulement 5 min et une application aussi facile qu'un shampooing., 5 min suffisent quel que soit le résultat souhaité. Pour obtenir un résultat naturel, choisir la nuance la plus proche de votre couleur naturelle. Si vous avez un fort pourcentage de cheveux blancs, optez pour une nuance un peu plus claire. Les colorants capillaires peuvent provoquer des réactions allergiques sévères. Lire et suivre les instructions. Ce produit n'est pas destiné à être utilisé sur les personnes de moins de seize ans. Les tatouages temporaires noirs à base de henné peuvent augmenter le risque d'allergie. Ne vous colorez pas les cheveux si : vous présentez une éruption cutanée sur le visage ou si votre cuir chevelu est sensible, irrité ou abîmé, vous avez déjà fait une réaction après avoir coloré vos cheveux, vous avez fait par le passé une réaction à un tatouage temporaire noir à base de henné. Pour réduire ces risques faire un test d'alerte allergie 48 heures avant chaque utilisation. Porter des gants appropriés mono usage présents dans l'étui. Eviter le contact avec les yeux. En cas de contact, rincer les yeux immédiatement et abondamment à l'eau claire pendant 10 min. Si vous portez des lentilles, retirez les avant de rincer les yeux abondamment à l'eau. Consulter un spécialiste. Ne pas utiliser pour teindre lescils et les sourcils ou pour un autre usage que la coloration des cheveux. Bien rincer les cheveux après l'application du mélange. Ne pas conserver le mélange pour une application ultérieure. Ne pas laisser à la portée des enfants. Se conformer à la, Crème colorante : aqua/water/eau, deceth-3, oleic acid, ethanolamine, glycerin, resorcinol, p-phenylenediamine, sodium metabisulfite, carbomer, sodium laureth sulfate, parfum (fragrance), polyquaternium-22, ascorbic acid, m-aminophenol, limonène, pentasodium pentetate, n,n-bis(2-hydroxyethyl)-p-phenylenediamine sulfate, phenyl methyl pyrazolone, 2,4-diaminophenoxyethanol sulfate, quaternium-80, propylène glycol, linalool, citronellol, (F01). Révélateur : aqua/water/eau, hydrogen peroxide, cetearyl alcohol, trideceth-2 carboxamide mea, ceteareth-33, glycerin, phosphoric acid, pentasodium pentetate, sodium stannate, tetrasodium pyrophosphate, (f12). Shampooing : aqua/water/eau, sodium laureth sulfate, peg-4 rapeseedamide, cocamidopropyl betaine, peg-60 hydrogenated castor oil, c11-15 pareth-5, parfum (fragrance), linoleamidopropyl pg-dimonium chloride phosphate, trimethylsilylamodimethicone, c11-15 pareth-9, polyquaternium-10, limonène, peg-15 cocopolyamine, benzophénone-4, citrus aurantium dulcis (orange) peel oil, propylène glycol, peg-40 hydrogenated castor oil, glucose, trideceth-9, linalool, yellow 5 (cl19140), methylchloroisothiazolinone, panax ginseng root extract, green 5 (cl61570), methylisothiazolinone, citral, citronellol, citric acid, sodium chloride, (f01).]|"
12,35€ / Pce"|"
12,35 €"
4316|Coloration Crème Noir N°10|La boîte|[Origine : FRANCE, Estompe durablement les cheveux blancs. Résultat garanti 6 semaines. Sans ammoniaque, la coloration Pétrole Hahn respecte vos cheveux. Le shampooing post coloration enrichi en citrus et en Ginseng, assure à vos cheveux force et vitalité.]|"
12,35€ / Pce"|"
12,35 €"
4318|50 Châtain clair naturel, gel-soin colorant, résultat naturel assuré|La boîte|[Origine : FRANCE, Men Perfect est un gel-soin colorant spécialement développé pour les hommes, qui masque, de manière naturelle et discrète, les cheveux blancs. La formule s'ajuste à votre couleur d'origine pour un résultat impeccable. Un résultat si naturel que personne ne le remarquera, s'estompe en 24 shampooings. Résultat assuré avec le Speed System. Complexe naturel ginseng-kératine., Emulsion révélatrice : aqua, hydrogen peroxide, acrylates copolymer, etidronic acid, sodium laureth sulfate, 2.6-dicarboxypyridine, disodium pyrophosphate, dimethicone. Gel-soin colorant : aqua : coconut alcohol, laureth-2, oleic acid, ethanolamine,ceteareth-50, propylene glycol, arginine, sodium laureth sulfate, isopropyl myristate, ascorbic acid, sodium sulfite, sodium silicate, etidronic acid, 4-chlororesorcinol, resorcinol, toluene-2,5-diamine, 6-methoxy-2-methylamino-3-aminopyridine hcl, 1,5-naphthalenediol, 4-amino-2-hydroxytoluene, hydrolyzed keratin, panax ginseng root extract, parfum, linalool, limonene., Rapide et facile à utiliser grâce à l'innovation Speed System : mélangez, appliquez avec le Speed Applicateur, laissez agir, rincez. C'est fini ! Attention : contient de l'eau oxygénée, des diaminotoluènes et de la résorcine. Peut provoquer une réaction allergique. Eviter le contact du produit avec les yeux. Rincer immédiatement les yeux si le produit entre en contact avec ceux-ci. Ne pas employer pour la coloration des cils et des sourcils. Bien rincer les cheveux après application. Porter desgants appropriés. Garder hors de la portée des enfants. Se conformer à la notice. Les colorants pour cheveux peuvent provoquer des réactions allergiques qui peuvent être graves dans de rares cas. Les tatouages peuvent accroître le risque d'allergie àce produit. Effectuez un test de sensibilité de la peau 48 heures avant l'utilisation de cette coloration, même si vous avez déjà utilisé des produits de coloration avant. Ainsi il est préférable d'acheter le produit 48 heures à l'avance. A ne pas utiliser si : - vous avez déjà eu une réaction à des produits de coloration, - votre cuir chevelu est sensible, irrité ou s'il présente des lésions. Dans ces cas-là, consultez un médecin avant d'utiliser tout produit colorant. Lisez et suivez attentivement les instructions dans le mode d'emploi du produit. Ce produit n'est pas destiné à être utilisé sur des enfants.]|"
12,86€ / Pce"|"
12,86 €"
4319|60 châtain naturel, gel-soin colorant, ton sur ton, s'estompe en 24 shampooings, speed system|La boîte|[Origine : FRANCE, Couleur naturelle, spécialement conçue pour les hommes. Men Perfect est un gel-soin colorant spécialement développé pour les hommes, qui masque naturellement les premiers cheveux blancs. La formule s'ajuste à votre couleur d'origine pour un résultatimpeccable. Un résultat si naturel que personne ne le remarquera, s'estompe en 24 shampooings., Lisez et suivez attentivement les instructions dans le mode d'emploi du produit. Rapide et facile à utiliser en 5 minutes seulement grâce à l'innovation Speed System : mélangez, appliquez avec le Speed Applicateur, rincez au bout de 5 minutes, c'estterminé.  Attention : contient de l'eau oxygénée, des diaminotoluènes et de la résorcine. Peut provoquer une réaction allergique. Eviter le contact du produit avec les yeux. Rincer immédiatement les yeux si le produit entre en contact avec ceux-ci. Ne pas employer pour la coloration des cils et des sourcils. Bien rincer les cheveux après application. Porter des gants appropriés. Garder hors de la portée des enfants. Se conformer à la notice. Les colorants pour cheveux peuvent provoquer des réactions allergiques qui peuvent être graves dans de rares cas. Les tatouages peuvent accroître le risque d'allergie à ce produit. Effectuez un test de sensibilité de la peau 48 heures avant l'utilisation de cette coloration, même si vous avez déjà utilisé des produits de coloration avant. Ainsi il est préférable d'acheter le produit 48 heures à l'avance. A ne pas utiliser si : vous avez déjà eu une réaction à des produits de coloration, votre cuir chevelu est sensible, irrité ou s'il présente des lésions. Dans ces cas-là, consultez un médecin avant d'utiliser tout produit colorant. Ce produit n'est pas destiné à être utilisé sur des enfants., Emulsion révélatrice : aqua, hydrogen peroxide, acrylates copolymer, etidronic acid, sodium laureth sulfate, 2.6-dicarboxypyridine, disodium pyrophosphate, dimethicone. Gel-soin colorant : aqua, ethanolamine, coconut alcohol, laureth-2, oleic acid, propylene glycol, arginine, ceteareth-50, sodium laureth sulfate, isopropyl myristate, ascorbic acid, sodium sulfite, sodium silicate, etidronic acid, hydrolyzed keratin, panax ginseng, limonene, linalool, parfum (+/- toluene-2.5-diamine sulfate, 4-amino-m-cresol, hydroxyethyl-p-phenylenediamine sulfate, 1.3-bis-(2.4-diaminophenoxy) propane hcl, 2.7-naphthalenediol, 1.5-naphthalenediol, resorcinol, 4-chlororesorcinol, 2-methylresorcinol, m-aminophenol, 4-amino-2-hydroxytoluene, 2.4-diaminophenoxyethanol hcl, 5-amino-6-chloro-o-cresol 6-methoxy-2-methylamino-3-amino pyridine hcl, 2-amino-3-hydroxypyridine). Contient de l'eau oxygénée, des diaminotoluènes et de la résorcine.]|"
12,97€ / Pce"|"
12,97 €"
4320|80 brun naturel, gel-soin colorant, résultat naturel assuré|La boîte|[Origine : FRANCE, Men Perfect est un gel-soin colorant spécialement développé pour les hommes, qui masque naturellement les premiers cheveux blancs. La formule s'ajuste à votre couleur d'origine pour un résultat impeccable.Un résultat si naturel que personne ne le remarquera, s'estompe en 24 shampooings. Résultat assuré en 5 minutes avec le Speed System. Complexe naturel ginseng-kératine., Rapide et facile à utiliser en 5 minutes seulement grâce à l'innovation Speed System : mélangez, appliquez avec le speed applicateur, rincez au bout de 5 minutes, c'est terminé. Attention : contient de l'eau oxygénée, des diaminotoluènes et de la résorcine. Peut provoquer une réaction allergique. Eviter le contact du produit avec les yeux. Rincer immédiatement les yeux si le produit entre en contact avec ceux-ci. Ne pas employer pour la coloration des cils et des sourcils. Bien rincer les cheveux après application. Porter des gants appropriés. Garder hors de la portée des enfants. Se conformer à la notice. Les colorants pour cheveux peuvent provoquer des réactions allergiques qui peuvent être graves dans de rares cas. Les tatouages peuventaccroître le risque d'allergie à ce produit. Effectuez un test de sensibilité de la peau 48 heures avant l'utilisation de cette coloration, même si vous avez déjà utilisé des produits de coloration avant. Ainsi il est préférable d'acheter le produit48 heures à l'avance. A ne pas utiliser si : - vous avez déjà eu une réaction à des produits de coloration, - votre cuir chevelu est sensible, irrité ou s'il présente des lésions. Dans ces cas-là, consultez un médecin avant d'utiliser tout produit colorant. Lisez et suivez attentivement les instructions dans le mode d'emploi du produit. Ce produit n'est pas destiné à être utilisé sur des enfants., Emulsion révélatrice : aqua, hydrogen peroxide, acrylates copolymer, etidronic acid, sodium laureth sulfate, 2,6-dicarboxypyridine, disodium pyrophosphate, dimethicone. - Gel-soin colorant : aqua, ethanolamine, coconut alcohol, laureth-2, oleic acid,propylene glycol, arginine, ceteareth-50, sodium laureth sulfate, isopropyl myristate, ascorbic acid, sodium sulfite, sodium silicate, etidronic acid, hydrolyzed keratin, panax ginseng, limonène, linalool, parfum (+/- toluène-2,5-diamine sulfate, 4-amino-m-cresol, hydroxyethyl-p-phenylene diamine sulfate, 1,3-bis-(2,4-diaminophenoxy) propane HCL, 2,7-naphthalenediol, 1,5-naphthalenediol, resorcinol, 4-chlororesorcinol, 2-methylresorcinol, m-aminophenol, 4-amino-2-hydroxytoluene, 2,4-diaminophenoxyethanol HCL, 5-amino-6-chloro-o-cresol, 6-methoxy-2-methylamino-3-aminopyridine HCL, 2-amino-3-hydroxypyridine).]|"
12,86€ / Pce"|"
12,86 €"
4323|Hydra Energetic Maxi Désaltérant|La boîe de 50 ml|[Origine : FRANCE, Cette formule brevetée innovante associe des minéraux de sels marins à des actifs absorbants pour fournir à votre peau une hydratation longue durée, sans brillance. Ce gel ultra frais réveille votre peau et calme le feu du rasoir. Une formule non grasse (permet à votre peau de respirer), non collante (pénètre rapidement) et anti-brillance., Appliquer sur l'ensemble du visage matin et/ou soir sur une peau propre., Aqua, glycerin, alcohol denat, dimethicone, isononyl isononanoate, mentha piperita extract/peppermint leaf extract, carbomer, caffeine, sodium hydroxide, silica silylate, maris aqua/sea water, peumus boldus leaf extract, ascorbyl glucoside, caprylylglycol, trisodium ethylenediamine disuccinate, biosaccharide gum-1, xanthan gum, ethyl menthane carboxamide, phenoxyethanol, CI19140/yellow5, CI42090/blue1, linalool, parfum/fragrance. (FIL B54683/1)., 12 mois après ouverture.]|"
226,40€ / L"|"
11,32 €"
4324|Hydra Energetic X Flash Bronzer, Sans autobronzant|Le flacon de 50ml|[Origine : ALLEMAGNE, Ce gel translucide foncé est ultra-frais et pénètre instantanément pour un effet ultra-naturel & indétectable, sans traces., Appliquer 2 noisettes de gel sur une peau propre. Réappliquer pour un résultat plus intense. Eviter le contour des yeux., Aqua, alcohol denat, glycerin, butylene glycol, bis-peg-18 methyl ether dimethyl silane, peg-7 glyceryl cocoate, ammonium polyacryl dimethyl tauramide, ascorbyl glucoside, caffeine, CI15510, CI17200, CI19140, CI61570, ethyl menthane carboxamide, limonene, linalool, mentha piperita extract, menthol, panthenol, peg-60 hydrogenated castor oil, sodium citrate, sodium hyaluronate, sodium polyacrylate, parfum (FIL B49751/3)., 18 mois après ouverture.]|"
267,60€ / L"|"
13,38 €"
4325|Hydra Energetic X Gel Nettoyant Charbon|Le tube de 150ml|[Origine : ALLEMAGNE, La formule agit comme un aimant sur la peau pour capturer & éliminer toutes les impuretés et combattre les problèmes causés par les agressions urbaines : points noirs, peau, pores dilatés etc, Appliquer une noix de gel sur l'ensemble du visage humidifié, faire mousser en se concentrant sur le front, le nez et le menton. Rincer abondamment. Utiliser tous les jours pour une peau parfaitement nettoyée. Eviter le contour des yeux. En cas de contact avec les yeux, rincer immédiatement., Aqua, glycerin, myristic acid, stearic acid, palmitic acid, potassium hydroxide, lauric acid, butylene glycol, sorbitol, glyceryl stearate se, peg-8, ascorbyl glucoside, charcoal, powder, CI 77499/iron oxides, citric acid, limonene, linalool, menthapiperita extract/peppermint leaf extract, methylisothiazolinone, moringa pterygosperma seed extract, polyglycerin-10, polyglyceryl-10 myristate, polyglyceryl-10 stearate, polyquaternium-4, salicylic acid, tetrasodium edta, parfum (fil C50508/1)., 12 mois après ouverture.]|"
54,87€ / L"|"
8,23 €"
4326|Hydra Energetic X Taurine Boost|Le flacon de 50ml|[Origine : ALLEMAGNE, Innovation : pour la 1ère fois Men Expert intègre de la taurine et de la vitamine C dans un soin booster de peau pour une action ultra-energisante.Cette formule 'traitement de choc' contre la fatigue hydrate, détoxifie et rebooste le processus de renouvellement cellulaire pour combattre les traits gonflés, la peau plissée et le visage desséché. Instantanément, votre peau semble plus saine, tonifiée comme rechargée., Appliquer sur peau propre matin et/ou soir. Eviter le contour des yeux., Aqua, alcohol denat, glycerin, hydroxyethylpiperazine ethane sulfonic acid, bis-peg-18 methyl ether dimethyl silane, butylene glycol, peg-7 glyceryl cocoate, acrylate crosspolymer, ascorbyl glucoside, caffeine, CI 15985/yellow 6, CI 16035/red 40, ethyl menthane carboxamide, limonene, linalool, mentha piperita extract/peppermint leaf extract, menthol, peg-60 hydrogenated castor oil, sodium hyaluronate, sodium polyacrylate, taurine, zea mays extract/corn kernel extract, parfum. (B49095/1)., 18 mois après ouverture.]|"
279,20€ / L"|"
13,96 €"
4327|Hydra Energetic X Visage + Barbe de 3 Jours|Le flacon de 50ml|[Origine : FRANCE]|"
277,80€ / L"|"
13,89 €"
4329|Hydra Sensitive Soin|Le flacon de 50ml|[Origine : FRANCE, Hydra Sensitive est le 1er soin Men Expert qui agit pour donner aux peaux sensibles les moyens de se défendre et résister durablement aux agressions extérieures.4 minéraux fortifiants pour une peau protégée ! Manganèse : détoxifiant. Calcium : reconstituant. Magnésium : énergisant. Cuivre : anti-oxydant., Le matin sur une peau propre. Appliquer sur l'ensemble du visage en évitant le contour des yeux. Non gras, non collant, pénètre immédiatement., Aqua/water, glycerin, cyclohexasiloxane, hydrogenated polyisobutene, ammonium polyacryldimethyltauramide/ammonium polyacryloyldimethyl taurate, myristyl myristate, mentha piperita extract/peppermint leaf extract, stearic acid, linalool, potassium cetyl phosphate, calcium pantetheine sulfonate, glyceryl stearate se, manganese gluconate, sodium hydroxide, magnesium gluconate, ascorbyl glucoside, limonene, copper gluconate, capryloyl glycine, xanthan gum, polyphosphorylcholine glycol acrylate, acrylates copolymer, butylene glycol, caprylyl glycol, parfum/fragrance, methylparaben. (B35456/1). Sans alcool, sans colorant., 12 mois après ouverture.]|"
218,20€ / L"|"
10,91 €"
4330|Pur & Mat Gel Désincrustant|Le tube de 150ml|[Origine : FRANCE, Action 1 : désincruste les pores encrassés. Action 2 : renforce la résistance naturelle de la peau. Résultat : moins d'irritations, moins de tiraillements, plus de confort., Appliquer le gel désincrustant sur le visage humidifié, masser, puis rincer. Utiliser matin ou soir pour une peau saine et fraîche. Eviter le contour des yeux., Aqua/water, glycerin, tea-lauryl sulfate, polyethylene, PEG-60 hydrogenated castor oil, acrylates/steareth-20 methacrylate copolymer, lithium magnesium sodium silicate, triethanolamine, coco-glucoside, decyl glucoside, sodium lauroyl oat amino acids,sodium diatomeae/diatomaceous earth, mentha piperita extract/peppermint leaf extract, benzophenone-4, disodium EDTA, alcohol, sodium lauryl sulfate, alumina, DMDM hydantoin, sodium methylparaben, methylparaben, phenoxyethanol, Cl42090/blue 1 lake, parfum/fragrance, limonene (B27095/1)., 12 mois après ouverture.]|"
51,40€ / L"|"
7,71 €"
4331|Pure Power Gel Nettoyant 5 en 1|Le tube de 150 ml|[Origine : FRANCE, Découvrez le pouvoir du charbon magnétique, un actif reconnu pour ses propriétés purifiantes. La formule contient également de l'acide salicylique assainissant et du menthol rafraîchissant pour une action nettoyante complète. Il combat en un seul geste 5 types d'imperfection de la peau : spots, impuretés, pores encrassés, excès de sébum et marques. Innovation Pure Power : la 1ère gamme de soins anti-imperfections 100% développée pour les hommes., Appliquer une noix de gel sur l'ensemble du visage humidifié et masser légèrement pour faire mousser. Insister sur le front, le nez et le menton. Rincer abondamment. Utiliser tous les jours pour une peau parfaitement nettoyée. Eviter le contour des yeux. En cas de contact avec les yeux, rincer immédiatement., Aqua/water, glycerin, myristic acid, stearic acid, palmitic acid, potassium hydroxide, lauric acid, butylene glycol, sorbitol, glyceryl stearate se, peg-8, ascorbyl glucoside, charcoal power, Cl77499/iron oxides, citric acid, limonene, linalool, mentha piperita extract/peppermint leaf extract,  menthol, methylisothiazolinone, moringa pterygosperma seed extract, polyglycerin-10, polyglyceryl-10 myristate, polyglyceryl-10 stearate, polyquaternium-4, salicylic acid, tetrasodium edta, parfum/fragrance (F.I.L. C160295/1)., 12 mois après ouverture.]|"
47,33€ / L"|"
7,10 €"
4332|Pure Power Gel Ultra-Désincrustant|Le tube de 150ml|[Origine : FRANCE, Il élimine l'excès de sébum, les impuretés et les cellules mortes pour laisser les pores à nouveau respirer. Après 4 semaines d'utilisation, -100% de pores obstrués. La 1ère gamme des soins anti-imperfections 100% développée pour les hommes, Appliquer une noix de gel sur l'ensemble du visage humidifié et masser légèrement pour faire mousser. Insister sur le front, le nez et le menton. Rincer abondamment. Utiliser tous les jours pour une peau parfaitement nettoyée. Eviter le contour des yeux. En cas de contact avec les yeux, rincer immédiatement., Aqua/water, glycerin, cetyl alcohol, stearic acid, peg-7 glyceryl cocoate, sodium laureth sulfate, palmitic acid, steareth-21, polyethylene, salicylic acid, coco-betaine, stearyl alcohol, ccaccinium myrtillus fruit extract, zinc gluconate, sodium chloride, sodium hydroxide, myristic acid, myristyl alcohol, ammonium polyacryloyldimethyl taurate, propylene glycol copper pca, capryloyl salicylic acid, trisodium ethylenediamine disuccinate, synthetic wax, menthol, polysorbate 60, CI42090/blue 1 lake, CI47005/acid yellow 3, CI77007/ultramarines, linalool, limonene, butylphenyl methylpropional, parfum/fragrance (F.I.L. B158841/4)., 12 mois après ouverture.]|"
46,60€ / L"|"
6,99 €"
4333|Soin hydratant anti fatigue 24h|Le flacon pompe de 50ml|[Origine : POLOGNE]|"
109,73€ / L"|"
8,23 €"
4334|Soin hydratant Pure Power|Le flacon de 50ml|[Origine : FRANCE]|"
144,00€ / L"|"
7,20 €"
4335|Stop Rides Anti-Rides d'Expression|La boîte de 50ml|[Origine : FRANCE, Action 1 : efficacité anti-rides prouvée. Action 2 : renforce la résistance naturelle de la peau. Protection UV quotidienne : pour lutter contre le vieillissement accéléré lié aux UV.Enrichi en Boswelox pour s'opposer aux micro-contractions de la peau à l'origine des rides, Stop Rides décrispe la peau pour corriger les rides. Dès 1 heure : rides d'expression lissées, en 4 semaines : rides visiblement réduites, traits détendus, décontractés, expression rajeunie., Le matin et/ou le soir sur une peau nettoyée. Utiliser sur tout le visage, en insistant sur les rides d'expression. Appliqué après le rasage, Stop Rides calme le feu du rasoir., Aqua/water, cyclohexasiloxane, glycerin, hydrogenated polyisobutene, dipropylene glycol, drometrizole trisiloxane, polysilicone-8, ethylhexyl methoxycinnamate, ammonium polyacryloyldimethyl taurate, tocopheryl acetate, nylon-12, boswelia serrata/boswellia serrata extract, manganese gluconate, sodium hydroxide, biosaccharide gum-1, mentha piperita/peppermint leaf extract, phenoxyethanol, imidazolidinyl urea, methylparaben, butylparaben, ethylparaben, propylparaben, isobutylparaben, disodium edta,parfum/fragrance, limonene, linalool, hydroxyisohexyl 3-cyclohexene carboxaldehyde. (B8728/3)., 12 mois après ouverture.]|"
217,40€ / L"|"
10,87 €"
4337|Vita Lift Force Sérum|Le flacon de 50ml|[Origine : FRANCE, Ce fluide tenseur pénètre rapidement dans la peau. Après quelques secondes, la peau est lissée et retendue sans effet gras. Hydrate la peau pendant 24h. Appliqué après le rasage, il calme le feu du rasage. Ne graisse pas, ne colle pas et pénètre rapidement., Appliquez matin et soir, sur la peau nettoyée du visage et du cou., Aqua, alcohol denat, hydroxyethylpiperazine ethane sulfonic acid, glycerin, polyurethane-2, dimethicone, mentha piperita extract/peppermint leaf extract, sodium hydroxide, manilkara multinervis leaf extract, adenosine, poloxamer 338, ammonium polyacryldimethyltauramide/ammonium, polyacryloyldimethyl taurate hydroxypropyl guar, capryloyl salicylate acid, trisodium ethylenediamine disuccinate, maltodextrin, ethyl menthane carboxamide, polymethyl methacrylate, sodium dehydroacetate, phenoxyethanol,linalool, limonene, parfum (FIL B53417/1).]|"
360,60€ / L"|"
18,03 €"
4338|Anti-fatigue, soin hydratant énergisant Q10|La boîte de 50ml|[Origine : ALLEMAGNE, Recharge pour la journée les cellules de la peau en énergie. Renforce la résistance de la peau face aux agressions quotidiennes. Réactive le processus naturel de renouvellement cellulaire.Pénètre instantanément : non gras, non collant. Résultat : unepeau revitalisée et en pleine forme. Elle retrouve force et vitalité., Appliquez quotidiennement matin et soir sur le visage et le cou., Aqua, cyclomethicone, glycerin, methylpropanediol, isopropyl palmitate, dibutyl adipate, distarch phosphate, ethylhexyl triazone, glyceryl stearate citrate, stearyl alcohol, cetyl alcohol, panthenol, butyl methoxydibenzoylmethane, tocopheryl acetate,ubiquinone, sodium carbomer, acrylates / C10-30 alkyl acrylate crosspolymer, chondrus crispus, trisodium EDTA, phenoxyethanol, methylparaben, methylisothiazolinone, linalool, butylphenyl methylpropional, limonene, parfum., 12 mois après ouverture.]|"
225,60€ / L"|"
11,28 €"
4341|Crème nourrissante express, hydratant à l'aloé verra|Le pot de 50ml|[Origine : POLOGNE, Pour les hommes qui veulent une peau visiblement nourrie et protégée. Formule nourrissante enrichie en Aloe Vera, vitamine E et agents hydratants actifs : nourrit instantanément les peaux sèches sans laisser de résidu gras ni collant. Protège la peaudes agressions extérieures du quotidien. Apaise après l'épreuve du rasage. Résultat : la peau est instantanément apaisée et protégée. Elle est douce et souple. Testé sous contrôle dermatologique., Appliquez quotidiennement matin et soir sur le visage et le cou., 12 mois après ouverture.]|"
164,60€ / L"|"
8,23 €"
4344|Gel nettoyant purifiant profond|Le tube de 100ml|[Origine : FRANCE, Action : sa formule nettoyante efficace enrichie en provitamine B5, vitamine E et en menthol : nettoie la peau en profondeur tout en éliminant impuretés et excès de sébum.Désincruste les pores et prévient les poils incarnés. Ne tire pas, ne dessèchepas la peau., A utiliser matin et soir. Appliquez et faites mousser le gel sur un visage humidifié. Rincez à l'eau., Aqua, cocamidopropyl betaine, sodium myreth sulfate, decyl glucoside, panthenol, menthol, tocopheryl acetate, alcohol denat., peg-90 glyceryl isostearate, peg-40 hydrogenated castor oil, sodium acrylates/C10-30 alkyl acrylate crosspolymer, polyquaternium-10, laureth-2, phenoxyethanol, methylparaben, propylparaben, benzophenone-4, parfum, Cl42090., 12 mois après ouverture.]|"
62,30€ / L"|"
6,23 €"
4345|Réveil express, soin Q10 gel, effet ultra frais|La boîte de 50ml|[Origine : FRANCE, Rafraîchit la peau pour un effet Réveil Express. Réactive le processus naturel de renouvellement cellulaire. Pénètre instantanément : non gras, non collant.Résultat : les signes de fatigue sont réduits. Votre peau retrouve sa fraîcheur et sa vitalité., Appliquez quotidiennement matin et soir sur le visage et le cou. Pour la zone sensible du contour de l'oeil, utilisez le soin Q10 yeux Anti-Fatigue de Nivea for Men. Testé dermatologiquement., Aqua, glycerin, cyclomethicone, alcohol denat, butyrospermum parkii butter, ubiquinone, taurine, menthol, magnesium chloride, isopropyl palmitate, sodium carbomer, acrylates/C10-30 alkyl acrylate crosspolymer, sodium polyacrylate, trisodium EDTA, phenoxyethanol, methylparaben, linalool, butylphenyl methylpropional, limonene, coumarin, parfum, CI 42090., 12 mois après ouverture.]|"
245,00€ / L"|"
12,25 €"
4346|Roll-on yeux anti-cernes, Hydrate et réduit les cernes et les poches.|Le tube de 10ml|[Origine : ALLEMAGNE, Un gel revitalisant pour un regard frais et réveillé. Défatigue et hydrate la peau du contour des yeux. Réduit les cernes et les poches sous les yeux. Réveille instantanément le regard.Résultat : le contour des yeux est réveillé, plein de vitalité., Appliquez sur la zone du contour de l'oeil matin et soir. Tapotez doucement avec votre doigt pour favoriser l'absorption du produit., Aqua, glycerin, caprylic/capric triglyceride, octyldodecanol, isopropyl palmitate, ubiquinone, panthenol, tocopheryl acetate, glyceryl glucoside, creatine, 1-methylhydantoin-2-imide, sodium acrylates/C10-30 alkyl acrylate crosspolymer, trisodium edta, phenoxyethanol, methylparaben, methylisothiazolinone., 12 mois après ouverture.]|"
1008,00€ / L"|"
10,08 €"
4349|Soin de jour hydratant                                           Hydrate, protège, renforce, raffermit, renouvelle les cellules|Le tube de 50ml|[Origine : ALLEMAGNE, Sa formule enrichie en Créatine et en Caféine procure 6 actions en 1 seul geste : hydrate, protège, renforce, raffermit, renouvelle les cellules et réduit les rides. Une peau raffermit et protégée. Une peau hydratée, confortable et pleine de vitalitétoute la journée., Appliquez le matin sur l'ensemble du visage en évitant le contour des yeux., 12 mois après ouverture.]|"
281,20€ / L"|"
14,06 €"
4351|Soin, baume apaisant après rasage, aloé véra et vitamine B5, peau sensible, sans alcool|Le stick de 100ml|[Origine : FRANCE, Le baume apaisant offre une action complète et adaptée aux peaux sensibles. Résultat : douce et apaisée, votre peau sensible est visiblement en pleine forme !, Pénètre rapidement. Non gras, ne laisse pas de film collant., Aqua/water, cyclopentasiloxane, glycerin, oryza sativa/rice starch, bisabolol, allantoin, tocopheryl acetate, panthenol, ascorbyl glucoside, aloe barbadensis/aloe barbadensis leaf juice, cetyl alcohol, stearic acid, carbomer, sodium citrate, peg-100stearate, glyceryl stearate, sodium hydroxide, disodium edta, phenoxyethanol, butylparaben, ethylparaben, isobutylparaben, propylparaben, methylparaben, parfum/fragrance, coumarin, citral, benzyl salicylate, hexyl cinnamal, limonene, linalool, farnesol (F.I.L. B6964/2)., 12 mois après ouverture.]|"
62,70€ / L"|"
6,27 €"
4352|Soin visage hydratant fraîcheur, coup de fouet|Le tube de 100ml|[Origine : FRANCE, Le 1er soin visage hydratant fraîcheur Coup de Fouet de Mennen. Hydratation intense pendant 24 heures. Fraîcheur extrême dès l'application. Action coup de fouet : enrichie en ginseng, sa formule défatigue et tonifie instantanément votre peau. Inédit: sa texture gel 100% adaptée aux hommes : absorption 5 secondes, non gras non collant, application ultra-facile., Appliquez le matin et/ou le soir sur l'ensemble du visage, en évitant le contour des yeux., Aqua/water, alcohol denat, glycerin, bis-peg-18 methyl ether dimethyl silane, dimethicone, acrylates/C10-30 alkyl acrylate crosspolymer, ascorbyl glucoside, caffeine, Cl 15985/yellow 6, Cl 16035/red40, citronellol, coumarin, ethyl menthane carboxamide, hexyl cinnamal, limonene, linalool, magnesium gluconate, panax ginseng extract/panax ginseng root extract, propylene glycol, sodium citrate, sodium hydroxide, sodium polyacrylate, parfum/fragrance (FIL B158080/1)., 12 mois après ouverture.]|"
78,20€ / L"|"
7,82 €"
4354|Soin visage invisible sur barbe 2/3 jours|Le flacon de 100ml|[Origine : FRANCE, AQUA / WATER ? ALCOHOL DENAT. ? GLYCERIN ? BIS-PEG-18 METHYL ETHER DIMETHYL SILANE ? DIMETHICONE ? PANAX GINSENG EXTRACT / PANAX GINSENG ROOT EXTRACT ? CAFFEINE ? SODIUM CITRATE ? SODIUM HYDROXIDE ? SODIUM POLYACRYLATE ? MAGNESIUM GLUCONATE ? ASCORBYL GLUCOSIDE ? PROPYLENE GLYCOL ? ETHYL MENTHANE CARBOXAMIDE ? ACRYLATES/C10-30 ALKYL ACRYLATE CROSSPOLYMER ? LINALOOL ? COUMARIN ? LIMONENE ? CITRONELLOL ? HEXYL CINNAMAL ? PARFUM / FRAGRANCE]|"
78,20€ / L"|"
7,82 €"
4355|Gel fraîcheur ultra-purifiant au wasabi, réduit visiblement les imperfections, réveille et tonifie la peau.|Le flacon de 200ml|[Origine : FRANCE, Efficacité renforcée sur la réduction et la prévention des imperfections. Garnier Pure Active Wasabi Power est une gamme de formules concentrées spécialement développée pour les hommes ayant une peau grasse à problèmes tenaces. Le gel fraîcheur ultra-purifiant lutte efficacement contre les imperfections. Il stimule & redynamise la peau pour une sensation de fraîcheur et de vitalité. Son parfum ultra frais tonifie instantanément pour réveiller la peau., Pour hommes. Peaux grasses à problèmes. Appliquer sur le visage humide. Masser doucement en insistant sur les zones sujettes aux imperfections (front, nez, menton). Eviter le contour des yeux. En cas de contact avec les yeux, rincer immédiatement., 12 mois après ouverture.]|"
34,45€ / L"|"
6,89 €"
4357|Exfoliant visage journalier|Le tube de 125ml|[Origine : ROYAUME UNI, Notre désincrustant exfoliant pour le visage nettoie en profondeur pour dégager les pores obstrués et enlever les peaux mortes afin d'éclaircir votre teint., Pour usage externe seulement. Cesser l'emploi en cas d'irritation. Eviter tout contact avec les yeux., Aqua (water), kaolin, prunus amygdalus dulcis (sweet almond) oil, glycerin, glyceryl stearate se, bentonite, juglans regia (walnut) shell powder, propylene glycol, theobroma cacao (cocoa) seed butter, glyceryl stearate, peg-100 stearate, parfum (fragrance), melaleuca alternifolia leaf oil, imidazolidinyl urea, methylparaben, propylparaben, tocopheryl acetate, disodium edta, 2-bromo-2-nitropropane-1,3-diol, limonene, linalool., 12 mois après ouverture.]|"
40,80€ / L"|"
5,10 €"
4358|Lotion nettoyante de consistance crémeuse pour le visage|Le tube de 125ml|[Origine : ROYAUME UNI, Un mélange naturel d'huiles de pépins de raisin et de noix de coco, des agents nettoyants doux et d'excellents hydratants laissent la peau douce et fraîche., Utiliser matin et soir avant le rasage. Humecter la peau à l'eau tiède, masser une quantité généreuse du nettoyant sur le visage et le cou, en évitant la région des yeux. Rincer abondamment à l'eau tiède avant le rasage avec la crème la crème, l'huile ou le gel de rasage. En cas de contact avec les yeux, rincer immédiatement avec de l'eau., Aqua (water), disodium cocoamphodiacetate, disodium laureth sulfosuccinate, stearic acid, glyceryl stearate se, cetearyl alcohol, glycerin, vitis vinifera seed oil, triethanolamine, caprylic/capric triglyceride, parfum (fragrance), melaleuca alternifolia leaf oil, phenoxyethanol, methylparaben, ethylparaben, butylparaben, propylparaben, isobutylparaben, limonene, linalool., 12 mois après ouverture.]|"
40,80€ / L"|"
5,10 €"
4360|Mouchoirs classiques double epaisseur|La boîte de 110 mouchoirs|[Origine : ITALIE, Ouate de pure cellulose.]|"
0,01€ / Pce"|"
1,09 €"
4361|Mouchoirs quadruple épaisseur, ultra confort douceur & résistance|La boîte de 80 mouchoirs|[Origine : ITALIE]|"
0,02€ / Pce"|"
1,55 €"
4362|Mouchoirs ultra doux triple épaisseur|La boîte de 110 mouchoirs|[Origine : ITALIE, Ouate de pure cellulose.]|"
1,37€ / Pce"|"
1,37 €"
4365|Mouchoirs|Le pack de 2 boîtes de 72 mouchoirs|[Origine : FRANCE, Les mouchoirs pour toute la famille, tous les jours !                     La gamme Kleenex® Original a été conçue pour vous proposer des mouchoirs très doux et très résistants à la fois.                                    Disponible en boîtes et en étuis (standard et mini).]|"
0,02€ / Pce"|"
2,29 €"
4366|Mouchoirs blancs triple épaisseur|La boîte de 80 mouchoirs|[Origine : FRANCE, Enveloppez-vous dans un cocon de douceur!                                 Découvrez la nouvelle boîte Kleenex® Ultrasoft au design moderne et déco, et laissez-vous séduire par la douceur exceptionnelle de ce mouchoir.]|"
0,03€ / Pce"|"
2,13 €"
4368|Mouchoirs blancs raffinés, triple épaisseur, motifs satinés|La boîte de 48 mouchoirs|[Origine : FRANCE]|"
0,04€ / Pce"|"
1,75 €"
4369|Mouchoirs boîte doux et encore plus resistant|La boîte de mouchoirs|[Origine : FRANCE, Doux et encore plus résistant.]|"
0,02€ / Pce"|"
1,55 €"
4370|Mouchoirs papiers lotion|La boîte de 72 mouchoirs|[Origine : FRANCE, Le nouveau mouchoir Lotus Lotion aide à prévenir des irritations dues aux rhumes ou aux allergies. La vitamine E, connue pour ses propriétés anti-inflammatoires et hydratantes, est réputée favoriser la diminution des rougeurs. Votre nez est apaisé.]|"
0,03€ / Pce"|"
1,89 €"
4371|Mouchoirs ultra blanc|La boite de 72 mouchoirs|[Origine : FRANCE, Avec leur texture renforcée 4 épaisseurs, les nouveaux mouchoirs en boite Lotus Ultra sont 50% plus résistants que les mouchoirs en boite Lotus ordinaires. Ils ne risquent pas de se transpercer ou de se dédoubler et en plus ils sont très doux. Avec Lotus Ultra, un seul mouchoir peut suffire !]|"
0,03€ / Pce"|"
2,10 €"
4373|Mouchoirs étuis classiques|Les 15 étuis|[Origine : FRANCE, Les mouchoirs Monoprix vous garantissent douceur et résistance., Ouate de pure cellulose.]|"
0,09€ / Pce"|"
1,35 €"
4374|Mouchoirs étuis classiques|Les 6 étuis|[Origine : FRANCE, Les mouchoirs Monoprix vous garantissent douceur et résistance., Ouate de pure cellulose.]|"
0,11€ / Pce"|"
0,67 €"
4375|Mouchoirs étuis compacts|Les 15 étuis|[Origine : FRANCE, Les mouchoirs Monoprix vous garantissent douceur et résistance., Ouate de pure cellulose.]|"
0,11€ / Pce"|"
1,65 €"
4376|Mouchoirs étuis compacts|Les 24 étuis|[Origine : FRANCE, Les mouchoirs Monoprix vous garantissent douceur et résistance., Ouate de pure cellulose.]|"
0,10€ / Pce"|"
2,32 €"
4377|Mouchoirs|Le paquet de 12 étuis|[Origine : FRANCE, Protège et apaise votre nez en cas de rhume.                              Les mouchoirs Kleenex® Balsam sont enrichis d'un baume protecteur au Calendula, qui laisse un léger film sur la peau et protège ainsi le nez contre les rougeurs. Parfait pour l'hiver et la période de rhume des foins, il sait aussi apaiser les nez légèrement irrités.                              Disponible en boîtes et en étuis., Paraffinum liquidum, ceresin, stearyl alcohol, isopropyl palmitate, dimethicone, calendula officinalis, ceteareth-20, tocopherol (vitamine E)., 18 mois après ouverture.]|"
0,19€ / Pce"|"
2,26 €"
4379|Mouchoirs mini extra doux et résistant|Les 12 étuis de 7 mouchoirs|[Origine : FRANCE, Les mouchoirs pour toute la famille, tous les jours !                     La gamme Kleenex® Original a été conçue pour vous proposer des mouchoirs très doux et très résistants à la fois.                                    Disponible en boîtes et en étuis (standard et mini).]|"
0,15€ / Pce"|"
1,75 €"
4380|Mouchoirs en étui|Les 24 étuis de 9 mouchoirs|[Origine : FRANCE, L'ultra douceur en toute confiance., Ouate de cellulose pure pâte vierge.]|"
0,14€ / Pce"|"
3,27 €"
4381|Mouchoirs etui lotus sensitive|Les 15 étuis|[Origine : FRANCE, Mouchoir après mouchoir, respecte parfaitement votre peau sensible. Enrichi en fibres de coton., Ouate de cellulose, pure pâte vierge.]|"
0,18€ / Pce"|"
2,65 €"
4382|Mouchoirs étuis menthol eucalyptol|Les 15 étuis|[Origine : FRANCE, Pour mieux prendre soin de vous, même en cas de gros rhume, Lotus Menthol Eucalyptol vous aide à libérer le nez.Les actions combinées du menthol et de l'eucalyptol contribuent à dégager les voies respiratoires et apportent une agréable sensation de fraîcheur., Menthol : risque possible d'irritation au contact des yeux. Réservé à l'adulte et à l'enfant de plus de 6 ans. Arrêter l'utilisation en cas d'allergies., Ouate de cellulose, pure pâte vierge.]|"
0,18€ / Pce"|"
2,69 €"
4383|Mouchoirs étui|Le paquet de 15 étui|[Origine : FRANCE]|"
0,05€ / Pce"|"
0,75 €"
4384|Bâtonnets coton, embouts 100% pur coton, tiges légères et souples|La boîte de 160 bâtonnets|[Origine : FRANCE, Bâtonnets boîte distributrice x160., Ne pas insérer dans le conduit auditif ou nasal. Ne pas laisser à la portée des enfants., Embouts 100% coton., Conserver dans un endroit propre et sec.]|"
0,01€ / Pce"|"
0,99 €"
4385|Bâtonnets coton, embouts 100% pur coton, tiges légères et souples|La boîte de 200 bâtonnets|[Origine : FRANCE, Ne pas laisser à la portée des enfants, Embouts 100 % coton.]||"
0,99 €"
4386|Bâtonnets coton, embouts 100% pur coton, tiges légères et souples|La boîte de 50 bâtonnets|[Origine : FRANCE, Ne pas insérer dans le conduit auditif ou nasal. Ne pas laisser à la portée des enfants., Embouts 100% coton., Conserver dans un endroit propre et sec.]|"
0,02€ / Pce"|"
0,97 €"
4387|Bâtonnets coton, embouts 100% pur coton, tiges légères et souples|Le paquet de 160 bâtonnets|[Origine : FRANCE, Ne pas insérer dans le conduit auditif ou nasal. Ne pas laisser à la portée des enfants., Embouts 100% coton., Conserver dans un endroit propre et sec.]||"
0,65 €"
4388|Bâtonnets coton embouts 100 % coton bio, tiges légères et souples|Le sachet de 160 bâtonnets|[Origine : ALLEMAGNE, Ne pas insérer dans le conduit auditif ou nasal. Ne pas laisser à la portée des enfants., Conserver dans un endroit propre et sec.]|"
0,01€ / Pce"|"
0,89 €"
4389|Bâtonnets coton embouts 100 % coton bio, tiges légères et souples|Le sachet de 160 bâtonnets|[Origine : ALLEMAGNE, Ne pas insérer dans le conduit auditif ou nasal. Ne pas laisser à la portée des enfants., Conserver dans un endroit propre et sec.]|"
0,01€ / Pce"|"
0,89 €"
4392|Carrés à démaquiller , maxi carrés duo|Le paquet de 50 maxi carrés|[Origine : PAYS-BAS, Les Maxi carrés Duo Monoprix permettent un démaquillage efficace et en douceur grâce à leur double face., 100% coton., Conserver dans un endroit propre et sec.]|"
0,03€ / Pce"|"
1,39 €"
4393|Coton à démaquiller duo maxi carré                               100% coton|Le paquet de 80 disques|[Origine : FRANCE, Les carrés coton Monoprix permettent un démaquillage efficace grâce à leur double face. L'une démaquille le visage et le cou, l'autre permet un nettoyage tout en douceur des yeux., Ne pas laisser à la portée des enfants, 100% pur coton.]|"
0,02€ / Pce"|"
1,99 €"
4394|Coton à démaquiller maxi ovales 100% coton|Le paquet de 40 cotons|[Origine : PAYS-BAS, Les Maxi ovales Duo Monoprix permettent un démaquillage efficace et en douceur grâce à leur double face., 100% coton., Conserver dans un endroit propre et sec.]|"
0,03€ / Pce"|"
1,19 €"
4395|Coton hydrophile prédécoupé, 100% pur coton|Le paquet de 100g|[Origine : FRANCE, Le coton hydrophile Monoprix est très doux et absorbant. Prédécoupé, il se détache facilement., 100% coton., Conserver dans un endroit propre et sec.]|"
12,10€ / Kg"|"
1,21 €"
4396|Disques à démaquiller, extra doux, 100% pur coton|Le paquet de 60 disques|[Origine : FRANCE, Enrichis en extrait d'aloe vera, les disques à démaquiller Super Soft Monoprix permettent un démaquillage tout en douceur du visage et des yeux., 100% coton avec une lotion adoucissante enrichie en extrait d'aloe vera., Conserver dans un endroit propre et sec.]|"
0,02€ / Pce"|"
1,05 €"
4397|Disques à démaquiller 100% coton                                 Fibres issues de l'agriculture biologique|Le sachet de 70 disques|[Origine : ALLEMAGNE, Les Disques à démaquiller Monoprix Bio, permettent un démaquillage efficace et en douceur grâce à leur double face., Ne pas laisser à la portée des enfants., Conserver dans un endroit propre et sec.]|"
0,02€ / Pce"|"
1,29 €"
4398|Disques à démaquiller 100% coton                                 Fibres issues de l'agriculture biologique|Le sachet de 70 disques|[Origine : ALLEMAGNE, Les Disques à démaquiller Monoprix Bio, permettent un démaquillage efficace et en douceur grâce à leur double face., Ne pas laisser à la portée des enfants., Conserver dans un endroit propre et sec.]|"
0,02€ / Pce"|"
1,29 €"
4400|Disques à démaquiller duo                                        100% coton|Le paquet de 110 disques|[Origine : PAYS-BAS, Doux et efficace. Les disques à démaquiller permettent un démaquillage efficace et en douceur grâce à leur double face., 100% coton., Conserver dans un endroit propre et sec.]|"
0,01€ / Pce"|"
1,39 €"
4403|Maxi ovales à démaquiller 100% coton                             Fibres issues de l'agriculture biologique|Le sachet de 40 disques|[Origine : PAYS-BAS]|"
0,03€ / Pce"|"
1,39 €"
4405|Disque a démaquiller ovales duo +|Le paquet de 50 disques|[Origine : FRANCE, Texture nid d'abeille aux fils de coton. Nouvelle douceur. 80% d'efficacité en 1 seul geste., 100% fibres de coton, naturelles et biodégradables.]|"
0,05€ / Pce"|"
2,35 €"
4406|Disques à démaquiller duo+|Le paquet de 108 disques|[Origine : FRANCE, Texture nid d'abeille aux fils de coton. Nouvelle douceur.80% d'efficacité en 1 seul geste., 100% fibres de coton, naturelles et biodégradables.]|"
0,02€ / Pce"|"
2,44 €"
4407|Disques à démaquiller ovales original duo|Le paquet de 70 disques|[Origine : FRANCE, Doux et efficace., 100% fibres de coton.]|"
0,04€ / Pce"|"
2,57 €"
4410|Papier toilette blanc double épaisseur très doux|Le paquet de 12 rouleaux|[Origine : FRANCE]|"
0,20€ / Pce"|"
2,41 €"
4411|Papier toilette Le Trèfle, la douceur en maxi feuille|12 rouleaux|[Origine : BELGIQUE, Des feuilles vraiment plus larges que celles d'un papier toilette classique et une douceur remarquable. Voilà la formule originale qui fait du papier toilette Le Trèfle Maxi Feuille un produit idéal pour toute la famille., Ce papier toilette convient pour fosses septiques et broyeurs. Ce sac n'est pas un jouet. Ne pas laisser à la portée des enfants., Pure ouate de cellulose. Papier issu de sources responsables (label FSC).]|"
0,40€ / Pce"|"
4,82 €"
4412|Papier toilette rose ou blanc selon arrivage|Le paquet de 12 rouleaux|[Origine : FRANCE, Grâce à l'expertise Lotus dans la sélection des fibres vierges de grande qualité, Lotus Confort vous offre toujours l'association parfaite d'une douceur extrême et d'une très grande résistance. Aux extraits de Lotus, symbole de bien-être et de douceur. Aqua Tube peut se jeter directement dans les toilettes sans boucher vos canalisations. C'est prouvé !, Papier toilette 2 épaisseurs. Composition : ouate de cellulose, pure pâte vierge.]||"
4,58 €"
4413|Papier toilette aloe vera|Les 8 rouleaux|[Origine : BELGIQUE, OUATE DE CELLULOSE]|"
0,54€ / Pce"|"
4,32 €"
4417|Papier toilette 100% fibres recyclées|Le paquet de 6 rouleaux|[Origine : FRANCE, Monoprix Vert propose des produits à base de matières premières recyclées qui contribuent à la fois au respect de l'homme et de l'environnement tout au long de leur cycle de vie. L'incorporation de fibres recyclées lors de la fabrication des papierstoilette Monoprix Vert donne une seconde vie au papier usagé et limite la consommation de matières premières vierges et d'énergie., Convient pour fosses septiques et broyeurs., 100% fibres recyclées.]|"
0,32€ / Pce"|"
1,94 €"
4419|Papier toilette Aloe Vera ultra doux, double épaisseur|Le paquet de 6 rouleaux|[Origine : FRANCE, Convient pour fosses septiques.]|"
0,41€ / Pce"|"
2,44 €"
4422|Papier Toilette Triple épaisseur Extra doux|Les 6 rouleaux|[Origine : FRANCE, 100% ouate de pure cellulose.]|"
0,44€ / Pce"|"
2,62 €"
4423|Papier toilette aquatube|Le paquet de 6|[Origine : FRANCE]|"
0,51€ / Pce"|"
3,08 €"
4425|Papier toilette aquatube Juste.1|Le paquet de 6|[Origine : FRANCE, Si épais, une feuille peut suffire. Lotus Just 1 vous permet une propreté parfaite : ses feuilles plus épaisses et plus grandes, absorbent beaucoup plus qu'un papier toilette ordinaire. Et grâce à leur grande souplesse, elles vous assurent un confortoptimal. Aux extraits de Lotus, symbole de bien-être et de douceur. Lotus invente Aqua Tube : le seul tube fait de la même matière que le papier toilette. Rien de plus pratique, on le jette dans les toilettes et il disparait., Ouate de cellulose. Pure pâte vierge.]||"
4,95 €"
4427|Papier toilette blanc aquatube XXL|Le paquet de 6|[Origine : FRANCE, Changez de rouleau moins souvent ! Avec 50% de feuilles en plus, Lotus XXL vous offre la qualité Lotus, une douceur extrême associée à une très grande résistance, pendant encore plus longtemps. Aux extraits de lotus, symbole de bien-être et de douceur. Lotus invente Aqua Tube : le seul tube fait de la même matière que le papier toilette. Rien de plus pratique on le jette dans les toilettes et il disparait., Ouate de cellulose. Pure pâte vierge.]||"
4,13 €"
4429|Papier toilette moltonel sensitive blanc rouleaux aquatube|Le paquet de 6|[Origine : FRANCE]|"
0,60€ / Pce"|"
3,59 €"
4430|Papier toilette compact 100% fibres recyclées|Le paquet de 4 rouleaux|[Origine : FRANCE, Monoprix Vert propose des produits à base de matières premières recyclées qui contribuent à la fois au respect de l'homme et de l'environnement tout au long de leur cycle de vie.L'incorporation de fibres recyclées lors de la fabrication des papiers toilette Monoprix Vert donne une seconde vie au papier usagé et limite la consommation de matières premières vierges et d'énergie. La compacité des papiers toilette Monoprix Vert permet un gain de place, une réduction des quantités d'emballage fabriqués et une optimisation du transport., Convient pour fosses septiques et broyeurs., 100% fibres recyclées.]|"
0,69€ / Pce"|"
2,74 €"
4431|Papier toilette compact 100% fibres recyclées|Le paquet de 4 rouleaux|[Origine : FRANCE, Monoprix Vert propose des produits à base de matières premières recyclées qui contribuent à la fois au respect de l'homme et de l'environnement tout au long de leur cycle de vie.L'incorporation de fibres recyclées lors de la fabrication des papiers toilette Monoprix Vert donne une seconde vie au papier usagé et limite la consommation de matières premières vierges et d'énergie. La compacité des papiers toilette Monoprix Vert permet un gain de place, une réduction des quantités d'emballage fabriqués et une optimisation du transport., Convient pour fosses septiques et broyeurs., 100% fibres recyclées.]|"
0,69€ / Pce"|"
2,74 €"
4432|Papier toilette|Le paquet de 4|[Origine : FRANCE]|"
0,65€ / Pce"|"
2,59 €"
4433|Antiseptique cutané|Le spray de 100ml|[Origine : FRANCE, Le spray antiseptique Hansaplast permet un nettoyage simple de la peau et assure une parfaite hygiène cutanée. Grâce à sa formule incolore sans alcool, il ne pique pas., Vaporiser 1 ou 2 jets (environ 2 ml) selon la zone et nettoyer à l'aide d'une compresse de gaze. Ne pas laisser à la portée des enfants. Eviter le contact avec les yeux et les muqueuses. En cas d'ingestion, consulter un médecin et lui montrer le produit ou l'étiquette. Eliminer l'emballage et le produit conformément aux prescriptions du règlement municipal de ces déchets. Ne pas jeter les résidus dans les égouts et les cours d'eau.]|"
52,40€ / L"|"
5,24 €"
4435|Alcool modifié 70% vol. pour nettoyer et désinfecter|Le flacon de 200ml|[Origine : FRANCE, Désinfection des ciseaux, thermomètre, etc. Verser l'alcool sur une compresse Mercurochrome puis la passer sur la totalité du dispositif médical.  Ne pas avaler. Eviter le contact avec les yeux. Rincer abondamment si contact. Ne pas laisser à la portée des enfants. Usage externe., Alcool pur 70%, camphre, colorant E102, eau purifiée.]|"
13,05€ / L"|"
2,61 €"
4438|Eau oxygénée stabilisée à 10 volumes, hygiène manucure|le flacon de 200ml|[Origine : FRANCE, Hygiène manucure. Stabilisée à 10 volumes., Décoloration des cheveux et des poils : à utiliser pur. Pour durcir les ongles : tremper les doigts 10 minutes dans un bol de solution diluée de moitié d'eau. Eviter le contact du produit avec les yeux. Rincer abondamment les yeux si le produit entreen contact avec ceux-ci. Ne pas laisser à la portée des enfants. Ne pas employer pour les soins d'enfants en dessous de trois ans. Ne pas avaler. Usage externe., Aqua, phosphoric acid, peroxyde d'hydrogène, salicylate de sodium.]|"
14,65€ / L"|"
2,93 €"
4439|Gel à l'arnica.|Le tube de 75ml|[Origine : FRANCE, Hydratant. Appliqué en légers massages, le gel pénètre facilement. Non gras, il apporte rapidement une sensation de bien-être., Usage externe. Eviter le contact avec les yeux. En cas de contact, rincer abondamment à l'eau., Aqua/water, glycerin, carbomer, chlorphenesin, sodium hydroxide, TEA-lactate, anthemis nobilis extract, lactic acid, sodium lactate, arnica montana flower extract, sorbitol, methylisothiazolinone, serine, urea, allantoin, potassium sorbate, sodium benzoate, citric acid.]|"
68,53€ / L"|"
5,14 €"
4440|Solution lentilles souples, nettoie, rince décontamine.|Le flacon de 100ml|[Origine : FRANCE, Multifonctions : nettoie, rince, décontamine., Se laver soigneusement les mains avec de l'eau et du savon avant de manipuler les lentilles de contact. Retirer la lentille de l'oeil, la poser dans la paume de la main avec quelques gouttes de solution et masser les deux faces de la lentille pendantau moins 5 secondes avec la solution. Placer chaque lentille dans l'alvéole correspondante de l'étui et recouvrir complètement les lentilles avec la solution. Fermer l'étui et agiter pendant une décontamination complète. Laisser tremper les lentilles dans la solution pendant au moins 4 heures (ou toute la nuit) pour garantir une décontamination complète. Lorsque la procédure est terminer, poser les lentilles directement sur les yeux ou, si on le préfère, les rincer au préalable avec la solution. Rincer l'étui avec la solution et laisser sécher à l'air libre. Ne pas utiliser le flacon au-delà de 90 jours après ouverture. Bien refermer le flacon après usage. Ne pas utiliser le produit si le sceau de sécurité est absent ou endommagé. Vous pouvez conserver vos lentilles dans la solution, dans l'étui porte-lentilles, jusqu'à 30 jours. Ne pas avaler la solution. Ranger hors de portée des enfants. Eviter tout contact avec le bec verseur afin d'exclure tout risque de contamination. En cas d'irritation oculaire, consulter un spécialiste. Avant d'utiliser un médicament ophtalmique, informez votre médecin que vous êtes porteur de lentilles de contact. Ne pas utiliser en cas d'allergie à l'un des composants. Ne jamais utiliser de l'eau du ro, Solution aqueuse, isotonique et tamponnée de poloxamer, edta, pvp, polyhexanide 0,0002% et agent anti dépôt de protéines., Conserver à température ambiante.]|"
61,30€ / L"|"
6,13 €"
4441|Lingettes antiseptiques biodegradables, sans paraben|Le paquet de 10 lingettes|[Origine : FRANCE, Spécialement conçues pour l'antisepsie des mains des adultes et des enfants (à partir de 3 ans) et la désinfection des objets., Usage externe sur une peau saine uniquement. Tenir hors de la portée des enfants. Ne pas jeter dans les toilettes. En cas d'urgence contacter le centre antipoison le plus proche., Substances actives de la solution : ethanol CAS 64-17-5 (47 mg/g), chlorure de miristalkonium chloride cas 139-08-2 (3 mg/g), acide d-gluconique/d-gluconic acid cas 18472-51-0 (1,2 mg/g)., Conserver à l'abri de la chaleur dans les conditions normales de température.]|"
0,21€ / Pce"|"
2,05 €"
4443|Pansements antiseptique, résistant à l'eau, protège contre les infections.|La boîte de 20 Strips|[Origine : FRANCE, Compresse antiseptique pour couvrir et protéger contre les infections les petites blessures quotidiennes telles que les égratignures, coupures et éraflures. La compresse contient un actif antiseptique (Digluconate de Chlorhexidine) qui réduit le risque d'infection. Résistant à l'eau et à la saleté. Pouvoir adhésif élevé. Laisse la peau respirer. Compresse non collante., 6 pansements 30x72 mm. 14 pansements 19x72 mm. Nettoyer et sécher délicatement la peau. Appliquer sans étirer. Ne pas utiliser en cas d'allergie ou Digluconate de Chlorhexidine. Ne pas utiliser sur des plaies profondes, enflammées ou infectées., A conserver dans un endroit frais et sec.]|"
0,17€ / Pce"|"
3,45 €"
4444|Pansements aqua protect 100% résistant à l'eau, pouvoir adhésif très élevé.|La boîte de 20 pansements|[Origine : FRANCE, Une protection qui résiste à l'eau pour les petites blessures du quotidien. Convient après une intervention chirurgicale mineure. 100% résistant à l'eau. Idéal pour se laver, prendre une douche ou un bain et nager. Compresse non collante qui protègeet amortit les chocs. Très haute tolérance cutanée., 8 pansements 39x39 mm. 12 pansements 25x65 mm.]|"
0,25€ / Pce"|"
5,00 €"
4445|Pansements cicatrisation rapide, réduit le risque de formation de cicatrices.|La boîte de 8 strips|[Origine : FRANCE, Réduit le risque de formation de cicatrices. Favorise une cicatrisation jusqu'à 50% plus rapide. Action cicatrisante en continu. Il est conseillé de laisser le pansement en place plusieurs jours. Pouvoir adhésif élevé. Laisse respirer la peau. Résistant à l'eau., 8 pansements de 43x68 mm. Lire la notice avant utilisation., Conserver dans un endroit frais et sec.]|"
1,12€ / Pce"|"
8,95 €"
4447|Pansements enfants, doux pour la peau - s'enlève sans douleur.|La boîte de 16 pansements|[Origine : FRANCE, Protège la blessure de votre enfant contre la saleté et les bactéries. Doux pour la peau. Les couleurs sont sans danger pour les enfants., Nettoyer et sécher soigneusement la plaie. Appliquer sans étirer. 6 pansements 30x55 mm. 10 pansements 19x55 mm., Conserver dans un milieu sec et tempéré,]|"
0,31€ / Pce"|"
4,89 €"
4451|Pansements universal, résistant à l'eau, pouvoir adhésif élevé.|La boîte de 40 Strips|[Origine : FRANCE]|"
0,13€ / Pce"|"
5,14 €"
4452|SOS Pansements Ampoules.|La boîte de 5 pansements|[Origine : FRANCE]|"
1,48€ / Pce"|"
7,41 €"
4453|SOS pansements ampoules pour les orteils.|Les 6 petits pansements|[Origine : ESPAGNE, Soulage immédiatement la douleur. Protège de la saleté et des bactéries. Pratiquement invisible et résistant à l'eau. Evite efficacement les pressions sur la zone sensible.Cicatrisation rapide grâce à la technologie hydrocolloïde. Reste en place pendant plusieurs jours. 6 pansements ampoules : 5,8x 2cm., Appliquer sur la peau propre et sèche. Appuyer fermement. Ne changer le pansement que s'il se détache par lui-même. Si l'ampoule est ouverte, la désinfecter avec une solution antiseptique. En cas de diabète, consulter d'abord un médecin.]|"
1,14€ / Pce"|"
6,85 €"
4455|Pansements ampoules grands formats, soulage la douleur, facilite la cicatrisation.|La boîte de 5 pansements|[Origine : FRANCE, Grâce à leur technologie hydrocolloïde, les 5 pansements des Laboratoires Mercurochrome soulagent la douleur lors de l'apparition des ampoules et facilitent leur cicatrisation. Technologie hydrocolloïde : au contact de l'ampoule, la masse hydrocolloïde forme un gel favorisant la cicatrisation des ampoules : elle crée un milieu humide dermo-reconstituant qui protège la plaie. Effet seconde peau. Souple et discret. Résistant à l'eau., Oter le papier protecteur blanc. Retirer les ailettes. Appliquer le pansement sur l'ampoule. Pour usage externe uniquement. Ne pas utiliser les pansements Hydrocolloïdes sur des ampoules ouvertes ou infectées. Eviter le contact avec les yeux et les muqueuses. Ne pas utiliser en cas d'allergie à l'un des composants. En cas de doute, consultez votre médecin. Diabétiques : consultez votre médecin avant utilisation. Une éventuelle réutilisation entraîne une perte de performance du dispositif et un risque de contamination.]|"
1,63€ / Pce"|"
8,13 €"
4456|Pansement liquide|Le flacon de 3,25 ml|[Origine : FRANCE]|"
2565,63€ / L"|"
8,21 €"
4457|Pansements 3 tailles, microaéré et hygiène parfaite.|La boîte de 100 pansements|[Origine : FRANCE, Le pansement est micro-aéré. Votre peau respire normalement. La compresse du pansement est imprégnée d'un agent assurant une parfaite hygiène de la compresse. La compresse est anti-adhérente, elle ne colle pas à la plaie., 3 tailles, chairs et transparents. Nettoyer soigneusement la partie à protéger et son pourtour. Sortir le pansement de son emballage et ôter les ailettes de protection. Appliquer la compresse centrale sur la partie à protéger. Bien faire adhérer le pansement sur les 4 côtés. Renouveler aussi souvent que nécessaire et au moins une fois par jour. Une éventuelle réutilisation entraine une perte de performance du dispositif et un risque de contamination.]|"
0,11€ / Pce"|"
10,80 €"
4458|Pansements ampoules petits formats, soulage la douleur, facilite la cicatrisation.|La boîte de 6 pansements hydrocolloîdes|[Origine : FRANCE, Grâce à leur technologie hydrocolloïde, les 6 pansements des Laboratoires Mercurochrome soulagent la douleur lors de l'apparition des ampoules et facilitent leur cicatrisation. Technologie hydrocolloïde : au contact de l'ampoule, la masse hydrocolloïde forme un gel favorisant la cicatrisation des ampoules : elle crée un milieu humide dermo-reconstituant qui protège la plaie. Effet seconde peau. Souple et discret. Résistant à l'eau., Oter le papier protecteur blanc. Retirer les ailettes. Appliquer le pansement sur l'ampoule. Pour usage externe uniquement. Ne pas utiliser les pansements Hydrocolloïdes sur des ampoules ouvertes ou infectées. Eviter le contact avec les yeux et les muqueuses. Ne pas utiliser en cas d'allergie à l'un des composants. En cas de doute, consultez votre médecin. Diabétiques : consultez votre médecin avant utilisation. Une éventuelle réutilisation entraîne une perte de performance du dispositif et un risque de contamination.]|"
1,32€ / Pce"|"
7,92 €"
4460|Pansements économique, protection optimale, waterproof, hypoallergénique, ultra-extensible microaéré|La boîte de 20 pansements|[Origine : FRANCE, Hygiène parfaite : la compresse du pansement est imprégnée d'un agent assurant une parfaite hygiène de la compresse.Résistant à l'eau et microaéré : le pansement est imperméable mais aussi microaéré. Ultra-extensible : grâce à sa texture ultra-souple, le pansement agit comme une seconde peau. Il suit tous vos mouvements. Hypoallergénique : le pansement a été conçu et testé pour minimiser les risques d'allergies., Nettoyer soigneusement la partie à protéger et son pourtour. Sortir le pansement de son emballage et ôter les ailettes de protection. Appliquer la compresse centrale sur la partie à protéger. Bien faire adhérer le pansement sur les 4 côtés. Renouveler aussi souvent que nécessaire et au moins une fois par jour., Compresse centrale imprégnée à 0.15% en masse de chlorure de cetyl pyridinium.]|"
0,15€ / Pce"|"
3,08 €"
4461|Pansements famille, protection optimale, waterproof, hypoallergénique, ultra-extensible, microaéré, x50|La boîte de 50 pansements|[Origine : FRANCE, Hygiène parfaite : la compresse du pansement est imprégnée d'un agent assurant une parfaite hygiène de la compresse.Ultra-extensible : grâce à sa texture ultra-souple, le pansement agit comme une seconde peau. Il suit tous vos mouvements. Hypoallergénique : le pansement a été conçu et testé pour minimiser les risques d'allergies. Les pansements des Laboratoires Mercurochrome sont à base de PE (polyéthylène) pour préserver l'environnement. Résistant à l'eau et micro-aéré : le pansement est imperméable mais aussi micro aéré. Votre peau respire normalement. Les pansements des Laboratoires Mercurochrome sont à base de PE (polyéthylène) pour préserver l'environnement., Nettoyer soigneusement la partie à protéger et son pourtour. Couper la longueur de pansement nécessaire. Oter les ailettes de protection. Appliquer la compresse centrale sur la plaie. Bien faire adhérer le pansement sur les 2 côtés. Renouveler aussisouvent que nécessaire au moins une fois par jour. Usage unique., Compresse centrale imprégnée à 0,15% en masse de chlorure de cetyl pyridinium.]|"
0,11€ / Pce"|"
5,35 €"
4464|Pansements technologie argent, réduit les risques d'infection, favorise la cicatrisation, résiste à l'eau|La boîte de 30 pansements|[Origine : FRANCE, Les laboratoires Mercurochrome ont développé une nouvelle génération de compresse aux particules d'argent permettant à la fois de limiter les risques d'infection et de favoriser la cicatrisation. L'argent est un antibactérien 100% naturel, utilisé enmilieu hospitalier, efficace contre de nombreux microbes. La prolifération bactérienne est ainsi limitée permettant d'éviter un retard de cicatrisation. ce pansement peut être utilisé sur tout le type de blessure y compris les brûlures. La compresseargent ne colle pas à la plaie.]|"
189,20€ / Kg"|"
4,73 €"
4465|Pansements tissu, protection optimale, hypoallerg{nique confortable, r{sistant ultra-extensible.|La boite de 40 pansements tissu|[Origine : FRANCE, Ultra-extensible et confortable. Résistant. Hypoallergénique.Grâce à leur texture textile élastique naturellement aérée, les pansements tissu des laboratoires mercurochrome sont ultra-extensibles ce qui leur permet de s'adapter à toutes les zones à protéger et de suivre tous les mouvements. Ainsi les pansements sont confortables à porter. Les pansements tissu sont composés de coton et de polyamide ce qui leur permet une haute résistance tout au long de la journée., Pour pouvoir s'adapter au mieux à vos besoins, les pansements tissu existent en trois tailles différentes : 12 petits, 18 moyens et 10 grands. Nettoyer soigneusement la partie à protéger et son pourtour. Sortir le pansement de son emballage et ôter les ailettes de protection. Appliquer la compresse centrale sur la partie bien sèche à protéger en évitant de toucher la compresse. Bien faire adhérer le pansement sur les 4 côtés. Renouveler aussi souvent que nécessaire et au moins une fois par jour.Usage unique., Compresse centrale imprégnée à 0.15% en masse de chlorure de cetyl pyridinium.]|"
0,14€ / Pce"|"
5,76 €"
4467|Sparadrap en tissu aéré, 5m x 2.5cm|Le blister|[Origine : FRANCE, Ce sparadrap est à base de taffetas microaéré. Cette texture soyeuse le rend à la fois très résistant et ultra doux. Le support tissu de ce sparadrap est microaéré, il laisse donc la peau respirer normalement. Parfaitement adhésif il ne se décolle pas et assure une excellente tenue du pansement., Nettoyer soigneusement la plaie et son pourtours. Recouvrir la plaie d'une compresse. Découper la longueur de sparadrap désirée. Maintenir la compresse en appliquant le sparadrap sur les côtés. Renouveler 1 à 3 fois par jour.]|"
2,91€ / Pce"|"
2,91 €"
4468|Sparadrap microporeux, 5m x 2.5cm|Le rouleau de 5m|[Origine : FRANCE, Ce sparadrap microporeux est à base de non-tissé. Cette matière extensible s'adapte parfaitement aux mouvements. Le support non-tissé rend le sparadrap totalement perméable à l'air. Il laisse donc la peau respirer normalement. Peu adhésif, il est spécialement adapté aux peaux sensibles et aux renouvellements fréquents. Il a été conçu et testé pour minimiser les risques d'allergie. Il se retire sans douleur.]|"
10,11€ / Kg"|"
2,73 €"
4469|Bande universal, résistant à l'eau, pouvoir adhésif élevé.|La boîte bande de 1mx6cm|[Origine : FRANCE, Une protection qui résiste à l'eau pour les petites blessures quotidiennes telles que les égratignures, coupures et éraflures., Nettoyer et sécher délicatement la peau. Appliquer sans étirer., A conserver dans un endroit frais et sec.]|"
3,76€ / Pce"|"
3,76 €"
4470|Bande découpe facile, se découpe à la main|Le paquet de 1m X 6cm|[Origine : FRANCE, Le premier pansement qui se découpe à la main, grâce à une technologie inédite qui permet de découper la compresse sans difficulté. Facile d'utilisation, la découpe est simple et rapide.Pratique, la bande est idéale pour vos voyages, déplacements quotidiens ou toute autre situation où vous ne disposez pas de ciseaux., Nettoyer soigneusement la partie à protéger et son pourtour. Déchirer à la main d'un coup sec, la largeur de pansement désirée. Oter l'ailette de protection.  Appliquer la compresse centrale sur la partie à protéger. Bien faire adhérer le pansement sur les 2 côtés. Renouveler aussi souvent que nécessaire et au moins une fois par jour. Usage unique., Polyéthylène.]|"
4,86€ / Pce"|"
4,86 €"
4471|Bande économique à découper, waterproof|La boîte de 10 bandes|[Origine : FRANCE, Hygiène parfaite : la compresse du pansement est imprégnée d'un agent assurant une parfaite hygiène de la compresse.Ultra-extensible : grâce à sa texture ultra-souple, le pansement agit comme une seconde peau. Il suit tous vos mouvements. Hypoallergénique : le pansement a été conçu et testé pour minimiser les risques d'allergies. Les pansements des Laboratoires Mercurochrome sont à base de PE (polyéthylène) pour préserver l'environnement. Résistant à l'eau et micro-aéré : le pansement est imperméable mais aussi microaéré. Votre peau respire normalement., Nettoyer soigneusement la partie à protéger et son pourtour. Couper la longueur de pansement nécessaire. Oter les ailettes de protection. Appliquer la compresse centrale sur la plaie. Bien faire adhérer le pansement sur les 2 côtés. Renouveler aussisouvent que nécessaire au moins une fois par jour. Usage unique., Compresse centrale imprégnée à 0,15% en masse de chlorure de cetyl Pyridinium.]|"
176,19€ / Kg"|"
3,70 €"
4473|Bande tissu ultra-extensible, pansement antiseptique, spécial articulations (coudes, genoux) hypoallergénique, microaéré|La boîte de 5 bandes|[Origine : FRANCE, Les bandes tissu spécial mouvements des Laboratoires Mercurochrome sont idéales pour protéger les blessures lors de vos activités sportives et de plein-air.Elles conviennent aux articulations comme les coudes et les genoux. Elastique : Grâce à sa texture textile élastique, naturellement aérée, le pansement s'adapte comme une seconde peau et suit les mouvements de vos articulations. Antiseptique : La compresse du pansement est imprégnée d'un agent antiseptique qui assure une protection des plaiessuperficielles contre les microbes. Hypoallergénique : Le pansement a été conçu et testé pour minimiser les risques d'allergies., Nettoyer, désinfecter, rincer et sécher la plaie (utilisation de produits gras type crèmes peut nuire à l'adhésivité). Couper avec des ciseaux la longueur de pansement nécessaire. Oter les ailettes de protection. Appliquer la compresse centrale sur la partie à protéger. Bien faire adhérer le pansement sur les 2 côtés. Renouveler aussi souvent que nécessaire et au moins une fois par jour. Contacter un médecin en cas de suspicion d'infection., Compresse centrale imprégnée de chlorure de benzalkonium : 960mg/m2.]|"
0,07€ / Pce"|"
3,59 €"
4477|SOS Pansements Ampoules.|La boîte de 5 pansements|[Origine : FRANCE]|"
1,48€ / Pce"|"
7,41 €"
4479|Coricide, traitement cors installés, format doigt/orteil|Le paquet de 12|[Origine : FRANCE, Son acide salicylique agit sur la callosité, son support adhésif maintient le pansement en place, son disque protecteur assure un bon confort et évite les frottements., Appliquer le pansement chaque jour, après un bain de pieds chaud, sur la lésion sans déborder sur la peau saine. Le pansement ne doit pas être utilisé : en cas d'allergie aux salicylés ou à un autre composant, en cas de cors infectés. Ne pas laisserà la portée des enfants. Ce produit est caustique. Ne pas déborder en dehors de la zone à traiter. Arrêter l'application en cas de survenue de douleur. En cas d'artérite, de diabète ou de neuropathie, consulter votre médecin avant utilisation. En casd'échec du traitement bien conduit ou en cas de récidive, consulter votre médecin. Il peut être utile de rechercher la cause et de la traiter en conséquence. Comme tout produit actif, ce produit peut, chez certaines personnes, entrainer des effets plus ou moins gênants notamment irritation de la peau en cas d'application sur la peau saine, allergie. En cas de doute, demander l'avis de votre pharmacien ou médecin. Usage unique., Acide salicylique : 32mg, excipients : cire d'abeille blanche, glycérides polyglycolysés saturés, silice colloïdale hydrophobe, chlorophylle cuivrique., Conserver à une température inférieure à 30°C.]|"
0,58€ / Pce"|"
6,93 €"
4481|Pansements ampoules hydrocolloïdes, hypoallergénique|La boîte de 6|[Origine : FRANCE, Les pansements hydrocolloïdes Ampoule des laboratoires Mercurochrome s'utilisent en prévention lors des prémices de l'ampoule et protège lorsque l'ampoule existe déjà.Forme un gel de protection : au contact de l'ampoule, la masse hydrocolloïde se liquéfie et forme un gel favorisant le processus naturel de cicatrisation. 2 formats : grâce aux deux formats, les pansements Ampoules Hydrocolloïdes Mercurochrome sont adaptées à toutes les ampoules : un grand format pour les ampoules du talon ou endroits plus étendus, un petit format pour les doigts et orteils. Hypoallergénique : le pansement hydrocolloïde a été conçu et testé pour minimiser les risques d'allergies (tests dermatologiques effectués par des instituts spécialisés)., Désinfecter le pourtour de l'ampoule à l'aide d'une solution antiseptique des Laboratoires Mercurochrome. Après avoir séché la surface, appliquer le pansement hydrocolloïde. Attendre que le pansement hydrocolloïde se décolle de lui même pour le retirer. Renouveler jusqu'à cicatrisation complète. Usage unique. Ne pas utiliser le pansement hydrocolloïde ampoules sur les ampoules infectées. En cas de doute, consultez un médecin., Stocker à plat, à l'abri de la chaleur et de l'humidité.]|"
426,67€ / Kg"|"
7,68 €"
4482|Pansements cors-durillons, protection, très doux, hypoallergéniques, format doigt/orteil,|Le blister de 12|[Origine : FRANCE, Les pansements cors des Laboratoires Mercurochrome protègent et soulagent les cors et durillons des frottements.Très doux : la mousse absorbe les pressions et les frottements, préservant ainsi les parties sensibles du pied au contact de la chaussure.Hypoallergéniques : le pansement cors durillons a été conçu et testé pour minimiser les risques d'allergies (tests cliniques effectués sous contrôle dermatologique)., Coller la mousse protectrice sur le pied propre en veillant à ce que la partie sensible (cor ou durillon) soit placée au centre du trou. Faire adhérer une petite patte sur la peau et la recouvrir par l'autre patte. Appuyer fermement pour une adhésionparfaite.]|"
0,48€ / Pce"|"
5,76 €"
4483|Pierre ponce, douceur des pieds|L'unité|[Origine : FRANCE, La pierre ponce des laboratoires Mercurochrome permet d'éliminer les callosités et les peaux mortes de vos pieds. Débarrassée de ses rugosités votre peau retrouve douceur et souplesse!Grâce à sa cordelette, la pierre ponce Mercurochrome est pratiqueet s'accroche facilement dans la salle de bain ou dans la douche., Utiliser la pierre ponce mouillée sur pieds humides et propres, idéalement pendant la douche ou le bain. Frotter doucement en effectuant des mouvements circulaires pour gommer les aspérités en insistant sur les bords et sur toutes les zones rugueusesjusqu'à ce que la peau devienne douce. Remouiller la pierre ponce de temps en temps pendant son utilisation: sèche, elle est moins efficace. Rincer et sécher les pieds. Rincer la pierre à l'eau claire. La pierre ponce peut se conserver longtemps. Elle doit être changée quand elle devient lisse. Ne pas utiliser sur le visage et les parties sensibles. Ne pas utiliser sur une peau lésée ou irritée. Veiller à conserver une petite épaisseur de corne afin de protéger l'épiderme de vos pieds. Tenir hors de portée des enfants. En cas de diabète ou de troubles circulatoires, consulter votre médecin avant utilisation., Pierre ponde d'origine naturelle.]|"
4,11€ / Pce"|"
4,11 €"
4485|Ciseaux à ongles, ongles durs & épais, ergonomiques & résistants|Le blister|[Origine : FRANCE, Les ciseaux à onglets School sont profilés pour permettre une coupe nette et précise des ongles durs et épais des orteils. Très résistants, ils sont faciles à manier.Les ongles sont coupés net, précisément et sans danger. Pour éviter les ongles incarnés, coupez vos ongles bien au carré et surtout pas trop court., Couper soigneusement les ongles en faisant pivoter les ciseaux.]|"
10,45€ / Pce"|"
10,45 €"
4487|Crème nourrissante pieds & ongles, pieds secs, provitamine B5 + allantoïne|Le tube de 75ml|[Origine : FRANCE, Il a été cliniquement prouvé que la crème nourrissante Pieds et Ongles de Scholl adoucit et hydrate la peau sèche et épaisse des pieds et embellit les ongles des pieds. Prévient l'apparition des callosités, prévient le desséchement et l'apparition decrevasses., Ce produit convient aux personnes diabétiques et/ou souffrant de troubles circulatoires veineux. Appliquer régulièrement matin et soir sur des pieds propres et secs. Masser doucement jusqu'à absorption complète en insistant sur les talons. Pour usageexterne uniquement. Tenir hors de portée des enfants. Ne pas appliquer sur des plaies ouvertes ou des crevasses infectées. Cesser l'utilisation en cas d'irritation. Eviter le contact avec les yeux., Aqua, glycerin, paraffinum liquidum, urea, cyclopentasiloxane, polyglyceryl-3 methylglucose distearate, glyceryl stearate, myristyl alcohol, panthenol, dimethicone, paraffin, phenoxyethanol, parfum, methylparaben, allantoin, bisabolol, tocopheryl acetate, ethylparaben, butylparaben, propylparaben., 12 mois après ouverture. Conserver à une température inférieure à 25°C.]|"
79,47€ / L"|"
5,96 €"
4489|Crème très exfoliante pour pieds à callosités épaisses|La boite de 75ml|[Origine : FRANCE, La crème très exfoliante Scholl combine les actions de la pierre ponce naturelle et de 5 acides de fruits (orange, citron, canne à sucre, érable et myrtille) pour éliminer efficacement les callosités les plus épaisses du pied., 1 à 2 fois par semaine, appliquer sur une peau parfaitement sèche. Masser en rond du bout des doigts en insistant sur les talons et les zones de frottement avec la chaussure. Bien rincer et sécher soigneusement vos pieds.  Ne pas laisser à la portéedes enfants, Eviter le contact avec les yeux, En cas de projection dans les yeux, rincer immédiatement, Aqua, pumice, paraffin, glyceryl stearate, stearic acid, cera alba, cetyl ester, vaccinium myrtillus, saccharum officinarum, acer saccharinium, citrus dulcis, citrus limonum, lactic acid, tromethamine, parfum, methyldibromo glutaronitrile, phenoxyethanol.]|"
87,73€ / L"|"
6,58 €"
4490|Demi semelles ultra fines, adhésives, tout type de chaussures|Le blister d'1 paire|[Origine : FRANCE, Les Demi-semelles Ultra fines Shopping & Dancing de Scholl absorbent les chocs et contribuent à éviter l'échauffement et la douleur des coussins plantaires. Nouvelle forme optimisée pour un meilleur confort : plus fines, elles occupent 25% d'espace en moins dans la chaussure. Transparentes, ultra fines et discrètes. Adhésives et antidérapantes. Lavables à la main et réutilisables., Contient : 1 paire de demi-semelles ultra fines taille unique., Se fixent directement dans la chaussure, sous le coussin plantaire. Ôter les Demi-semelles Ultra fines de leur support plastique. Les insérer dans la chaussure, partie adhésive côté chaussure et la partie en pointe orientée vers le talon.  Cessez l'utilisation si vous éprouvez une sensation désagréable, en particulier si vous souffrez de diabète.]|"
9,63€ / Pce"|"
9,63 €"
4491|Déo anti-transpirant 24h performance|Le spray de 150ml|[Origine : FRANCE, Le déo Fresh Step possède une formule triple action pour réduire l'humidité, neutraliser les mauvaises odeurs et donner à vos pieds 24h de protection contre les mauvaises odeurs., Bien agiter avant utilisation. Tenir le spray à 10-15 cm de vos pieds préalablement lavés et séchés. Vaporiser uniformément. Insister sur la plante des pieds et entre les orteils. Récipient sous pression. Ne pas percer ou brûler même après usage. Nepas vaporiser vers une flamme ou un corps incandescent. Conserver à l'écart de toute flamme ou source d'étincelles. Ne pas fumer. Ne pas vaporiser vers les yeux ou sur une peau irritée ou crevassée. Bien ventiler la pièce après usage. Utiliser uniquement comme indiqué. Eviter d'inhaler. En cas d'irritations au contact du produit, stopper immédiatement l'utilisation. Ne pas laisser à la portée des enfants., Butane, isobutane, propane, aluminum chlorohydrate, cyclopentasiloxane, cyclohexasiloxane, disteardimonium hectorite, parfum, propylene carbonate, benzyl salicylate, hexyl cinnamal, linalool, citronellol, coumarin, limonene, eugenol, cinnamyl alcohol., A protéger contre les rayons solaires. Ne pas exposer à une température supérieure à 50°C.]|"
45,93€ / L"|"
6,89 €"
4492|Déo control, poudre très absorbante pieds & chaussures, triple action, efficacité 24H|Le flacon de 75g|[Origine : FRANCE, Poudre déodorante pour pieds et chaussures., Ne convient pas aux enfants de moins de 3 ans. Saupoudrer généreusement l'intérieur de la chaussure et l'ensemble du pied. Insister sur la plante des pieds et entre les orteils, là où les pieds transpirent le plus. Idéal pour les pieds nus dans les chaussures. Evite les frottements et l'échauffement des pieds. Conserver hors de la portée des enfants. Pour usage externe seulement. Peut causer une irritation en cas de contact avec les yeux. Peut causer une irritation sévère, des effets systémiques, ou encore des dommages du système respiratoire en cas d'inhalation. Peut causer une irritation en cas d'ingestion., Talc, aluminium chlorohydrate, starch/acrylates/acrylamide copolymer, silica, parfum, butylphenyl methylpropional, citronellol, coumarin, hexyl cinnamal, hydroxyisohexyl 3-cyclohexene carboxaldehyde, limonene, linalool, Stocker au frais et au sec, dans son emballage dorigine, hors gel.]|"
91,87€ / L"|"
6,89 €"
4494|Durillons, pansements seconde peau ultra-fins|Les 4 pansements Durillons|[Origine : FRANCE, Les pansements Seconde peau Scholl enveloppent le durillon d'un gel protecteur qui retenant l'humidité naturelle de la peau , ramollit le durillon et favorise ainsi son élimination naturelle. Sitôt le pansement appliqué, vous n'avez plus mal. Le durillon s'élimine progressivement, de façon naturelle. Résiste à l'eau. Transparent. Très fin et très souple, il ne gêne pas, même dans les chaussures fermées., Nettoyer et sécher parfaitement la zone à traiter. Décoller le pansement de la cartonnette blanche UNIQUEMENT. Appliquer sur le durillon en pressant bien, surtout sur le bords pour une adhérence maximum. Retirer ensuite SEULEMENT la partie papier imprimée 'Scholl'. Presser encore. Attendre que le pansement se décolle de lui-même. Renouveler l'application si nécessaire.  Si l'emballage est déchiré, ne pas l'utiliser. En cas de diabète ou de troubles circulatoires, consulter votre médecin avant utilisation. Tenir hors de portée des enfants et à l'abri de l'humidité.]|"
7,07€ / Pce"|"
7,07 €"
4497|Pansements double protection pour Ampoules, 2 tailles|La boîte de 3 grands et 2 petits|[Origine : FRANCE, Les Pansements Ampoules seconde peau de Scholl soulagent immédiatement la douleur.De plus grâce à leur Technologie Hydra-gel, ils favorisent le processus de cicatrisation en retenant l'humidité naturelle de la peau. Ils peuvent être utilisés sur leszones de frottements pour prévenir la formation d'ampoules., A lire attentivement pour une adhésion optimale de vos pansements. Les pieds doivent être propres et secs. Retirez les deux films numérotés. Appliquez le pansement en plaçant le gel central sur l'ampoule. Retirez ensuite le film numéroté 2 à l'aide de la languette jaune et assurez-vous que les bords du pansement adhèrent bien à la peau. Laissez le pansement en place jusqu'à ce qu'il se décolle de lui-même. Pour enlever le pansement, tirez-le doucement le long de la peau. Ne pas percer une ampoule car elle pourrait s'infecter. Si elle s'ouvre, la garder propre et la protéger avec un pansement anti-ampoule. La plupart des ampoules guérissent rapidement et proprement. Cependant, s'il apparaît un signe d'infection, demander conseil à un Professionnel de Santé. Pour un usage externe uniquement. Tenir hors de portée des enfants. Ne pas appliquer sur une plaie. Pour un usage unique. Arrêter l'utilisation et retirer le pansement en cas d'irritation ou d'inconfort. Si le problème persiste, consulter un Professionnel de Santé.]|"
233,00€ / Kg"|"
6,99 €"
4498|Pansements pour cors, protection renforcée, soulagent instantanément|La boite de 6|[Origine : ROYAUME UNI, Traitement 100% naturel. Faciles à appliquer. Pour tous les types de cors. Restent bien en place. Sans acide salicylique. Waterproof. Discrets. Tenue longue durée. Soulagent instantanément.Les pansements Cors double protection de Scholl sont issus dela technologie révolutionnaire hydra-guard, à double couche protectrice : l'épaisseur extérieur du pansement, plus rigide forme un bouclier qui vous protège des frottements et permet un parfait maintien du pansement. La couche intérieure du pansement, en gel souple hydratant, apporte amorti et confort, et favorise la cicatrisation du cor., Les pieds doivent être propres et secs. Etape 1 : retirez les deux films numérotés 1. Appliquez le pansement (côté adhésif) en plaçant le gel central sur le cor. Etape 2 : retirez ensuite le film numéroté 2 à l'aide de la languette bleue et assurez-vous que les bords du pansement adhèrent bien à la peau. Utilisez un pansement chaque jour jusqu'à disparition du cor. Pour enlever le pansement, tirez-le doucement de la peau. Ne pas appliquer sur une peau saine. Ne pas appliquer sur une plaie. Tenirhors de portée des enfants. Si l'emballage extérieur a été endommagé. Ne pas utiliser après la date d'expiration. Arrêter l'utilisation et retirer le pansement en cas d'irritation et d'inconfort. Usage unique pour des considérations d'hygiène et d'efficacité du dispositif., Conserver à une température n'excédant pas 25°C.]|"
0,99€ / Pce"|"
5,92 €"
4499|Pierre à poncer, douceur des pieds|La pierre à poncer|[Origine : FRANCE, La pierre à poncer Scholl élimine efficacement et en douceur les peaux mortes et les rugosités des pieds.Une utilisation régulière empêche la reformation des rugosités et permet de maintenir une peau plus fine et plus douce., Utiliser 2 à 3 fois par semaine sur pieds humides. Frotter doucement les zones rugueuses en insistant sur le talon jusqu'à ce que la peau soit douce et lisse. Convient pour un usage sous la douche ou dans le bain. Ne pas laisser à la portée des enfants. Ne pas utiliser sur une peau irritée. En cas de diabète ou de troubles circulatoires, consulter un médecin avant utilisation.]|"
5,19€ / Pce"|"
5,19 €"
4502|Traitement anti-crevasses talons, pieds très secs & abîmés|Le tube de 60ml|[Origine : FRANCE, Il est cliniquement prouvé que le Traitement anti-crevasses Scholl soulage et répare la peau très sèche, fendillée ou abîmée des talons. En 3 jours la peau est réhydratée de façon significative.Après 7 jours d'utilisation, la peau des talons retrouvesouplesse et douceur., Appliquer 2 fois par jour sur une peau propre et sèche. Lorsque vos talons ont retrouvé un aspect sain, gardez l'habitude de les hydrater régulièrement avec la Crème Réparatrice de Scholl.  Ce produit convient aux personnes diabétiques et/ou souffrant de troubles circulatoires. Pour usage externe uniquement. Ne pas appliquer sur des fendillements qui saignent ou infectés. Tenir hors de portée des enfants. Eviter le contact avec les yeux. Si une irritation apparaît, stopper l'utilisation., Aqua, urea, dimethicone, decyl oleate, petrolatum, lanolin, dicocoyl pentaerythrityl distearyl citrate, cera microcristallina, glyceryl oleate, paraffin, panthenol, aluminium stearate, propylene glycol, phenoxyethanol, carbomer, chlorphenesin, bisabolol, tocopheryl acetate, sorbitol, methylparaben, butylparaben, ethylparaben, propylparaben, isobutylparaben, faex, BHA, citric acid. Sans parfum. Hypoallergénique. Convient aux diabétiques et peaux sensibles., 12 mois après ouverture. Ne pas conserver à une température supérieure à 25°C.]|"
118,33€ / L"|"
7,10 €"
4503|Traitement intensif anti-callosités|Le tube de 75ml|[Origine : FRANCE, Scholl a développé le Traitement Intensif Anti-Callosités en crème qui adoucie la peau et réduit efficacement corne et callosités dès 7 jours. Idéal zones larges., Appliquer matin et soir sur les zones calleuses. Faire pénétrer en massant doucement du bout des doigts. Se rincer les mains après utilisation. Refermer le tube après chaque utilisation. Pour un résultat optimal, utiliser ensuite la Râpe Express Anti-Callosités de Scholl spécialement conçue pour éliminer instantanément corne et callosités. Ce produit ne convient pas aux personnes diabétiques et/ou aux personnes souffrant de troubles circulatoires veineux. Pour un usage externe uniquement. Evitertout contact avec les yeux. Ne pas appliquer sur une peau abîmée ou sur une plaie. Tenir hors de portée des enfants. Arrêter immédiatement l'utilisation en cas d'irritations de la peau. Ne convient pas aux enfants., Aqua, aloe barbadensis leaf extract, decyl oleate, glycerin, steareth-2, cetearyl alcohol, butyrospermum parkii butter, steareth-21, salicylic acid, prunus persica kernel oil, tartaric acid, citric acid, sodium hydroxide, lactic acid, allantoin, xanthan gum, parfum., 6 mois après ouverture. Ne pas conserver à une température supérieure à 25°C.]|"
93,60€ / L"|"
7,02 €"
4504|Sérum physiologique, unidoses stériles|La boîte de 30 unidoses de 5ml|[Origine : FRANCE, Le sérum physiologique des Laboratoires Mercurochrome est une solution isotonique. Sa présentation en dose unitaire le rend hygiénique et facile d'emploi.Le sérum physiologique est fabriqué en condition stérile et s'utilise aussi bien pour nettoyer les paupières et le pourtour des yeux que pour le nettoyage des fosses nasales des nourrissons mais aussi des enfants et des adultes. Pour son action humidifiante, le produit soulage la sécheresse nasale chez l'adulte. Il facilite le nettoyage des nezobstrués par du mucus et favorise l'élimination., Détacher une unidose et l'ouvrir en tournant l'embout. Pour le nez : introduire l'embout nasal successivement dans chaque narine. Presser légèrement le corps du flacon. Renouveler l'opération 2 à 3 fois par jour. Chez le nourrisson, instiller le produit avec un minimum de pression de façon à éviter tout risque de contamination de l'oreille moyenne. Pour les yeux : verser quelques gouttes de sérum physiologique sur une compresse stérile des Laboratoires Mercurochrome et nettoyer les paupières etleur pourtour à l'aide de cette compresse en allant du nez vers les tempes. Changer de compresse avant de nettoyer l'autre oeil. Toute unidose entamée ne doit pas être réutilisée. Ne pas utiliser la même unidose pour le nez et les yeux. Ne pas utiliser par voie injectable. Ne pas utiliser après la date limite d'utilisation. Ne pas laisser à la portée des enfants., Chlorure de sodium : 0,9g, eau purifiée qsp 100ml., Stockage à température ambiante.]|"
0,21€ / Pce"|"
6,20 €"
4506|Aide à la perte de poids, dispositif médical certifié, élimine les graisses et diminue l'appétit et les fringales|La boîte de 30 comprimés|[Origine : FRANCE, Aide à la perte de poids est un complexe breveté de fibres végétales d'origine biologique. Il capte les graisses alimentaires.Associé à un régime hypocalorique et à une activité physique appropriée, il est un moyen efficace pour le contrôle du poids,la prévention et le traitement de l'obésité. Il aide également à diminuer l'appétit et à éliminer les graisses alimentaires., A partir de 2 comprimés par jour. Déconseillé aux enfants de moins de 12 ans. Ne pas prendre ce produit si vous êtes enceinte ou si vous allaitez, ou si votre IMC (indice de masse corporelle) est inférieur à 18,5. Ne pas prendre ce produit dans les 2heures suivant la prise de compléments alimentaires à base de vitamines liposolubles ou de médicaments (par exemple pilule contraceptive orale). Avant toute utilisation, lire la notice jointe à l'intérieur. En accord avec la directive 93/42/CEE relative aux dispositifs médicaux, une période de pause de 3 à 5 jours est recommandée après 30 jours de consommation d'un dispositif médical de classe lla. Tenir hors de portée des enfants., Complexe breveté de fibres végétales d'origine biologique. Excipients : cellulose microcristalline, hydrogénophosphate de calcium dihydraté, silice, povidone, stéarate de magnésium (pharmacopée européenne). Sans colorants artificiels, sans arômes, sans sel et sans conservateurs. Ne contient aucun ingrédient d'origine animale., A conserver dans un endroit frais et sec.]|"
0,41€ / Pce"|"
12,25 €"
4508|Brûleur minceur, cacao kola maté|Le flacon de 45gélules|[Origine : FRANCE, Votre objectif : brûler les graisses, de façon naturelle ? Expert des bienfaits de la nature et des plantes, Floressance a mis au point un concentré de cacao, kola et maté., Selon votre besoin, à prendre en programme de fond de 45 jours (1 gélule le matin) ou intensif de 15 jours (3 gélules le matin). Avaler avec un verre d'eau. Complément alimentaire à base de plantes. Ne remplace pas une alimentation variée et équilibrée. A utiliser dans le cadre d'un mode de vie sain. Ne pas dépasser les doses recommandées. Déconseillé aux femmes enceintes ou allaitant. Tenir hors de portée des enfants., Extraits secs de : kola 27,5% (noix), cacao 27,5% (graine), maté 21,3% (feuille), gélule végétale (dérivé de cellulose : E464)., Conserver à l'abri de la chaleur et de l'humidité.]|"
0,16€ / Pce"|"
6,89 €"
4509|Draineur intense, Queue de cerise, Sureau, prêle|Le flacon de 45gélules|[Origine : FRANCE, Votre objectif : drainer votre silhouette, de façon naturelle ? Expert des bienfaits de la nature et des plantes, Floressance a mis au point un concentré de queue de cerise, de sureau et de prêle., Selon votre besoin, à prendre en programme de fond de 45 jours (1 gélule le matin) ou intensif de 15 jours (3 gélules par jour). Avaler avec un verre d'eau. A consommer dans le cadre d'un mode de vie sain et associer à une alimentation variée et équilibrée. Ne pas dépasser les doses recommandées. Tenir hors de portée des enfants. Déconseillé aux femmes enceintes ou allaitant., Poudres de : prêle 21% (parties ariennes), queues de cerise 19%, sureau 18% (fleur), gélule végétale (dérivé de cellulose : E464), maltodextrine., Conserver à l'abri de la chaleur et de l'humidité.]|"
0,15€ / Pce"|"
6,38 €"
4514|The tuocha + 7 plantes 24 sachet floressance|La boite 36g|[Origine : FRANCE, Retrouvez la puissance des plantes minceur au coeur d'une boisson chaude, délicieusement aromatisée à la vanille., Pour profiter pleinement de toutes les vertus des plantes, laisser infuser 5 à 10 min dans de l'eau préalablement portée à ébullition. Consommer 1 à 3 tasses par jour. Ne remplace pas une alimentation variée et équilibrée. A consommer dans le cadre d'un mode de vie sain. Ne pas dépasser les doses recommandées. Déconseillée aux femmes enceintes ou allaitant. Tenir hors de la portée des enfants., Feuille de the Tuocha (38%), feuille de maté* (13,3%), feuille de cassis (13,3%), marc de raisin (13,3%), feuille de frêne (8,5%), feuille de ronce (6%), arôme naturel de vanille* (5%), écorce de cannelle* (2%), racine de gingembre (0,5%). *Ingrédients issu de l'agriculture biologique. 20,3% des ingrédients agricoles sont issus de l'agriculture biologique., A conserver à l'abri de la chaleur et de l'humidité.]|"
95,83€ / Kg"|"
3,45 €"
4520|Gélules réducteur d'appétit.|La boîte de 30 gélules.|[Origine : FRANCE, Aide à contrôler l'appétit et la faim. Favorise une sensation de satiété agréable. Aide à la perte de poids, au traitement du surpoids., Prendre 2 à 3 gélules une demi-heure avant chaque repas principal (2 à 3 repas par jour), avec un grand verre d'eau (environ 250ml). Lire la notice jointe à l'intérieur avant d'utiliser ce produit. Déconseillé aux enfants de moins de 12 ans. Ne pas prendre ce produit si vous êtes enceinte, si vous allaitez, ou si votre IMC (indice de masse complexe) est inférieur à 18,5. Il est conseillé de calculer votre IMC. Afin d'éviter tout risque de suffocation et/ou d'obstruction de la gorge ou de l'oesophage, avaler les gélules entières avec un grand verre d'eau (environ 250ml). Ne pas ouvrir les gélules et ne pas les prendre sous forme de poudre. Tenir hors de portée des enfants. Certifié selon la directive 93/42/CEE relative aux dispositifs médicaux., Chaque gélule contient du CapSIDOL50, un complexe spécifique de fibres végétales à haute capacité de gonflement et du stéarate de magnésium. Réducteur d'Appétit a un profil d'innocuité bien établi et ne présente pas d'effets secondaires nocifs connus. Il ne contient aucun ingrédient d'origine animale., A conserver dans un endroit frais et sec.]|"
0,43€ / Pce"|"
12,86 €"
4521|Rondeurs abdominales, essentielle 45 +|La bouteille de 500 ml|[Origine : FRANCE, Aide à affiner le tour de taille. Agit sur les ballonnements. Favorise le bien-être digestif et contribue au métabolisme des graisses., Diluer une dose de 50 ml dans un verre d'eau, 1 fois par jour. Bien agiter la bouteille avant utilisation. Programme de 10 jours renouvelable. Un léger dépôt au fond de la bouteille est normal. Ne peut remplacer une alimentation variée, équilibrée etun mode de vie sain. Respecter la dose journalière conseillée. Tenir hors de la portée des jeunes enfants., Agent de charge : sorbitol   protÍines de blÍ Å 8% de cystÍine : 8.2%   extrait de sÍsame Å 20% de mÍthionine : 6.2%   minÍral : sulfate de zinc   extrait d?ortie dioÕque (cellulose) : 5.5%   levure de biÈre (gluten, dioxyde de silicium, acide nicotinique, thiamine, riboflavine) : 5.5%   antiagglomÍrant : sels de magnÍsium d?acides gras   vitamines B5, B12 (maltodextrine, maÕs), B6, B8., Après ouverture, conserver au réfrigérateur. A consommer dans les 20 jours.]|"
14,82€ / L"|"
7,41 €"
4522|Aqualigne minceur à boire|Le flacon de 400 ml|[Origine : FRANCE]|"
18,15€ / L"|"
7,26 €"
4523|Thé vert Guarana, cure brûle-graisse, gélules|La boîte de 60 gélules|[Origine : FRANCE, Le thé vert et le guarana favorisent l'élimination de l'eau infiltrée dans les tissus graisseux.Ils aident à la combustion des graisses permettant ainsi à l'organisme de les 'déstocker' plus rapidement. Les Laboratoires Vitarmonyl ont sélectionné desextraits de plantes titrés permettant ainsi que concentrer les actifs et de garantir une teneur déterminée et constante en substances actives., Programme : 1 mois. Prendre 2 gélules par jour le matin, à avaler avec un verre d'eau, par période d'1 mois. A consommer dans le cadre d'une alimentation variée et équilibrée et d'un mode de vie sain. Il est conseillé de ne pas dépasser la dose recommandée. Garder hors de portée des enfants., Agent de charge : cellulose, gélule (protéines de poisson hydrolysées), maltodextrine, extraits de : thé vert, guarana, anti-agglomérant sels de magnésium d'acides gras. Complément alimentaire formulé sans : colorant ni arômes artificiels, sans conservateur, sans dérivé de lait, sans gluten, sans sel ni sucre ajouté., A conserver dans un endroit sec et frais.]|"
0,11€ / Pce"|"
6,68 €"
4524|Brûler les graisses, comprimés jour et nuit, objectif fermeté|La boîte de 28 comprimés|[Origine : FRANCE, Action jour et nuit pour brûler, déstocker et lutter contre l'aspect d'orange. Objectif : fermeté & Régime. Action jour : brûle et déstocke les graisses : cacao, maté et café vert : aident à éliminer les graisses en favorisant leur combustion. Le chitosan aide au contrôle du poids en limitant la quantité de graisses absorbées. Action nuit : ralentit le stockage et lutte contre l'aspect peau d'orange : écorce d'orange freine le stockage des sucres en activant le métabolisme. Le Garcinia limite lestockage des graisses. Le marc de raisin aide à tonifier les vaisseaux et à activer la micro circulation, ce qui contribue à désinfiltrer les tissus et à lutter contre l'aspect peau d'orange., Prendre 1 comprimé jour le matin et 1 comprimé nuit avant le repas du soir avec un grand verre d'eau. A consommer dans le cadre d'une alimentation variée et équilibrée, d'un mode de vie, sain, d'un apport calorique contrôlé et d'une activité physiquerégulière. Il est conseillé de ne pas dépasser la dose recommandée. Une consommation excessive peut avoir des effets laxatifs. Garder hors de portée des enfants., Comprimé jour : agent de charge : sorbitol, chitosan (extrait de crustacés), extraits de : cacao, café vert, maté, anti-agglomérants : sels de magnésium d'acides gras, dioxyde de silicium, minéral : chlorure de chrome. Comprimé nuit : agent de charge: sorbitol, extraits de : garcinia, marc de raisin, écorce d'orange, anti-agglomérant : sels de magnésium d'acides gras, minéral : chlorure de chrome., A conserver dans un endroit sec et frais.]|"
0,26€ / Pce"|"
7,20 €"
4525|Eclat de la peau, onagre, bourrache, vitamine E|La boîte de 30 capsules|[Origine : FRANCE]|"
0,21€ / Pce"|"
6,38 €"
4526|Bronzage sublime|Les 42 capsules|[Origine : FRANCE, Issu des recherches en micronutrition des laboratoires Juvamine, ce produit de cosmétique orale contient des carotènes, des vitamines, des minéraux et des acides gras essentiels. PREPARE LA PEAU AU BRONZAGE. Ce complément alimentaire contient du bêtacarotène et du cuivre. Le bêta carotène et le cuivre sont reconnus pour favoriser la préparation de la peau à l'exposition au soleil. AIDE A PRESERVER LA JEUNESSE DE LA PEAU. Les vitamines et minéraux anti-oxydants (Bêta carotène, vitamines C, E, Sélénium et Zinc) aident la peau à se protéger contre le vieillissement cellulaire, qui est un des effets nocifs du soleil. FAVORISE LA SOUPLESSE DE LA PEAU. Les acides gras essentiels des huiles de pépins de raisin et de bourrache sont des éléments constitutifs des membranes cellulaires ; ils contribuent à maintenir la souplesse et l'élasticité de la peau., Prendre 2 capsules par jour. Débuter 2 semaines avant l'exposition et continuer pendant toute l'exposition.  Il est recommandé de respecter la dose indiquée. Ne peut remplacer une alimentation variée et équilibrée. Le produit ne peut pas convenir auxfemmes enceintes allaitantes et aux enfants âgés de moins de 5 ans.Tenir hors de portée des enfants. A conserver dans un endroit frais et sec. Bien refermer après ouverture. Veiller à ne pas consommer simultanément des CA contenant du selenium., Huile de pépins de raisins à 58% d'acides gras essentiel : 41,7%, gélatine, humectant : glycérine. Vitamines : C, bêta carotène (huile de maïs), E (soja), Epaississant : Cire d'abeille, Huile de bourrache à 20 % d'acides gras essentiels : 3,6%, Minéral : Oxyde de Zinc, Épaississant : Silice, Huile de Soja, Minéral : Gluconate de cuivre, Colorants : Oxyde de fer rouge, Lycope, Minéral : Sélénate de sodium.]|"
0,18€ / Pce"|"
7,51 €"
4528|Capital cheveux|La boite de 30 comprimés|[Origine : FRANCE, Préserve le capital santé des cheveux pour des cheveux plus forts et pleins de vitalité., Prendre 1 comprimé par jour, avec un grand verre d'eau le matin ou le midi. Une consommation de 1 à 2 mois est recommandée. A renouveler plusieurs fois dans l'année. Une consommation excessive peut avoir des effets laxatifs. Il est recommandé de respecter la dose indiquée. Ne peut remplacer une alimentation variée et équilibrée et un mode de vie sain. Tenir hors de la portée des enfants., Agent de charge : sorbitol   protÍines de blÍ Å 8% de cystÍine : 8.2%   extrait de sÍsame Å 20% de mÍthionine : 6.2%   minÍral : sulfate de zinc   extrait d?ortie dioÕque (cellulose) : 5.5%   levure de biÈre (gluten, dioxyde de silicium, acide nicotinique, thiamine, riboflavine) : 5.5%   antiagglomÍrant : sels de magnÍsium d?acides gras   vitamines B5, B12 (maltodextrine, maÕs), B6, B8., A conserver dans un endroit frais et sec.]|"
0,27€ / Pce"|"
8,23 €"
4529|Peau cheveux ongles|Les 40 gélules|[Origine : FRANCE, Embellir le teint et nourrir les cheveux et les ongles. L'alimentation est votre 1er'produit de beauté et certains signe peuvent être le reflet d'un mauvais équilibre nutritionnel : votre teint est terne et manque d'éclat. vos cheveux sont fourchus et manquent de brillance.  vos ongles sont striés et ont tendance à se casser ou se ramollir. Les Laboratoires Juvamine ont élaboré un programme BEAUTE grâce à une formule exclusive, concentrée en micronutriments essentiels rigoureusement sélectionnés: les vitamines B, ou vitamines Beauté par excellence, sont nécessaires à la santé de la peau, des cheveux et des onales.  les vitamines A, C et E neutralisent les radicaux libres qui nuisent à l'éclat de la peau. le zinc favorise le renouvellementdes cellules., 1 gélule à avaler quotidiennement. Cela vous garantit un apport en 2 oligo-éléments et 100% de l'Apport Journalier Recommandé* en 9 vitamines. Une prise de 1 à 2 mois est recommandée.   Une consommation excessive peut avoir des effets laxatifs. Il est recommandé de respecter la dose indiquée. Ne peut remplacer une alimentation variée et équilibrée et un mode de vie sain. Tenir hors de portée des enfants. Convient à tout type de peau et de cheveux., agent de charge : sorbitol, gélatine, vitamine C, minéral : sulfate de zinc, vitamines E (maltodextrine, amidon), PP, B8 (maltodextrine), lactose, minéral : sulfate de manganèse, vitamines B5, A (gélatine, amidon, saccharose), anti-agglomérant : stéarate de magnésium, vitamines B6, Bl, B2, colorants : dioxyde de titane, jaune orangé., Conserver dans un endroit frais et sec]|"
0,21€ / Pce"|"
8,44 €"
4530|Bronzage et teint soleil, complément alimentaire, prépare, active, prolonge le bronzage|Les 60 capsules de 28,9g|[Origine : FRANCE, Optima bronzage et teint soleil prépare, active, prolonge le bronzage.Optima Bronzage et Teint Soleil, pour qui ? En préparation, pour ceux qui vont s'exposer au soleil, mais aussi pendant et après, pour prolonger le bronzage. Pour ceux qui ne s'exposent pas mais qui souhaitent tout de même bénéficier d'un joli teint doré., Prendre 2 capsules par jour, de préférence au cours d'un repas, au moins 15 jours avant l'exposition (idéalement 1 mois avant), puis pendant et après l'exposition au soleil. Cure de 2 à 4 mois selon la durée d'ensoleillement. Convient à tous les types de peaux. Peut être utilisé par la femme enceinte, dans le cadre d'une grossesse normale. Au soleil, la prise d'Optima ne vous dispense pas d'une protection avec une crème solaire adaptée, voire d'une protection vestimentaire. Optima Bronzage et Teint Soleil vous aidera à acquérir votre bronzage tout en évitant les plus fortes heures d'ensoleillement (11h -16h) qui sont aussi les plus dangereuses pour la peau. Il est conseillé de consommer ce complément dans le cadre d'une alimentation variéeet équilibrée et d'un mode de vie sain. Ne pas dépasser la dose recommandée. Garder hors de portée des enfants., Huile de carthame riche en acides gras essentiels, capsule (protéines de poisson hydrolysées, stabilisant : glycérol, colorants : oxydes de fer), émulsifiant : mono et diglycérides d'acides gras, extrait de crevette riche en astaxanthine, levure séléniée, minéral : oxyde de zinc, extrait d'algue riche en caroténoïdes, vitamine E naturelle, émulsifiant : lécithine de soja, extrait de tomate riche en lycopène, vitamine B5, minéral : oxyde de cuivre. Ce produit est susceptible de contenir des traces de gluten., A conserver dans un endroit sec et frais.]|"
0,12€ / Pce"|"
6,99 €"
4531|Cheveux et ongles forts, pour 1 ois, capsules|La boîte de 60 capsules|[Origine : FRANCE, Optima cheveux et ongles forts, revitalise, fortifie, nourrit cheveux & ongles.Pour nourrir de l'intérieur et fortifier cheveux et ongles, OPTIMA associe des vitamines B et E, du zinc et des sources végétales riches en actifs d'origine naturelle. Autant d'ingrédients indispensables qui contribuent à la croissance des cheveux et à la solidité des ongles., Prendre 2 capsules par jour au cours d'un repas en cure de 2 à 4 mois pour contribuer à redonner force et éclat au cheveux (aux changements de saison, en cas de chute ponctuelle, en période de fatigue passagère, de stress ou de déséquilibre alimentaire après un accouchement, lors d'épisodes de pellicules ). Il est conseillé de consommer dans le cadre d'une alimentation variée et équilibrée et d'un mode de vie sain. Ne pas dépasser la dose recommandée. Garder hors de portée des enfants., Capsule (protéines de poisson hydrolysées, stabilisant : glycérol huile de germe de blé, protéines de blé riches en cystine, protéines de sésame riches en méthionine, extrait de bambou riche en silice, épaississant : cire d'abeille jaune, vitamine B3, émulsifiant : lécithine de soja, oxyde de zinc, vitamine E naturelle, vitamines : B5, B6, B2, B1, B9 et B8., A conserver dans un endroit sec et frais.]|"
0,12€ / Pce"|"
6,99 €"
4533|Onagre bourrache, éclat de la peau.|La boîte de 50 capsules|[Origine : FRANCE, Contribue à améliorer la souplesse et la résistance de l'épiderme. Participe à lutter contre le dessèchement cutané, ce qui aide à ralentir le processus de vieillissement de la peau., Programme 50 jours. Prendre 1 capsule par jour le matin à avaler avec un verre d'eau, par période d'1 à 2 mois. A consommer dans le cadre d'une alimentation variée et équilibrée et d'un mode de vie sain. Il est conseillé de ne pas dépasser la dose recommandée. Garder hors de la portée des enfants., Huile d'onagre (oenothera biennis), huile de bourrache (Borago officinalis), capsule (gélatine de poisson, stabilisant : glycérol). Sans colorant ni arôme artificiels, sans conservateur, sans dérivés de lait, sans gluten, sans sel ni sucres ajoutés., A conserver dans un endroit sec et frais.]|"
0,14€ / Pce"|"
7,16 €"
4536|12 vitamines & 8 min{raux, nouvelle formule, nouveau goût, arôme passion, sans sucres.|La boîte de 30 comprim{s|[Origine : FRANCE, Présentée sous forme de comprimés effervescents Juvamine Fizz vous garantit chaque jour un apport en 7 minéraux et 100% des apports journaliers recommandés en 11 vitamines., Prendre chaque matin au petit déjeuner, un comprimé effervescent dans un verre d'eau. Ne pas prendre à jeun. Ne peut remplacer une alimentation variée et équilibrée et un mode de vie sain. Il est recommandé de respecter les quantités conseillées. Uneconsommation excessive peut avoir des effets laxatifs. Tenir hors de portée des jeunes enfants. Le colorant E110 peut entraîner des effets indésirables sur l'activité et l'attention des enfants., Acidifiant : acide citrique, poudre à lever : carbonate acide de sodium, agent de charge : sorbitol, minéraux : phosphate tricalcique, carbonate de magnésium, support : polyéthylène glycol, vitamine C, minéral : sulfate de zinc, vitamine E (maltodextrine, amidon), PP, arôme orange sanguine, édulcorant : saccharinate de sodium, minéral : sulfate de manganèse, vitamine B5, arôme : mangue, vitamine A (gélatine, amidon, saccharose), colorant : E110, vitamines : B6, D (huile soja, acacia, saccharose,amidon), B9 (maltodextrine), B1, minéral : iodure de potassium (maltodextrine), vitamines : B2, B12 (maltodextrine), minéraux : molybdate de sodium, chlorure de chrome., Conserver dans un endroit frais et sec.]|"
0,20€ / Pce"|"
5,86 €"
4538|Ginseng gelée Royale, complément alimentaire tonifiant reconstituant|La boîte de 10 ampoules de 10ml|[Origine : FRANCE, Juvamine Phyto a sélectionné et associé des produits de la ruche, Gelée Royale et Miel, et un extrait de Ginseng Panax Meyer CA dosé à 30% de ginsénosides., Bien agiter l'ampoule avant l'emploi. Prendre 1 ampoule par jour, de préférence le matin, pure ou diluée dans un verre d'eau ou de jus de fruits. A prendre pendant 10 à 20 jours, plusieurs fois par an: en particulier aux périodes difficiles pour l'organisme: l'hiver, aux changements de saison, pendant les périodes de fatigue physique et intellectuelle, de convalescence  Ne peut remplacer une alimentation équilibrée. Tenir hors d portée des enfants. Ce produit est déconseillé aux personnes allergiques aux produits de la ruche. Il est recommandé de ne pas dépasser la quantité conseillée: en particulier le Conseil Supérieur de l'Hygiène Publique de France conseille de respecter la dose quotidienne maximale de 20mg de ginsénosides soit 1 ampoule par jour., Eau purifiée, Miel d'acacia 8%, jus d'orange concentré, gelée royale lyophilisée 0,73%, extrait mou de racines de Ginseng Panax Meyer CA à 30% de ginsénosides: 0,53%., A conserver dans un endroit frais et sec.]|"
0,92€ / Pce"|"
9,16 €"
4541|Multivitamines, 1 par jour|La boite de 45gélules|[Origine : FRANCE, Les laboratoires Juvamine ont élaboré une formule complète qui concentre en une seule gélule les micronutriments essentiels pour aider à rester en forme tout au long de l'année. La formule 1 par jour des Laboratoires Juvamine est riche en vitamines et minéraux spécifiques et contribue à : apporter 100% des AJR, vitalité physique, vitalité intellectuelle. 1 par Jour des Laboratoires Juvamine est une solution complète et équilibrée pour faire le plein de vitamines et minéraux au quotidien., 6 semaines. 1 par jour. Une consommation excessive peut avoir des effets laxatifs. Il est recommandé de respecter la dose indiquée. Ne peut remplacer une alimentation variée et équilibrée et un mode de vie sain. Tenir hors de portée des jeunes enfants. Ce produit ne convient pas aux enfants de moins de 12 ans., Vitamine C, agent de charge : sorbitol, gélule : gélatine, minéral : furamate de fer, vitamine E, minéral : sulfate de zinc, vitamines PP, B5, A (gélatine), antiagglomérant : sels de magnésium d'acides gras, minéral : sulfate de manganèse, vitaminesB12, D, B9, minéral : iodure de potassium, vitamines B6, B1, B2, colorant : dioxyde de titane, minéraux : molybdate de sodium, chlorure de chrome, colorant : indigotine., Conserver dans un endroit frais et sec.]|"
0,17€ / Pce"|"
7,71 €"
4543|Multivitamines, Top forme|La boite de 30comprimés|[Origine : FRANCE, Les laboratoires Juvamine ont élaboré une formule complète qui concentre en un seul comprimé les micronutriments essentiels pour aider à rester en forme tout au long de l'année. La formule Top Forme des Laboratoires Juvamine est source de vitamines et minéraux spécifiques et contribue à : apporter 100% des AJR, réduire la fatigue, maintenir les systèmes immunitaire et nerveux. Top Forme des Laboratoires Juvamine est une solution complète et équilibrée pour vous aider à rester en forme toute l'année. Nouvelle couleur : la couleur du comprimé vient de la nouvelle source de sélénium, dont la couleur est naturellement orangée., Pour 30 jours. 1 comprimé à avaler quotidiennement avec un grand verre d'eau. Ne peut remplacer une alimentation équilibrée et variée et un mode de vie sain. Il est recommandé de respecter les doses conseillées. Une consommation excessive peut avoirdes effets laxatifs. Tenir hors de portée des jeunes enfants. Veiller à ne pas consommer simultanément d'autres compléments alimentaires contenant du sélénium., Minéral : carbonate de calcium, agent de charge : sorbitol, cellulose microcristalline, minéral : oxyde de magnésium, vitamine C, antiagglomérant : sels de magnésium d'acides gras, vitamines PP, vitamine E (maltodextrine, amidon, dioxyde de silicium), vitamine B5, minéraux : fumarate ferreux, sulfate de zinc, sulfate de manganèse, vitamines B6, vitamine B2, minéral : gluconate de cuivre, vitamine B1, vitamine A (gélatine, amidon, sucre, butylhydroxytoluène, dioxyde de silicium), vitamine B9 (maltodextrine), minéral : iodure de potassium (maltodextrine), vitamine B8, minéraux : sélénite de sodium, molydate de sodium, picolinate de chrome, vitamine D (triglycérides, sucre, amidon, alpha-tocophérol, ascorbate de sodium, dioxyde de silicium), vitamine B12 (maltodextrine, citrate de sodium, acide citrique)., Conserver dans un endroit frais et sec.]|"
0,26€ / Pce"|"
7,88 €"
4544|MULTIVITAMINES Gold 22|Les 30 comprimés|[Origine : FRANCE, Notre organisme a besoin d'un apport quotidien en vitamines et minéraux afin de fonctionner de manière optimale. Un apport que notre alimentation couvre naturellement lorsqu'elle est suffisamment variée et équilibrée. Or, notre mode de vie actuel (rythme de travail, stress, régimes à répétition...) ne nous permet pas toujours de faire trois repas équilibrés par jour. C'est pourquoi JUVAMINE a élaboré une formule ultra complète en concentrant 12 vitamines, 7 oligo-éléments et 3 minéraux dans 1 comprimé effervescent., Chaque matin, dissoudre un comprimé effervescent dans un verre d'eau. Un seul comprimé vous apporte votre besoin quotidien en de nombreuses vitamines et minéraux   Ne peut remplacer une alimentation variée et équilibrée et un mode de vie sain. Il estrecommandé de respecter les doses conseillées. Une consommation excessive peut avoir des effets laxatifs. Conserver dans un endroit frais et sec. Tenir hors de portée des jeunes enfants., Acidifiant : Acide citrique, Poudre à lever : Carbonate acide de sodium, Agent de charge : Sorbitol, Minéraux : Phosphate tricalcique, Carbonate de magnésium, Support : Polyéthylène glycol, Vitamine C, Minéral : Sulfate de zinc, Arôme Fruits rouges,Vitamines : E (maltraitance, amidon), vitamine PP, Minéraux : Gluconate de potassium (gluten), Gluconate de fer, Edulcorant : Saccharinate de sodium, Minéral : Sulfate de manganèse, Vitamines : B5, A (gélatine, amidon, saccharose), B6, D (huile soja,acacia, saccharose, amidon), B9 (maltraitance), B1, Minéral : lodure de potassium (Maltraitance), Vitamine B2, Colorant : Rouge ponceau, Minéral : Gluconate de cuivre, Vitamine B12 (maltraitance), Minéral : Molybdate de sodium, Vitamine B8, Minéral: Chlorure de Chrome.]|"
0,24€ / Pce"|"
7,10 €"
4545|Viatmine C, à croquer sans sucres, arômes fruits rouges|La boîte de 30 comprimés|[Origine : FRANCE, Nouvelle formule. Sans sucres.Les laboratoires Juvamine associent des ingrédients énergisants spécifiques : le Guarana est une plante qui aide à tonifier l'organisme dès le réveil et participe à l'amélioration des capacité intellectuelles. Il aide aussi à se sentir plus énergique. Le Ginseng est un stimulant naturel qui apporte à l'organisme des éléments pour le stimuler de l'intérieur. La vitamine C est reconnue pour favoriser la résistance à la fatigue passagère en aidant l'organisme à mieux se défendre., Chaque matin, 1 comprimé à croquer ou à sucer. Pour une action prolongée tout au long de la journée, vous pouvez prendre 1/4 de comprimé 4 fois par jour. Une prise de 1 mois est recommandé. Une consommation excessive peut avoir des effets laxatifs. Il est recommandé de respecter la dose conseillée. Ne peut remplacer une alimentation variée, équilibrée et un mode de vie sain. Tenir hors de portée des jeunes enfants. Contient une source de phénylalanine. Ce produit ne convient pas aux femmes enceintes, allaitantes et aux enfants., Agent de charge : sorbitol, vitamine C, arôme fruits rouges, antiagglomérant : sels de magnésium d'acides gras, extrait sec de ginseng (rhizome, maltodextrine) : 1,5%, caféine anhydre, extrait sec de guarana (graines, maltodextrine) : 0,2%, édulcorant : aspartame., A conserver dans un endroit frais et sec.]|"
0,15€ / Pce"|"
4,55 €"
4548|Vitamine C énergie, comprimés à croquer arôme naturel orange|La boîte de 30 comprimés, 65.9g|[Origine : FRANCE, La vitamine C est reconnue pour favoriser la résistance à la fatigue en aidant l'organisme à mieux se défendre contre les agressions extérieures. Un comprimé par jour, c'est autant de vitamine C que dans 250g d'oranges. Juvamine a conçu spécialementcette formule pour vous apporter chaque jour la 'bonne dose' et couvrir tous vos besoins en vitamine C, même quand ils sont augmentés par votre mode de vie (surcharge de travail, tabac, sport...)., Chaque matin, un comprimé à sucer ou à croquer.  Une consommation excessive peut avoir des effets laxatifs. Ne peut remplacer une alimentation variée, équilibrée et un mode de vie sain. Tenir hors de portée des jeunes enfants. Il est recommandé de respecter la dose indiquée., Saccharose, agent de charge : sorbitol, dextrose, vitamine C, anti-agglomérant : stéarate de magnésium, arôme naturel orange, acidifiant : acide citrique., Conserver dans un endroit frais et sec.]|"
0,12€ / Pce"|"
3,70 €"
4550|Gelée royale, vitalité.|La boîte de 50 capsules|[Origine : FRANCE, Rare et précieuse, la gelée royale est traditionnellement utilisée comme source naturelle de vitalité., Programme 50 jours. Prendre 1 capsule par jour le matin, à avaler avec un verre d'eau. Le programme Gelée Royale des Laboratoires Vitarmonyl est à prendre sur une période de 50 jours, à renouveler régulièrement dans l'année. A consommer dans le cadred'une alimentation variée et équilibrée et d'un mode de vie sain. Il est conseillé de ne pas dépasser la dose recommandée. Garder hors de portée des enfants., Huile de soja, capsule (gélatine, stabilisant : glycérol), gelée royale, miel, épaississant : cire d'abeille jaune, émulsifiant : mono et diglycérides d'acides gras. Allergène : soja. Sans colorant ni arôme artificiels, sans conservateur, sans dérivéde lait, sans gluten, sans sels ni sucres ajoutés., A conserver dans un endroit sec et frais.]|"
0,15€ / Pce"|"
7,57 €"
4551|Gelée royale + ginseng + acérola - revitalisant|La boite de 10 ampoules de 10ml|[Origine : FRANCE, Aide à : renforcer le tonus et lutter contre la fatigue passagère, contribuer au bien-être général. Rare et précieuse, la gelée royale est traditionnellement utilisée comme source naturelle de vitalité. Utilisé en extrême orient, le ginseng est considéré comme une véritable 'racine de jouvence' grâce à sa teneur en ginsénosides. Il est reconnu pour ses propriétés stimulantes et dynamisantes. L'acérola est une petite cerise naturellement riche en vitamine C qui aide à lutter contre la fatigue passagère., Programme 10 jours : 10 ampoules buvables. Prendre 1 ampoule par jour le matin, pure ou diluée dans un peu d'eau ou de jus de fruit. Agiter l'ampoule avant emploi (dépôt naturel). A prendre pendant 10 à 20 jours en période de fatigue passagère ou pendant 10 jours en entretien de la vitalité (lors des changements de saison notamment). Peut se renouveler chaque mois. A consommer dans le cadre d'une alimentation variée et équilibrée et d'un mode de vie sain. Il est conseillé de ne pas dépasser la dose recommandée. Le ginseng est déconseillé aux femmes enceintes ou qui allaitent. Garder hors de la portée des enfants., Eau, miel*, jus d'orange* concentré, gelée royale* décongelée, extraits de : acérola* (Malpighus glabra), ginseng* (Panax ginseng). *Ingrédients issus de l'agriculture biologique., A conserver dans un endroit sec et frais.]|"
0,64€ / Pce"|"
6,44 €"
4555|Infusion ventre plat/digestion, menthe, fucus, réglisse.|La boîte de 20 + 4 sachets grat.|[Origine : FRANCE, Délicieusement aromatisées à la menthe, ces 3 plantes aident à limiter les inconforts digestifs tels que les ballonnements et favoriser le transit, de façon 100% naturelle., Pour profiter pleinement des vertus des plantes, laisser infuser 10 min dans de l'eau préalablement portée à ébullition. Consommer 1 à 3 tasses par jour, tout au long de la journée. Tenir hors de la portée des enfants., Feuille de menthe poivrÍe 45%, thalle de Fucus 42%, racine de rÍglisse 13%, Conserver à l'abri de la chaleur et de l'humidité.]|"
0,14€ / Pce"|"
3,47 €"
4557|Ventre plat, Fenouil, Fucus|La boite de 90gélules|[Origine : FRANCE, Votre objectif : éliminer et affiner votre silhouette, de façon naturelle ? Expert des bienfaits de la nature et des plantes, Floressance a mis au point un concentré de fenouil et de fucus., Selon votre besoin, à prendre en programme de fond de 30 jours (1 gélule lors de 2 principaux repas) ou intensif de 15 jours (2 gélules lors des 2 principaux repas). Avaler avec un verre d'eau. A consommer dans le cadre d'un mode de vie sain et associer à une alimentation variée et équilibrée. Ne pas dépasser les doses recommandées. Tenir hors de portée des enfants. Déconseillé aux femmes enceintes ou allaitant., Poudres de : fucus 36,6% (thalle), fenouil 19,7% (graine), fenouil 19,7% (racine), gélule végétale (dérivé de cellulose : E464)., Conserver à l'abri de la chaleur et de l'humidité.]|"
299,53€ / Kg"|"
6,38 €"
4558|Action transit, 6 plantes + probiotiques, aide transit confort intestinal.|La boîte de 45 comprimés|[Origine : FRANCE, Une formule complète pour aider le transit et favoriser le confort intestinal., A avaler sans croquer avec un verre d'eau de préférence le soir au coucher. Commencer par 1 comprimé par jour et augmenter jusqu'à 4 comprimés par jour uniquement si le besoin s'en fait sentir. Ce complément alimentaire doit être utilisé pendant de courtes périodes. Ne pas dépasser 8 à 10 jours de prise. Ne pas consommer de façon prolongée. Déconseillé aux enfants de moins de 12 ans, aux femmes enceintes et allaitantes. Il est recommandé de respecter les doses conseillées. Ne peut remplacer unealimentation variée, équilibrée et un mode de vie sain. Tenir hors de la portée des jeunes enfants. En cas de transit paresseux, il est recommandé d'adopter une alimentation suffisamment riche en fibres et en eau., Theum officinale, rhubarbe (racine) : 56,7%, althaeae officinalis, guimauve (racine) : 9,5%, rosa pallida, rose pale (pétale) : 9,5%, cynara scolymus, artichaut (bractée) (support : maltodextrine) : 4,5%, ocimum basilicum, basilic (feuille) : 4,5%, coriandrum sativum, coriandre (fruit) : 4,5%, saccharomyces cerevisiae, levure de bière (gluten) : 4,3%, dextrine de pomme de terre, anti-agglomérants : silice, talc, sel de magnesium d'acides gras, probiotiques (soja) (supports : huile végétale, maltodextrine, antioxydant : acide ascorbique) : bifidobacterium longum (0,04%), lactobacillus helveticus (0,02%)., Conserver dans un endroit frais et sec.]|"
0,23€ / Pce"|"
10,25 €"
4560|Dépuratif Drainage Digestion|Les 10 ampoules|[Origine : FRANCE, Les ampoules Juvamine Phyto Radis Noir 100% pur jus vous aideront à purifier votre organisme de l'intérieur. Action dépurative, drainage., A diluer dans un demi-verre d'eau. Prendre 1 ampoule par jour, de préférence le matin, pendant 20 jours renouvelables. Un léger dépôt est normal, bien agiter avant utilisation. Il est recommandé de respecter les doses conseillées. Ne peut remplacer une alimentation variée, équilibrée et un mode de vie sain. Tenir hors de portée des enfants., Radis noir issu d'agriculture biologique (100% pur jus). Produit issu de l'agriculture biologique., A conserver dans un endroit frais et sec.]|"
69,90€ / L"|"
6,99 €"
4561|Miel crémeux 100% pur et naturel, miel fleurs|Le pot de 750g|[Origine : FRANCE, Un miel aux goûts de toutes les fleurs qui lui ont donné naissance. 100% pur et naturel., Mélange de miels originaires et non originaires de la CE.]|"
9,75€ / Kg"|"
7,31 €"
4562|Charbon végétal, complément alimentaire, confort intestinal|Les 60 gélules de 265mg|[Origine : FRANCE, Le charbon végétal agit au niveau intestinal en captant les gaz produits lors de la digestion mais aussi en emprisonnant les toxines & les bactéries impliquées dans les processus de fermentation.Evacué ensuite par les selles sans être absorbé, il permet de lutter efficacement contre les phénomènes d'inconfort digestif (ballonnements, aérophagie, flatulences )., Programme : 1 mois. Prendre 1 gélule à avaler avec un verre d'eau, 2 fois par jour 1 heure avant les repas du midi et du soir. Le programme Charbon Végétal des Laboratoires Vitarmonyl est conseillé sur une période de 10 à 15 jours. A renouveler en fonction du besoin après une pause de 15 jours. Du fait de ses propriétés absorbantes, il est conseillé de respecter un intervalle d'au moins 2 heures entre la prise du charbon et celle d'un autre complément alimentaire ou d'un médicament. A consommerdans le cadre d'une alimentation variée et équilibrée et d'un mode de vie sain. Il est conseillé de ne pas dépasser la dose recommandée. Garder hors de portée des enfants., Charbon, gélule : protéines de poisson hydrolysées. Complément alimentaire formulé sans : colorant ni arômes artificiels, sans conservateur, sans dérivé de lait, sans gluten, sans sel ni sucre ajouté., A conserver dans un endroit sec et frais.]|"
0,12€ / Pce"|"
6,99 €"
4567|Sommeil réparateur, Valériane oranger|La boite de 50gélules|[Origine : FRANCE, Oranger (feuille) : 37.8%, Extrait de valÍriane (racine (maltodextrine)) : 37.8%, gÍlule vÍgÍtale (hydroxypropylmÍthylcellulose), antiagglomÍrant : sels de magnÍsium d'acides gras.]|"
0,15€ / Pce"|"
7,41 €"
4569|Harpagogphytum confort des articulations.|La boîte de 50 gélules|[Origine : FRANCE, Contribue à limiter les gênes articulaires et les raideurs. Cette formule contient aussi de la vitamine C qui aide à maintenir les os et les articulations en bonne santé., Programme 25 jours. Prendre 2 gélules par jour, le matin à avaler avec un grand verre d'eau. Le programme Harpagophytum des Laboratoires Vitarmonyl peut être pris par période d'1 à 2 mois. A consommer dans le cadre d'une alimentation variée et équilibrée et d'un mode de vie sain. Il est conseillé de ne pas dépasser la dose recommandée. Garder hors de portée des enfants., Extrait d'harpagophytum (Harpagophytum procumbens, maltodextrine), gélule (gélatine de poisson), maltodextrine, vitamine C, anti-agglomérants : sels de magnésium d'acides gras, dioxyde de silicium. Sans colorant ni arôme artificiels, sans conservateur, sans dérivés de lait, sans gluten, sans sel ni sucre ajouté., A conserver dans un endroit sec et frais.]|"
0,13€ / Pce"|"
6,64 €"
4571|Oméga 3 Equilibre cardio- vasculaire|Les 60 capsules|[Origine : FRANCE, Les Laboratoires Vitarmonyl ont enrichi leur formule avec de la vitamine E naturelle pour protéger plus spécifiquement les oméga 3 de l'oxydation.Présents notamment dans les huiles de poissons des mers froides, les oméga 3 à longues chaînes (EPA et DHA) exercent un effet bénéfique sur le coeur, les vaisseaux, la circulation sanguine et jouent un rôle important au niveau de la vision et du fonctionnement du cerveau., Programme : 1 mois. Prendre 1 capsule midi et soir au cours du repas, à avaler avec un verre d'eau. Il est recommandé de prendre régulièrement des oméga 3 pour le bien-être cardio-vasculaire, et plus particulièrement chez l'homme à partir de 40 ans et chez la femme à partir de la ménopause. A consommer dans le cadre d'une alimentation variée et équilibrée et d'un mode de vie sain. Il est conseillé de ne pas dépasser la dose recommandée. Garder hors de portée des enfants., Huile de chairs de poissons riche en oméga 3, capsule (protéines de poisson hydrolysées, stabilisant : glycérol), vitamine E naturelle. Complément alimentaire formulé sans : colorant ni arômes artificiels, sans conservateur, sans dérivé de lait, sansgluten, sans sel ni sucre ajouté., A conserver dans un endroit sec et frais.]|"
0,11€ / Pce"|"
6,38 €"
4573|Crazy cherry, gel coquin, Play|Le flacon de 50ml|[Origine : FRANCE, Pimentez vos jeux amoureux avec le gel Durex Play Crazy Cherry et découvrez les plaisirs coquins au délicieux goût de cerise. Parce qu'il est sans sucre, n'ayez pas peur d'en abuser Au pH équilibré, ce gel est incolore et non gras pour une parfaite tolérance. Ce gel ne tache pas et ne colle pas., Ce gel peut être utilisé comme lubrifiant intime pour pallier les problèmes de sécheresse vaginale et d'inconfort et créer une sensation sensuelle entre vous et votre partenaire. D'une simple pression sur la pompe doseuse, recueillez une dose de gelsur vos doigts et appliquez-la sur vos parties intimes. Vous pouvez renouveler l'application autant de fois que vous le désirez. Le gel Durex Play Crazy Cherry est aussi idéal en complément des préservatifs Durex et peut être appliqué sur le préservatif déjà mis en place. Durex Play Pina Colada convient à un usage vaginal, anal ou oral. Ce gel n'est pas un contraceptif et ne contient pas de spermicide. Evitez le contact avec les yeux. En cas d'irritation, arrêtez l'utilisation. Si l'irritation persiste ou si l'utilisation d'un gel lubrifiant est nécessaire systématiquement, consultez votre médecin. Tenir hors de portée des enfants., Sans paraben., A conserver dans un endroit frais et sec, à l'abri de la lumière directe du soleil. A utiliser dans les 3 mois après ouverture.]|"
139,80€ / L"|"
6,99 €"
4575|Gel de massage à l'aloe vera, compatible avec les préservatifs|Le flacon de 200ml|[Origine : FRANCE, Durex Play  Massage est idéal pour des massages pleins de sensualité. Vous pouvez l'appliquer sur toutes les parties de votre corps au gré de vos envies et de votre imagination. Ce gel est enrichi en vitamine E. Non gras, le gel Durex Play  Massage laissera votre peau douce et hydratée. A base d'eau, ce gel de massage est compatible avec tous les préservatifs, les produits à base d'huile pouvant endommager les préservatifs., Ouvrir le bouchon doseur. Frottez un peu de gel dans le creux de vos mains avant de l'appliquer en massant tout le corps. Si vous êtes amenés à le goûter, vous apprécieriez son goût agréablement sucré. Le gel Durex Play  Massage peut également être utilisé comme lubrifiant. Ce gel n'est pas un contraceptif et ne contient pas de spermicide. Evitez le contact avec les yeux. En cas d'irritation ou de gêne, consultez votre médecin., A conserver dans un endroit frais et sec, à température ambiante et à l'abri de la lumière directe du soleil.]|"
50,70€ / L"|"
10,14 €"
4576|Gel lubrifiant à la fraise.|Le flacon de 50ml|[Origine : THAILANDE, Savourez de délicieux moments à deux avec le gel Durex Play Sweet Strawberry., Retirez le capuchon et tournez la pompe. D'une simple pression, recueillez une dose de gel et appliquez la sur vos zones érogènes. Ce gel n'est pas un contraceptif et ne contient pas de spermicide. Convient à un usage vaginal, oral et anal. Evitez lecontact avec les yeux. En cas d'irritation, arrêtez l'utilisation. Si l'irritation persiste ou si l'utilisation d'un gel lubrifiant est nécessaire systématiquement, consultez votre médecin. Tenir hors de la portée des enfants. Compatible avec les préservatifs., A conserver dans un endroit frais et sec, à l'abri de la lumière directe du soleil. A utiliser dans les 3 mois après ouverture.]|"
157,00€ / L"|"
7,85 €"
4577|Gel lubrifiant longue durée, lovely long.|Le flacon de 50ml|[Origine : THAILANDE, Il lubrifie 3 fois plus longtemps. De plus, sa nouvelle texture est agréablement douce, ne laisse pas de sensation de froid à l'application et ne colle pas., Ce gel peut être utilisé pour pallier les problèmes de sécheresse vaginale et d'inconfort et créer une sensation sensuelle entre vous et votre partenaire. Pour ouvrir, retirez le capuchon et tournez la pompe. D'une simple pression sur la pompe doseuse, recueillez une dose de gel sur vos doigts et appliquez la sur vos zones érogènes. Idéal en complément des préservatifs et peut être appliqué sur le préservatif déjà en place. Ce gel n'est pas un contraceptif et ne contient pas de spermicide. Eviter le contact avec les yeux. En cas d'irritation, arrêtez l'utilisation. Si l'irritation persiste ou si l'utilisation d'un gel lubrifiant est nécessaire systématiquement, consultez votre médecin. Ce produit est à base de silicone, il peut tâcher les vêtements. Bien que ce gel soit comestible, il ne s'agit pas d'un produit alimentaire. Tenir hors de la portée des enfants., A conserver dans un endroit frais et sec, à l'abri de la lumière directe du soleil. A utiliser dans les 3 mois après ouverture.]|"
170,80€ / L"|"
8,54 €"
4580|Play, gel lubrifiant effet frissons et chatouillements, texture onctueuse et soyeuse|Le flacon de 50ml|[Origine : FRANCE, Le gel lubrifiant effet frissons et chatouillements Durex Play vous procure une sensation de fraîcheur intense et de chatouillements. Grâce à sa texture particulièrement douce vous pouvez l'appliquer partout sur le corps pour ressentir des frissons de la tête aux pieds., Pour ouvrir, tournez la pompe. Bien secouer le flacon avant chaque utilisation. Appuyez une fois puis appliquez le gel sur vos zones érogènes. Une fois que vous avez ressenti cette sensation de fraîcheur intense, vous pouvez renouveler l'applicationautant de fois que vous le désirez. Il peut être appliqué sur le préservatif déjà mis en place.  Ce gel n'est pas un contraceptif et ne contient pas de spermicide. Eviter tout contact avec les yeux. En cas d'irritation, de démangeaisons ou si l'utilisation d'un gel lubrifiant est nécessaire tout le temps, consultez votre médecin., Contient du menthol., Conserver dans un endroit frais et sec à température ambiante et à l'abri du soleil. Utiliser dans les 3 mois suivant son ouverture.]|"
147,20€ / L"|"
7,36 €"
4581|Play, gel lubrifiant hot, effet chauffant|Le flacon de 50ml|[Origine : FRANCE, Idéal pour varier les plaisirs, le gel lubrifiant Durex Play Hot procure une légère sensation de chaleur décuplant immédiatement votre plaisir.Ne tache pas et ne colle pas., Ce gel lubrifiant peut être utilisé pour pallier aux problèmes de sécheresse vaginale et d'inconfort et créer une sensation sensuelles entre vous et votre partenaire. Pour ouvrir, retirez le capuchon et tournez la pompe. D'une simple pression sur lapompe doseuse, recueillez une dose de gel sur vos doigts et appliquez-le sur vos zones érogènes. Une fois la sensation de chaleur ressentie, vous pouvez renouveler l'application autant de fois que vous le désirez. Soufflez légèrement pour accroître la sensation de chaleur. Le gel lubrifiant Hot est idéal en complément de préservatifs Durex et peut être appliqué sur le préservatif déjà mis en place. Vous pouvez facilement le rincer à l'eau. Durex Play Hot convient à un usage vaginal, anal ou oral. Compatible avec les préservatifs. Ce gel n'est pas un contraceptif et ne contient pas de spermicide. Evitez le contact avec les yeux. En cas d'irritation, arrêter l'utilisation. Si l'irritation persiste ou si l'utilisation d'un gel lubrifiant est nécessaire systématiquement, consultez votre médecin. Tenir hors de portée des enfants. Cet emballage sert de notice, conservez-le pour toute éventuelle consultation future., Ne contient pas de spermicide. Sans paraben., A conserver dans un endroit frais et sec, à l'abri de la lumière directe du soleil. A utiliser dans les 3 mois après ouverture.]|"
144,60€ / L"|"
7,23 €"
4582|Play, gel lubrifiant sensitive, extra douceur, inodore, incolore et non gras|Le flacon de 50ml|[Origine : FRANCE, Avec le gel lubrifiant Durex Play Sensitive découvrez une sensation d'extra douceur. Faire l'amour devient alors encore plus agréable et sensuel pour les deux partenaires., Ce gel lubrifiant peut être utilisé pour pallier aux problèmes de sécheresse vaginale. Pour ouvrir, tournez la pompe. D'une seule pression sur la pompe doseuse, recueillez une dose de gel sur vos doigts et appliquez-le sur vos zones érogènes. Vous pouvez renouveler l'application autant de fois que vous le désirez. Le gel lubrifiant Sensitive est idéal en complément des préservatifs Durex et peut être appliqué sur le préservatif déjà mis en place. Vous pouvez facilement le rincer à l'eau. Le lubrifiant Durex Play Sensitive convient à un usage vaginal, anal ou oral. Ce gel n'est pas un contraceptif et ne contient pas de spermicide. Evitez le contact avec les yeux. En cas d'irritation, arrêter l'utilisation. Si l'irritation persiste ou si l'utilisation d'un gel lubrifiant est nécessaire systématiquement, consultez votre médecin., Ne contient pas de spermicide., A conserver dans un endroit frais et sec, à l'abri de la lumière directe du soleil. A utiliser dans les 3 mois après ouverture.]|"
128,60€ / L"|"
6,43 €"
4585|Soin lubrifiant, hydratation intense à l'aloe vera|La pompe de 50ml|[Origine : FRANCE, Ce soin lubrifiant Durex Play 2 en 1 vous apporte douceur et hydratation. Avec un pH équilibré, ce gel est inodore, incolore et non gras pour une parfaite tolérance.Enrichi en aloe vera, connu pour ses vertus hydratantes et apaisantes, ce gel prend soin de votre flore vaginale et permet une double action lubrifiante et hydratante., Ce gel lubrifiant peut être utilisé pour pallier aux problèmes de sécheresse vaginale et d'inconfort. Pour ouvrir, tournez la pompe. D'une simple pression sur la pompe doseuse, recueillez une dose de gel sur vos doigts et appliquez-le sur vos partiesintimes. Vous pouvez renouveler l'application autant de fois que vous le désirez. Ce gel lubrifiant est idéal en complément de préservatifs Durex et peut être appliqué sur le préservatif déjà mis en place. Vous pouvez facilement le rincer à l'eau. Vous pouvez facilement le rincer à l'eau. Ce gel ne tache pas et ne colle pas. Ce gel lubrifiant convient à un usage vaginal, anal ou oral. Ce gel n'est pas un contraceptif et ne contient pas de spermicide. Evitez le contact avec les yeux. En cas d'irritation, arrêtez l'utilisation. Si l'irritation persiste ou si l'utilisation d'un gel lubrifiant est nécessaire systématiquement, consultez votre médecin. Tenir hors de portée des enfants. Bien que ce gel soit comestible, il ne s'agit pas d'un produit alimentaire., A conserver dans un endroit frais et sec, à l'abri de la lumière directe du soleil. A utiliser dans les 3 mois après ouverture.]|"
133,40€ / L"|"
6,67 €"
4589|Gel lubrifiant Effect, effet stimulant.|Le tube de 100ml|[Origine : ROYAUME UNI, Manix Effect est un gel à haut pouvoir lubrifiant dont la formulation offre une douce sensation de chaleur pour un maximum de plaisir à deux., Pour ouvrir, soulevez le bec verseur et pressez la pompe. Pour un usage intime ou externe, pressez la pompe et étalez une dose de gel sur la surface à lubrifier. Ce gel n'est pas contraceptif et ne contient pas de spermicides., Ce gel à base d'eau est enrichi en glycérine et en propylène glycol., A conserver à température ambiante. Utiliser dans les 6 mois après ouverture.]|"
95,30€ / L"|"
9,53 €"
4590|Gel lubrifiant Infiniti, ne sèche pas, ne colle pas.|Flacon de 100ml|[Origine : ROYAUME UNI, Quelques gouttes suffisent pour vous garantir un maximum de plaisir. Manix Infiniti est un gel lubrifiant haut de gamme à base de silicone. Sa composition légère développe une sensation soyeuse et extrêmement douce. Ce gel ne sèche pas, vous garantissant ainsi un réel effet longue durée. Manix Infiniti vous offre de nouvelles possibilités. Il peut être utilisé sous la douche, dans le bain. En plus, ils se nettoie très facilement à l'aide de votre savon habituel. Formule adaptée au soulagement temporaire de la sécheresse vaginale., Pour ouvrir, soulevez le bec verseur et pressez la pompe. Pour un usage intime ou externe, pressez la pompe et étalez une dose de gel sur la surface à lubrifier. Compatible avec les préservatifs standards (lubrifiant silicone). Ce gel n'est pas un contraceptif et ne contient pas de spermicides., Formule silicone., A conserver à température ambiante. Utiliser dans les 18 mois après ouverture.]|"
116,30€ / L"|"
11,63 €"
4593|Vaseline pure|Le tube de 75 ml|[Origine : FRANCE, Vaseline pure]|"
64,67€ / L"|"
4,85 €"
4594|Confort, préservatifs taille XL|Le blister de 12 préservatifs|[Origine : FRANCE, Préservatifs grande taille. Forme profilée 'Easy-On' unique avec réservoir. Transparents et lubrifiés avec un lubrifiant non spermicide. Diamètre moyen : 57mm. Longueur : 215mm. 100% testés électroniquement. Odeur agréable : grâce à notre savoir-faire unique, nos préservatifs ont une odeur agréable., Lire attentivement la notice à l'intérieur de l'étui avant utilisation, tout particulièrement si vous utilisez un préservatif pour un rapport anal ou oral. Aucune méthode de contraception ne peut garantir une protection efficace à 100% contre la grossesse, le virus VIH (SIDA) ou les autres infections sexuellement transmissibles. Un préservatif ne s'utilise qu'une seule fois., A conserver dans un endroit frais et sec, à l'abri de la lumière directe du soleil et de l'ozone.]|"
0,89€ / Pce"|"
10,72 €"
4595|Confort XL, préservatifs taille XL pour un grand confort|La boîte de 12 préservatifs|[Origine : FRANCE, Préservatifs grande taille en latex de caoutchouc naturel. Forme profilée 'easy-on' unique avec réservoir. Transparents et lubrifiés avec un lubrifiant non spermicide. Diamètre moyen : 57mm. Longueur : 215mm., Lire attentivement la notice à l'intérieur de l'étui avant utilisation, tout particulièrement si vous utilisez un préservatif pour un rapport anal ou oral. Utiliser un gel lubrifiant Durex Play  peut rendre plus agréables les relations sexuelles. Tous les gels Durex Play  sont compatibles avec les préservatifs, contrairement aux lubrifiants à base d'huile (comme la vaseline) qui peuvent endommager les préservatifs. Aucune méthode de contraception ne peut garantir une protection efficace à 100% contre la grossesse, le virus VIH (SIDA) ou les autres infections sexuellement transmissibles. Un préservatif ne s'utilise qu'une seule fois., Valeur énergétique en Joules :  0, Valeur énergétique en Kcal : 0, Glucides : 0, Lipides : 0, Protides :0, En latex de caoutchouc naturel., A conserver dans un endroit frais et sec, à l'abri de la lumière directe du soleil et de l'ozone.]|"
0,72€ / Pce"|"
8,64 €"
4596|Contour, préservatifs ultra-fins et extra lubrifiés|Le blister de 12 préservatifs|[Origine : FRANCE, Les préservatifs  Durex Contour sont très fins et extra lubrifiés pour un maximum de sensations et de confort.Ces préservatifs sont easy-on : une forme profilée unique pour dérouler et mettre en place le préservatif facilement et pour plus de confort, un lubrifiant frais et léger qui masque l'odeur du latex. Préservatifs profilés, transparents avec  réservoir et fabriqués en latex de caoutchouc naturel avec un lubrifiant non spermicide. Diamètre moyen : 56 mm., Avant utilisation, lire attentivement la notice à l'Intérieur de l'étui. Chaque préservatif ne doit être utilisé qu'une seule fois. Si préservatifs sont utilisés autrement que pour un rapport vaginal, ils ont plus de risques de s' abimer ou de glisser. Une méthode de contraception ne peut garantir une protection efficace à 100% contre la grossesse, le virus VIH(SIDA) ou les autres infections sexuellement transmission. Testés dermatologiquement., A conserver dans un endroit frais et sec, à l'abri de la lumière directe du soleil et de l'ozone.]|"
0,70€ / Pce"|"
8,34 €"
4602|Préservatifs feeling advanced, en latex avec technologie sensi-fit pour une finesse unique.|La boîte de 12 préservatifs|[Origine : THAILANDE, Les préservatifs Durex Feeling Advanced sont conçus pour vous apporter une finesse unique grâce à leur technologie Sensi-Fit.Ils sont en moyenne 20% plus fins que les préservatifs Durex standards tout en apportant un niveau élevé de sécurité et de protection., Aucune méthode de contraception ne peut garantir une protection efficace à 100% contre la grossesse, le virus VIH (sida) ou les autres infections sexuellement transmissibles. Un préservatif ne peut s'utiliser qu'une seule fois., A conserver dans un endroit frais et sec, à l'abri de la lumière directe du soleil et de l'ozone.]|"
0,80€ / Pce"|"
9,58 €"
4605|Préservatifs perlés et nervurés pour un maximum de plaisir à deux|La boîte de 18 préservatifs maxi format|[Origine : CHINE, Forme profilée 'Easy-on'. Les préservatifs Durex 'Easy-on' ont une forme unique pour être plus facile à poser, et plus agréables à porter. Odeur agréable. Grâce à notre savoir-faire unique, nos préservatifs ont une odeur agréable., Lire attentivement la notice à l'intérieur de l'étui avant utilisation, tout particulièrement si vous utilisez un préservatif pour un rapport anal ou oral. Utiliser un gel lubrifiant Durex Play peut rendre plus agréables les relations sexuelles. Tous les gels Durex Play sont compatibles avec les préservatifs, contrairement aux lubrifiants à base d'huile (comme la vaseline) qui peuvent endommager les préservatifs. Aucune méthode de contraception ne peut garantir une protection efficace à 100% contre la grossesse, le virus VIH (SIDA) ou les autres infections sexuellement transmissibles. Un préservatif ne s'utilise qu'une seule fois. Testés dermatologiquement., Préservatifs en latex de caoutchouc naturel. Diamètre moyen : 56 mm., Conserver dans un endroit frais et sec, à l'abri de la lumière directe du soleil.]|"
0,73€ / Pce"|"
13,07 €"
4606|Préservatifs real sensation, ultra-sensitif et extra lubrifié.|La boîte de 10 préservatifs|[Origine : CHINE, Préservatifs spécialement conçus pour vous apporter une finesse unique. Transparents et extra lubrifiés avec un lubrifiant non spermicide. Diamètre moyen : 52 mm., Lire attentivement la notice à l'intérieur de l'étui avant utilisation, tout particulièrement si vous utilisez un préservatif pour un rapport anal ou oral. Un préservatif ne s'utilise qu'une seule fois., A conserver dans un endroit frais et sec à l'abri de la lumière directe du soleil et de l'ozone.]|"
0,97€ / Pce"|"
9,67 €"
4608|Préservatifs naturels classiques|La boîte de 12|[Origine : FRANCE, Lubrifiés et transparents, les préservatifs sont en latex naturel avec surface lisse. L'emploi correcte du préservatif peut prévenir les maladies contagieuses d'origine sexuelle et les grossesses indésirées., Lire attentivement les instructions présentées à l'intérieur. Eviter tout contact avec des substances huileuses., Latex naturel., Conserver dans un lieu frais et sec. Ne pas exposer à la lumière directe du soleil ou près d'une source de chaleur.]|"
0,25€ / Pce"|"
2,98 €"
4610|Endurance, préservatifs fins lubrifiés avec réservoir, plus longtemps|La boîte de 12 préservatifs|[Origine : FRANCE, Nouvel endurance : sa forme unique et son nouveau gel lubrifiant ont été spécialement conçus pour retarder l'éjaculation et prolonger la durée de vos rapports sexuels. Fin, lubrifié, avec réservoir. Il contient un gel lubrifiant à base de benzocaïne(4.5%), un doux anesthésiant permettant de maximiser votre performance., Après utilisation assurez-vous d'avoir ôté toute trace de gel lubrifiant. Si vous utilisez ce produit comme indiqué et ne constatez aucun effet, ne renouvelez pas son utilisation.  Evitez tout contact avec les yeux. Si vous ou votre partenaire constatez une irritation ou des rougeurs, consultez un médecin. Ne pas utiliser ce produit en cas d'inflammation ou de lésions cutanées. Attention : ce produit contient du latex de caoutchouc naturel qui peut provoquer des réactions allergiques. L'utilisation d'un préservatif ne peut garantir une protection à 100% contre la grossesse ou les maladies sexuellement transmissibles., A conserver dans un endroit frais et sec, à l'abri de la lumière directe du soleil.]|"
0,84€ / Pce"|"
10,08 €"
4612|Préservatifs fin|La boîte de 20|[Origine : ROYAUME UNI, Natural est le préservatif classique qui allie plaisir et sensations naturelles en toute sécurité. Surface lisse. Bien lubrifié. Avec réservoir., Ces préservatifs sont fabriqués en latex de caoutchouc naturel qui peut provoquer des réactions allergiques. L'utilisation d'un préservatif ne peut garantir une protection à 100% contre la grossesse ou les maladies sexuellement transmissibles., A conserver dans un endroit frais et sec, à l'abri de la lumière directe du soleil.]|"
0,50€ / Pce"|"
10,03 €"
4613|Préservatifs fins King Size lubrifiés avec réservoirs|La boïte de 12 préservatifs|[Origine : ROYAUME UNI, King Size : pour un plus grand confort. Longueur moyenne : 190 mm, largeur moyenne : 54 mm, fin, couleur rose, lubrifié, avec réservoir, L'utilisation d'un préservatif ne peut garantir une protection à 100% contre la grossesse ou les maladies sexuellement transmissibles. Contient du latex de caoutchouc naturel : peut provoquer des réactions allergiques., Ce produit contient du latex de caoutchouc ., Conserver dans un endroit frais et sec, à l'abri de la lumière directe du soleil.]|"
0,86€ / Pce"|"
10,29 €"
4616|Préservatifs prémium sans latex.|La boîte de 20 préservatifs|[Origine : ROYAUME UNI, La matière révolutionnaire des préservatifs Skyn restitue des sensations plus naturelles, plus douces et plus intenses. Combine une forte résistance à une très haute sensitivité tactile : la sensation de ne rien porter. Son gel ultra lubrifiant à effet longue durée rend le rapport encore plus intense., Ce produit ne contient pas de latex de caoutchouc naturel, il est recommandé pour les personnes allergiques au latex., Sensoprène., A conserver dans un endroit frais et sec, à l'abri des rayons du soleil.]|"
0,79€ / Pce"|"
15,85 €"
4617|Préservatifs premium sans latex grande taille|La boite de 10|[Origine : ROYAUME UNI, La matière révolutionnaire des préservatifs Skin restitue des sensations plus naturelles, plus douces et plus intenses. Plus large et plus long qu'un préservatif standard. Combine une forte résistance à une très haute sensitivité tactile : la sensation de ne rien porter. Son gel ultra lubrifiant à effet longue durée rend le rapport encore plus intense., ce produit ne contient pas de latex de caoutchouc naturel, il est recommandé pour les personnes allergiques au latex., A conserver dans un endroit frais et sec, à l'abri des rayons du soleil.]|"
0,96€ / Pce"|"
9,56 €"
4621|Xtra pleasure, préservatifs lubrifiés avec réservoir, forme unique|La boîte de 12 préservatifs|[Origine : ROYAUME UNI, Attention : ce produit contient du latex de caoutchouc naturel qui peut provoquer des réactions allergiques. L'utilisation d'un préservatif ne peut garantir une protection à 100% contre la grossesse ou les maladies sexuellement transmissibles., Contient du latex de caoutchouc naturel., A conserver dans un endroit frais et sec, à l'abri de la lumière directe du soleil.]|"
9,99€ / Pce"|"
9,99 €"
4622|Intimy, préservatifs lubrifiés avec réservoir, grande sensibilité,|Le blister de 24|[Origine : FRANCE, Les préservatifs Intimy ont été conçus pour vous procurer un maximum de sécurité. Ils sont également très sensibles, pour ne pas altérer votre plaisir.Ces préservatifs respectent les normes françaises et européennes en vigueur., Lire la notice à l'intérieur de l'étui avant utilisation. Aucune méthode de contraception ne peut garantir une protection efficace à 100% contre la grossesse ou les IST. Toutefois, les préservatifs masculins sont la méthode actuelle la plus sûre pourlutter contre la propagation du virus VIH et des autres infections sexuellement transmissibles (IST)., Pur latex de caoutchouc naturel de qualité supérieure., Conserver vos préservatifs dans un endroit frais et sec, à l'abri de la lumière directe du soleil et de l'ozone.]|"
0,49€ / Pce"|"
11,69 €"
4624|4 recettes, au boeuf, au lapin, au poulet et à l'agneau|L'assortiment de 4 sachets de 100g|[Origine : FRANCE, Les émincés de Sacha sont soigneusement préparés avec des ingrédients de qualité, afin d'offrir à votre chat des recettes savoureuses, validées par un vétérinaire, et qui lui apporteront tous les éléments nécessaires à sa vitalité. Très pratique, chaque sachet individuel contient la quantité exacte pour un repas., Servir tel quel à température ambiante. Pour un chat adulte de 4 kg en activité normale donner environ 4 sachets de 100 g par jour. Ces quantités devront être modulées en fonction de l'âge et de l'activité de votre chat., EMINCES EN SAUCE AU BOEUF, A LA VPLEILLE ET AUX PETITS POIS : Viandes et sous-produits animaux (boeuf min. 5% et volaille min. 5%), légumes (petits pois min. 4%), poissons et sous-produits de poissons, substances minérales, sucres, colorants : additifs CE. EMINCES EN SAUCE AU POULET, AU CANARD ET AUX CAROTTES : Viandes et sous-produits animaux (poulet min. 5% et canard min. 5%), légumes (carottes min. 4%), poissons et sous-produits de poissons, substances minérales, sucres, colorants : additifsCE. EMINCES EN SAUCE AU LAPIN, AU FOIE ET AUX HARICOTS VERTS : Viandes et sous-produits animaux (lapin min. 5% et foie min. 5%), légumes (haricots verts min. 4%), poissons et sous-produits de poissons, substances minérales, sucres, colorants : additifs CE. EMINCES EN SAUCE A L'AGNEAU, AU BOEUF ET AU HARICOTS VERTS : Viandes et sous-produits animaux (agneau min. 5% et boeuf min. 5%), légumes (haricots verts min. 4%), poissons et sous-produits de poissons, substances minérales, sucres, colorants :additifs CE., A conserver dans un endroit frais et sec.]|"
4,08€ / Kg"|"
1,63 €"
4626|4 recettes, saumon, thon, colin et crevettes, vitamines b1, d3, e|Le paquet de 4 sachets de 100g|[Origine : FRANCE, Les émincés en gelée de Sacha sont soigneusement préparés avec des ingrédients de qualité afin d'ffrir à votre chat des recettes savoureuses, validées par un vétérinaire, et qui lui apporteront tous les éléments nécessaires à sa vitalité. Très pratique, chaque sachet individuel contient la quantité exacte pour un repas., Servir tel quel à température ambiante. Pour un chat adulte de 4 kg en activité normale donner environ 4 sachets de 100 g par jour. Ces quantités devront être modulées en fonction de l'âge et de l'activité de votre chat., EMINCES EN GELÉE AU SAUMON, AU COLIN ET AUX CAROTTES : Viandes et sous-produits animaux, poissons et sous produits de poissons (saumon min. 5% et colin min. 5%), légumes (carottes min. 4%), substances minérales, sucres, colorants : additifs CE. EMINCES EN GELÉE AU THON, AU CABILLAUD ET AUX HARICOTS VERTS : Viandes et sous-produits animaux, posions et sous-produits de poissons (thon min. 5% et cabillaud min. 5%), légumes (haricots verts min. 4%), substances minérales, sucres, colorants : additifsCE. EMINCES EN GELÉE AU COLIN, A LA SARDINE ET AUX PETITS POIS : Viandes et sous-produits animaux, poissons et sous-produits de poissons (colin min. 5% et sardine min. 5%), légumes (petits pois min. 4%), substances minérales, sucres, colorants : additifs CE. EMINCES EN GELEE AUX CREVETTES AU CARRELET ET AUX CAROTTER : sous-produits animaux, crustacés (crevettes min. 5%), poissons et sous produits de poissons (carrelet min. 5%), légumes (carottes min. 4 %), substances minérales, sucres, colorants : additifs CE., A conserver dans un endroit frais et sec.]|"
3,80€ / Kg"|"
1,52 €"
4628|Terrine à la volaille, vitamines b1, d3, e|La barquette de 100g|[Origine : FRANCE, Servir tel quel à température ambiante. A conserver au réfrigérateur après ouverture et à consommer dans les 24 h. Pour un chat adulte de 4kg en activité normale, donner environ 3 barquettes par jour. Ces quantités devront être modulées en fonction de l'âge et l'activité de votre chat., Viandes et sous-produits animaux (dont volaille mm. 15%), sucres, substances minérales, colorants : additifs CE.]|"
4,80€ / Kg"|"
0,48 €"
4633|Aliment complet pour chat, au poulet, au boeuf, au lapin et à l'agneau|Les 12 sachets de 100g|[Origine : FRANCE, Ces délicieuses recettes sont spécialement préparées avec de tendres effilés aux viandes et enrobés d'une fine gelée. Chaque sachet est un vrai régal pour les papilles de votre chat., Les rations journalières recommandées sont calculées pour un chat à l'activité modérée dans des conditions d'environnement et de température normales. Les besoins nutritionnels peuvent varier selon le chat, il faut donc ajuster ces rations de façon àle maintenir à son poids de forme. Veillez à toujours laisser de l'eau propre et fraiche à disposition de votre chat., Au poulet : viandes et sous-produits animaux (dont poulet 4%), extraits de protéines végétales, poissons et sous-produits de poissons, substances minérales, sucres. Au boeuf : viandes et sous-produits animaux (dont boeuf 4%), extraits de protéines végétales, poissons et sous-produits de poissons, substances minérales, sucres. Au lapin : viandes et sous-produits animaux (dont lapin 4%), extraits de protéines végétales, pois sous-produits de poissons, substances minérales, sucres. À l'agneau : viandes et sous-produits animaux (dont agneau 4%), extraits de protéines végétales, poissons et sous-produits de poissons, substances minérales, sucres., Servir tel quel à température ambiante. Conserver les sachets fermés dans un endroit propre et sec.]|"
4,27€ / Kg"|"
5,12 €"
4635|Aliment complet pour chat adulte, dinde/carottes, canard/haricotsverts, poulet/petits pois, volaille/tomate|Le pochon de 12x100g soit 1200g|[Origine : FRANCE, Les recettes Felix sont préparées avec des ingrédients de qualité et contiennent des émincés aux viandes accompagnés de délicieux légumes et enrobés d'une succulente gelée. Chaque repas est une source d'acides gras essentiels Oméga 6 et offre à votrechat une combinaison adaptée en minéraux et vitamines équilibrés pour satisfaire 100% de ses besoins quotidiens., Servir à température ambiante. Les quantités sont à adapter en fonction du poids et de l'activité de l'animal. Veillez à toujours laisser de l'eau propre et fraîche à disposition de votre chat., A la dinde et aux carottes : viandes et sous produits animaux (dont dinde 4%), légumes (carottes 4%), poissons et sous produits de poissons, substances minérales, sucres. Au canard et aux haricots verts : viandes et sous produits animaux (dont canard4%), légumes (haricots verts 4%), poissons et sous produits de poissons, substances minérales, sucres. Au poulet et au petit pois : viandes et sous produits animaux (dont poulet 4%), légumes (petits pois 4%), poissons et sous produits de poissons, substances minérales, sucres. A la volaille et à la tomate : viandes et sous produits animaux (dont volaille 4%), légumes (tomate 4%), poissons et sous produits de poissons, substances minérales, sucres., Conserver le sachet fermé dans un endroit frais et sec.]|"
4,31€ / Kg"|"
5,17 €"
4638|Emincés en gelée pour chat adulte, foie & volaille, boeuf & volaille, poulet & canard, saumon & truite|Les 4 boîtes de 400g|[Origine : FRANCE, Mmm... Ce n'est pas seulement l'heure du repas, c'est l'heure de son repas Félix ! Et c'est trop difficile de devoir choisir une variété parmi cette si délicieuse gamme ! Mais quelque soit son choix, vous pouvez être sûr que toutes nos recettes sont... élaborées avec des ingrédients sélectionnés., Pour un chat adulte (d'environ 3.5 kg) : jusqu'à une boîte par jour, répartie de préférence en plusieurs repas. Pour une chatte en gestation ou allaitant : à volonté. Servir tel quel à température ambiante., Au foie et à la volaille : viandes et sous-produits animaux (dont foie 4% et volaille 4%), poissons et sous-produits de poissons, sous-produits d'origine végétale, substances minérales. Au boeuf et à la volaille : viandes et sous-produits animaux (dont boeuf 4% et volaille 4%), poissons et sous-produits de poissons, sous-produits d'origine végétale, substances minérales. Au poulet et au canard : viandes et sous-produits animaux (dont poulet 4% et canard 4%), poissons et sous-produits de poissons, sous-produits d'origine végétale, substances minérales. Au saumon et à la truite : viandes et sous-produits animaux, poissons et sous-produits de poissons (saumon 4% et truite 4%), sous-produits d'origine végétale, substances minérales. Conservé avec additifs CE. Cuivre (Sulfate de cuivre) : 1.1mg/kg. Vitamines : A = 1110Ul/kg, D3 = 140Ul/kg, E (alpha-tocophérol) = 10mg/kg.]|"
2,80€ / Kg"|"
4,48 €"
4639|Emincés en gelée pour chats, boeuf, saumon, poulet et thon|Les 12 émincés de 100g|[Origine : FRANCE, Recettes élaborées avec des ingrédients sélectionnés.Chaque sachet est un vrai régal pour les papilles de votre chat. Pratique à servir, un sachet est la ration idéale pour un repas. Finis les reste dans votre réfrigérateur., Servir tel quel à température ambiante. Les quantités sont à adapter en fonction du poids et de l'activité de l'animal. Veillez à toujours laisser de l'eau propre et fraîche à disposition de votre chat., Au boeuf : viandes et sous-produits animaux (dont boeuf 4%), poissons et sous-produits de poissons, substances minérales, sucres. Au saumon : viandes et sous-produits animaux, poissons et sous-produits de poissons (dont saumon 4%), substances minérales, sucres. Au poulet : viandes et sous-produits animaux (dont poulet 4%), poissons et sous-produits de poissons, substances minérales, sucres. Au thon : viandes et sous-produits animaux, poissons et sous-produits de poissons (dont thon 4%), substances minérales, sucres., Conserver le sachet fermé dans un endroit frais et sec.]|"
4,35€ / Kg"|"
5,22 €"
4649|Perle, aliment complet pour chat adulte avec des crevettes entières|Les 4 sachets de 85g|[Origine : FRANCE, Les Plaisirs de la Mer réveilleront l'appétit de votre chat et raviront ses sens. Les Plaisirs de la Mer, une gamme raffinée de recettes au goût unique.Votre chat est un vrai connaisseur et le surprendre peut parfois s'avérer difficile. Les Plaisirsde la Mer sont de délicieux émincés aux  poissons délicatement saisis dans leur sauce savoureuse pour retenir les saveurs de la mer et élégamment accompagnés de succulentes crevettes entières, pour ravir le palais de votre chat., Les quantités doivent être adaptés en fonction du niveau d'activité de l'animal et de sa condition physique. Servir à température ambiante. Veillez à toujours laisser de l'eau propre et fraîche à disposition de votre chat., Au saumon avec des crevettes : viandes et sous-produits animaux, extraits de protéines végétales, poissons et sous-produits de poissons (dont saumon 4%), mollusques et crustacés (crevettes entières 4%), substances minérales, sucres. Au carrelet aveccrevettes : viandes et sous-produits animaux, extraits de protéines végétales, poissons et sous-produits de poissons (dont carrelet 4%), mollusques et crustacés (crevettes entières 4%), substances minérales, sucres. Au thon avec des crevettes : viandes et sous-produits animaux, extraits de protéines végétales, poissons et sous-produits de poissons (dont thon 4%), mollusques et crustacés (crevettes entières 4%), substances minérales, sucres. Au poisson de l'océan avec des crevettes : viandes et sous-produits animaux, extraits de protéines végétales, poissons et sous-produits de poissons (dont poissons de l'océan 4%), mollusques et crustacés (crevettes entières 4%), substances minérales, sucres., Conserver les sachets fermés dans un endroit frais et sec.]|"
6,68€ / Kg"|"
2,27 €"
4652|Aliment pour chats, poulet, saumon, rognons et lapin|La boîte de 12 mousselines de 85g|[Origine : FRANCE, Les Mousselines de Gourmet Gold, un large choix de délicieuses recettes pour varier les plaisirs de votre chat au quotidien.Votre chat est un véritable connaisseur et adore découvrir des saveurs et des textures différentes chaque jour. Gourmet Gold adonc créé Les Mousselines, toute une gamme de menus succulents aux viandes ou aux poissons qui éveilleront l'appétit de votre chat et raviront son palais délicat à chaque repas. Des mousses moelleuses, aux viandes ou au poisons, soigneusement préparées pour offrir à votre chat le plaisir d'une délicate sensation de raffinement., Pour un chat adulte d'environ 4kg donner 3 boîtes par jour, réparties de préférence en au moins 2 repas. Les besoins en nutritionnels peuvent varier selon votre chat, il faut donc ajuster ces rations afin de le maintenir à son poids de forme. Servirà température ambiante. Laissez toujours de l'eau propre et fraîche à disposition de votre chat., Au poulet : viandes et sous-produits animaux (dont poulet 4%), sous-produits d'origine végétale, substances minérales, sucre. Additifs. Avec conservateurs. Humidité : 77,0%, protéines : 11,0%. Teneur en MG : 7,0%. Cendres brutes : 3,0%. Fibres alimentaires brutes : 0,1%. / Au saumon : Viandes et sous-produits animaux, poissons et sous-produits de poissons (saumon 4%), sous-produits d'origine végétale, substances minérales, sucres. Additifs. Avec conservateurs. Humidité : 77,0%, protéines : 11,0%. Teneur en MG : 7,0%. Cendres brutes : 3,0%. Fibres alimentaires brutes : 0,1%. / Aux rognons : Viandes et sous-produits animaux (dont rognons 4%), sous-produits d'origine végétale, substances minérales, sucres. Additifs. Avec conservateurs. Humidité : 77,0%, protéines : 11,0%. Teneur en MG : 7,0%. Cendres brutes : 3,0%. Fibres alimentaires brutes : 0,1%. / Au lapin : Viandes et sous-produits animaux (dont lapin 4%), sous-produits d'origine végétale, substances minérales, sucres. Additifs. Avecconservateurs. Humidité : 77,0%, protéines : 11,0%. Teneur en MG : 7,0%. Cendres brutes : 3,0%. Fibres alimentaires brutes : 0,1%, Conserver les boîtes fermées dans un endroit frais et sec.]|"
6,29€ / Kg"|"
6,42 €"
4656|Les mijotés en sauce avec des petits légumes, au boeuf et au foie, au lapin et aux rognons, à l'agneau et à la volaille|Le paquet de 3 pots de 195g|[Origine : FRANCE, Votre chat est un vrai connaisseur et adore la saveur intense des viandes. Les recettes Gourmet sont riches en viandes : une expérience culinaire unique qui ravira son palais délicat.Afin de préserver leur saveur, les viandes sont cuites à la vapeur,et chaque emballage dispose d'une ouverture facile. Gourmet, des repas simples et riches en goût chaque jour., Servir à température ambiante. Pour un chat moyen de 3,5 kg : environ deux boîtes en 2 repas. Pour une chatte en gestation ou allaitante : à volonté. Laissez toujours de l'eau fraîche et propre à disposition de votre chat., Boeuf et foie : viandes et sous-produits animaux (viandes min 14%, dont boeuf 4%, foie 4%), légumes (légumes 4%), céréales, substances minérales, sous-produits d'origine végétale, sucres. Lapin et rognons : viandes et sous-produits animaux (viandes min 14% dont lapin 4%, rognons 4%), légumes (légumes 4%), céréales, substances minérales, sucres, sous-produits d'origine végétale. Agneau et volaille : viandes et sous-produits animaux (viandes min 14% dont agneau 4%, volaille min 4%), céréales, légumes (légumes 4 %), substances minérales, sucres, sous-produits d'origine végétale., Conserver les boîtes fermées dans un endroit frais et sec. Une fois la boîte ouverte, la recouvrir et l'utiliser dans les 24 heures.]|"
4,10€ / Kg"|"
2,40 €"
4657|One adulte chat|Le paquet de 4x85g (340g)|[Origine : FRANCE]|"
8,71€ / Kg"|"
2,96 €"
4666|Croquettes au saumon et au riz, adulte|Le sachet de 450g|[Origine : FRANCE, MONOPRIX a sélectionné une gamme d'aliments de haute qualité, spécifiquement conçue pour répondre aux exigences de votre animal quels que soient son âge et son style de vie. Elaborées par des vétérinaires, les croquettes MONOPRIX sont composées d'ingredients soigneusement associés afin d'offrir à votre chat un repas complet et équilibré., Servez tel quel à température ambiante., Céréales (dont riz 4% min.), viandes et sous-produits animaux, extraits le protéines végétales, huiles et graisses, poissons et sous-produits de poissons (dont saumon 4% min.), substances minérales, levures, conservateur : additif CE, antioxygènes :additifs CE. Sans colorant ajouté., Refermer le sachet après usage. A conserver dans un endroit propre, sec et frais.]|"
4,47€ / Kg"|"
2,01 €"
4667|Croquettes riches en poulet, pour chaton jusqu'à 12 mois|Le sachet de 450g|[Origine : FRANCE, Aliment complet pour chatons et chattes en gestation ou lactation, croquettes riches en poulet., Servez tel quel à température ambiante. Laissez en permanence un bol d'eau fraîche fréquemment renouvelée à disposition de votre chat. Les quantités sont à adapter en fonction du poids et de l'activité de l'animal., Viandes et sous produits animaux (dont poulet 14%), céréales, extraits de protéines végétales, huiles et graisses, poissons et sous produits de poissons, substances minérales, levures, lait et produits de laiterie., Refermer le sac après usage. A conserver dans un endroit propre, sec et frais.]|"
4,42€ / Kg"|"
1,99 €"
4670|Croquettes, 100% complète nutrition, junior-1an, contient du lait et du calcium|Le sac de 2kg|[Origine : FRANCE, Le produit Friskies Junior apporte tout ce dont votre chaton a besoin nutritionnellement pour l'aider à être heureux et en bonne santé.Friskies Junior est une recette complète et équilibrée préparée avec des viandes riches en protéines et des légumes, spécialement formulée pour la bonne croissance de votre chaton et la bonne nutrition des chattes en gestation ou lactation. Ce produit très énergétique convient également aux chattes en gestation ou en lactation dont les besoins en énergie sont accrus., Laissez en permanence de l'eau propre et fraîche à disposition de votre animal. Ce produit doit être introduit dès l'âge de 3 ou 4 semaines en mélangeant les croquettes avec de l'eau pour faciliter la mastication. Puis dès que le chaton arrive à manger seul, augmentez peu à peu la quantité de croquettes tout en réduisant la quantité d'eau. Chaque chaton est différent, les quantités sont donc à adapter en fonction de son activité et de sa condition physique. Ce sac n'est pas un jouet. Pour évitertout risque d'étouffement, laissez ce sac hors de portée des enfants et animaux de compagnie., Céréales (20%), viandes et sous-produits animaux (poulet 4% dans les croquettes marron clair), extraits de protéines végétales, huiles et graisses, substances minérales, poissons et sous-produits de poissons, levures, légumes (légumes 1% dans les croquettes vertes et oranges), lait et produits de laiterie (lait 4% dans les croquettes au blanches)., A conserver dans un endroit frais et sec.]|"
2,45€ / Kg"|"
4,89 €"
4673|Croquettes saumon et thon|La boite de 400g|[Origine : FRANCE, Les chats adorent le goût des poissons et des viandes et d'instinct, ils savent ce qui est bon pour eux. C'est pourquoi, ils apprécient les ingrédients de qualité Les croquettes Friskies sont préparées avec des poissons et des viandes de qualité rigoureusement sélectionnées pour apporter à votre chat une nutrition optimale. Elaborées avec des protéines de qualité, des vitamines, des minéraux et d'autres ingrédients sains et savoureux, les recettes Friskies offrent à votre chat une alimentation complète et équilibrée adaptée à ses besoins journaliers., Les rations journalières recommandées sont calculées pour un chat à l'activité modérée dans des conditions d'environnement et de température normales. Les besoins nutritionnels peuvent varier selon le chat, il faut donc ajuster ces rations de façon àle maintenir à son poids de forme. Veillez à toujours laisser de l'eau propre et fraiche à disposition de votre chat., Céréales (20%), extraits de protéines végétales, viandes et sous-produits animaux, huiles et graisses, sous-produits dorigine végétale, substances minérales, poissons et sous-produits de poissons (saumon 4% dans les croquettes rouge-marron et marronclair), levures, légumes (légumes 1% dans les croquettes vertes, jaunes et orange)., Ce produit doit être conservé dans un endroit propre et sec à température ambiante.]|"
3,73€ / Kg"|"
1,49 €"
4674|Friskies croq. chats Boeuf/Legumes|Le paquet de 2kg|[Origine : FRANCE, Les croquettes Friskies apportent à votre chat une alimentation complète et équilibrée adaptée à ses besoins journaliers. Votre chat sait qu'il va se régaler et vous savez que Friskies lui apporte tout ce dont il a besoin pour être en pleine forme  et un chat plein de vitalité vit sa vie pleinement., Les rations journalières recommandées pour l'entretien sont calculées pour un chat à l'activité modérée dans des conditions d'environnement et de température normales. Les besoins nutritionnels peuvent varier selon le chat, il faut donc ajuster ces rations de façon à le maintenir à son poids de forme. Veillez à toujours laisser de l'eau propre et fraîche à disposition de votre chat. Ce sac n'est pas un jouet. Pour éviter tout risque de suffocation, tenir hors de portée des enfants et des animaux., A conserver dans un endroit frais et sec.]|"
2,06€ / Kg"|"
4,11 €"
4675|Friskies croq. chats Saumon/Legumes|Le paquet de 2kg|[Origine : FRANCE, Les croquettes Friskies sont préparées avec des poissons et des viandes de qualité rigoureusement sélectionnés pour apporter à votre chat une nutrition optimale. Votre chat sait qu'il va se régaler et vous savez que Friskies lui apporte tout ce dontil a besoin pour être en peine forme, Les rations journalières recommandées pour l'entretien sont calculées pour un chat à l'activité modérée dans des conditions d'environnement et de température normales. Les besoins nutritionnels peuvent varier selon le chat, il faut donc ajuster ces rations de façon à le maintenir à son poids de forme. Veillez à toujours laisser de l'eau propre et fraîche à disposition de votre chat. Ce sac n'est pas un jouet. Pour éviter tout risque de suffocation, tenir hors de portée des enfants et des animaux., A conserver dans un endroit frais et sec.]|"
2,14€ / Kg"|"
4,27 €"
4678|Aliment complet pour chat adulte, spécial chat stérilisé,        croquettes élaborées saumon et thon sélectionnés et au blé|Le pochon de 1,5kg|[Origine : FRANCE, Purina One spécial chat stérilisé est formulé avec un profil nutritionnel adapté aux chats castrés ou stérilisés. Développée par les nutritionnistes et les vétérinaires Purina, la formule Purina One Actilea contient : des prébiotiques reconnus pour contribuer à l'équilibre de la flore intestinale, des antioxydants pour aider la réparation cellulaire, des levures pour aider à soutenir une réponse immunitaire adéquate. Cette triple action aide à renforcer les défenses naturelles., Les quantités doivent être ajustées selon les conditions climatiques, le niveau d'activité du chat et de sa condition physique. Un bol d'eau fraîche doit toujours être à sa disposition. Ce sac n'est pas un jouet, par précaution, laissez ce sac hors de portée de vos enfants et de vos animaux de compagnie., Saumon (15%), blé (15%), gluten de maïs, farine de soja, protéines de volaille déshydratées, maïs, graisse animale, thon déshydraté (4%), pulpe de betterave, racine de chicorée déshydratée (2%), sels minéraux, hydrolysat, levures (1%)., A conserver dans un endroit propre et sec à température ambiante.]|"
5,53€ / Kg"|"
8,30 €"
4681|Croquettes pour chats adultes, au lapin et au riz|Le paquet de 450g|[Origine : FRANCE, Purina One Adulte est un aliment spécialement élaboré pour les chats âgés de 1 à 7 ans.Système urinaire sain favorisé par un apport équilibré en sels minéraux. Digestion optimale des nutriments: élaboré avec des ingrédients de haute qualité pour uneassimilation optimale. Dents propres, gencives saines et haleine fraîche. Excellente mobilité et articulations saines favorisées par un juste apport de protéines qui aide à maintenir son poids de forme. Peau saine et hydratée, poil brillant., Purina One est un aliment complet, il n'est donc pas nécessaire de donner des suppléments alimentaires. Si vous nourrissez votre chat pour la première fois avec les croquettes Purina One, introduisez-les progressivement dans son alimentation habituelle pour laisser le système digestif de votre chat s'adapter au changement. Les quantités sont à adapter en fonction du poids et de l'activité de votre chat. Un bol d'eau fraîche doit toujours être à sa disposition., Poulet (min. 16%), riz (min. 14%), protéines de volaille déshydratées, gluten de maïs, maïs, blé, lapin (min 4%), graisse animale, racine de chicorée (min 0,5%), gluten de blé, pulpe de betterave, hydrolysat, levures (min 0,2%), huile de poisson, chlorure de potassium, chlorure de choline, sels minéraux, DL-méthionine, sulfate de calcium, L-lysine. Avec antioxygènes et conservateurs : additifs CE., A conserver dans un endroit propre et sec à température ambiante.]|"
6,67€ / Kg"|"
3,00 €"
4686|Croquettes spécial chat sensible|Le sachet de 1,5kg|[Origine : FRANCE, Purina One Spécial Chat Sensible est formulé pour la bonne santé et le bien-être des chats ayant une digestion sensible et un appétit délicat. Développée par les nutritionnistes et les vétérinaires Purina, la formule Actilea de Purina One contient :des prébiotiques reconnus pour contribuer à l'équilibre de la flore intestinale, des antioxydants pour aider la réparation cellulaire, des levures pour aider à soutenir une réponse immunitaire adéquate. Cette triple action aide à renfocer les défenses naturelles. La nutrition dont votre chat a besoin avec des ingrédients de haute qualité et savoureux qui le satisferont., Ration journalière recommandée (g/jour) : 2-4 kg : 30-60 g, 4-6 kg : 60-100 g, 6-8 kg : 100-130 g. Les quantités journalières recommandées doivent être ajustées selon les conditions climatiques, le niveau d'activité du chat et sa condition physique.Un bol d'eau fraîche et propre doit toujours être à sa disposition. Ce sac n'est pas un jouet. Pour éviter les risques de suffocation, le mettre hors de portée des enfants et des animaux., Saumon (17%), maïs, gluten de maïs, riz (14%), concentré de protéine de pois, protéines de saumon déshydratées, graisse animale, sels minéraux, racine de chicorée déshydratée (2%), gruau de maïs, hydrolysat, levures (1%)., A conserver dans un endroit frais et sec.]|"
5,46€ / Kg"|"
8,19 €"
4694|One sp{cial chat st{rilis{ {labor{ avec du boeuf|Le sachet de 3kg|[Origine : FRANCE]|"
4,87€ / Kg"|"
14,60 €"
4699|Croquettes pour chats stérilisés +10 ans au poulet et à l'orge|Le sac de 1,5KG|[Origine : FRANCE, Ultima est préparé à partir d'un mélange unique d'antioxydants, ces vitamines, des minéraux et d'acides gras essentiels qui renforce le système immunitaire de votre chat. Ces recettes ont été élaborées par nos vétérinaires. Elles ne contiennent que des ingrédients de haute qualité, sans colorants et sans conservateurs. Les viandes sélectionnées donnent aux recettes Ultima une saveur exceptionnelle. Ainsi, Ultima aide votre chat à rester en pleine forme tout au long de sa vie tout en appréciant chaque repas., Poulet (15%), maïs, protéines déshydratées de volaille, blé, farine de gluten de maïs, protéines déshydratées de porc, graisses animales hydrolysées, pulpe de betterave, fibre végétale,  huile de poisson, chlorure de potassium, sel.]|"
4,85€ / Kg"|"
7,28 €"
4701|Cat-stick mini, aliment complémentaire pour chat au canard & lapin|Le paquet de 3 sticks, 18g|[Origine : FRANCE, Donner comme encas un stick entier ou coupé en petits morceaux. Pratique : morceaux prédécoupés., Matières premières : viandes et sous-produits animaux (canard min. 6%, lapin min. 6%), levures, substances minérales, sucre. Avec antioxygène et conservateur : additifs CEE., Conserver au frais et au sec.]|"
67,22€ / Kg"|"
1,21 €"
4703|aliment complémentaire pour chats, fiandises au poulet et fromage|Le Pochon de 60g|[Origine : HONGRIE, Les Irrésistibles est une friandise pour chats, délicieusement croquante à l'extérieur et irrésistiblement tendre à l'intérieur !, Donnez jusqu'à 15 pièces par jour. Veillez à toujours laisser un bol d'eau fraîche à disposition., Extraits de protéines végétales, céréales, viandes et sous produits animaux (dont poulet 4%), huiles et graisses, substances minérales, lait et produits de laiterie (dont fromage 4%)., Se conserve 4 semaines après ouverture. A conserver dans un endroit frais et sec.]|"
28,67€ / Kg"|"
1,72 €"
4705|Litière pour chats agglomérante ultra-absorbante, 20 jours d'efficacité|La boîte de 5l|[Origine : FRANCE, La litière MONOPRIX bénéficie d'une formule ultra-hygiène qui agit sur le développement des bactéries responsables des mauvaises odeurs. Les micro-granulés ultra-absorbants forment des agglomérats au contact des déjections du chat, qu'il suffit d'enlever pour conserver une litière propre et sèche. En outre, la formule permet de conserver une litière hygiénique jusqu'à 20 jours sans odeurs, au lieu de 7 jours pour une litière classique., Remplissez le bac avec 4 cm de litière. Ne mélangez pas à une litière minérale classique. Retirez quotidiennement les déjections agglomérées à l'aide d'une pelle. Rajoutez la quantité de litière manquante afin de maintenir la même quantité de litière. Il n'est pas nécessaire de renouveler l'intégralité de la litière.  Ne convient pas aux chatons.]|"
0,78€ / L"|"
3,92 €"
4708|Litière minérale blanche pour chat|Le sachet de 5L|[Origine : FRANCE, Etaler 5 à 6 cm d'argile dans le ba cde votre chat. Retirer régulièrement les parties souillées et compléter à nouveau avec de la litière propre. Procéder à un change complet de la litière chaque semaine ainsi qu'au lavage de votre bac.]|"
0,23€ / L"|"
1,13 €"
4711|Sac dose de litière pour 1 mois sans odeur pour 1 chat, 100% bio dégradable|Le sac de 1,5kg|[Origine : FRANCE, Absorption totale des odeurs pendant 1 mois. Ne colle pas aux pattes. Biodégradable à 100%. Légère et compacte. Utilisation simple. Voici les principaux avantages que vous apporte Nullodor Chat. L'absorption totale des liquides vous garantit une litière saine, sans développement bactérien. L'absorption totale des odeurs préserve la fraîcheur de votre maison. La biodégradabilité à 100% vous permet de recycler votre litière dans un compost. Sa légèreté et sa compacité facilitent son maniement et permettent même aux plus jeunes enfants de s'occuper du chat de la maison., Remplissage : déverser le contenu du sac dans le bac à litière nettoyé au préalable. Entretien : chaque jour, enlever les excréments et mélanger la litière de manière à ramener la litière mouillée sur le dessus. Changement : après 1 mois d'utilisation, changer la totalité de la litière. Pour une efficacité encore plus longue, placer la caisse dans un lieu sec.]|"
2,23€ / L"|"
6,68 €"
4715|Sac hygiénique|Les 15 sacs|[Origine : ALLEMAGNE, Pour assurer l'hygiène de votre chat, tout simplement. Adapté à toutes les litières pour chat , telles que la litière Vitakraft., Garnir le bac à chat d'un sac  CloFix, remettre le rebord de protection et c'est prêt. Plus de nettoyage  fastidieux plus de désinfectants désagréables pour l'odorat des chats.]|"
5,56€ / Pce"|"
5,56 €"
4716|Aliment complet pour chiens, terine au boeuf, terrine à l'agneau, terrine à la volaille|La boîte de 3 terrines de 300g|[Origine : FRANCE, MONOPRIX a réuni pour vous ces 3 recettes gourmandes dans un coffret original et pratique qui permettra à votre chien de varier les plaisirs !, TERRINE AU BOeUF ET AUX LEGUMES : Viandes et sous-produits animaux (boeuf min. 10%), légumes (min. 5%), sucres, substances minérales, colorants : additifs CE. TERRINE A L'AGNEAU ET AUX LEGUMES : Viandes et sous-produits animaux (agneau min. 5%), légumes (min. 5%), sucres, substances minérales, colorants : additifs CE. TERRINE A LA VOLAILLE, AU FOIE ET AUX LEGUMES : Viandes et sous-produits animaux (volaille min. 15% et foie min. 5%), légumes (min. 5%), sucres, substances minérales, colorants : additifs CE., A conserver au réfrigérateur après ouverture et à consommer dans les 24h.]|"
4,03€ / Kg"|"
3,63 €"
4721|Terrines à la volaille, au foie et aux légumes, vitamines b1, d3,|La boite de 3 barquettes de 300g|[Origine : FRANCE, Servir tel quel à température ambiante. Laisser toujours un bol d'eau fraîche fréquemment renouvelée à disposition de votre chien. Ces terrines constituent un aliment complet : il est inutile de donner d'autres aliments en complément. Les quantités sont à adapter en fonction de l'âge et de l'activité de votre chien., Viandes et sous-produits animaux (dont volaille 4% et foie 4%), légumes (carottes et petits pois 4%), substances minérales. Constituants analytiques : protéine brute 9,5%, cellulose brute 0,8%, matières grasses brutes 5,5%, cendres brutes 2,5%, humidité 81%. Additif : colorants, émulsifiant : E499/gomme cassia : 2940 mg/kg. Additifs nutritionnels : vitamine B1 : 64 mg/kg, E671/vitamine D3 : 220 Ul/kg, vitamine E : 128 mg/kg., A conserver dans un endroit propre, sec et frais. Après ouverture, à conserver au réfrigérateur et à consommer dans les 48 heures.]|"
3,47€ / Kg"|"
3,12 €"
4724|Aliment complet pour chien adultes au veau et aux des de carottes|La boite de 300g|[Origine : FRANCE, Aliment complet pour chiens adultes., Les quantités sont à adapter en fonction de la race de votre chien, de son âge et de son niveau d'activité. Servez à température ambiante. Veillez à toujours laisser un bol d'eau fraîche à disposition., Viandes et sous-produits animaux (min 55% dont veau min 4%), légumes (carottes min 4%), substances minérales, sous produits d'origine végétale., Une fois ouvert, se conserve 2 jours au réfrigérateur.]|"
6,00€ / Kg"|"
1,80 €"
4725|Aliment complet pour chiens aux fines bouchées de poulet|La barquette de 300g|[Origine : FRANCE, Servez à température ambiante. Il est recommandé d'ajuster la quantité d'aliments au niveau d'activité, à la race et à l'âge de votre chien. Veillez à toujours laisser un bol d'eau fraîche à disposition., Viandes et sous-produits animaux (min 60% dont poulet : min. 4%), substances minérales, sous-produits d'origine végétale., Une fois ouvert, se conserve 2 jours au réfrigérateur.]|"
6,23€ / Kg"|"
1,87 €"
4726|Cesar les inspirations du jardin coeur de legumes|Le paquet de 4x150g|[Origine : FRANCE, Chez César nous élaborons des repas à la fois sains et délicieux pour votre petit compagnon, si particulier. La gamme Les Inspirations du Jardin associe des viandes sélectionnées avec une touche de bons légumes. Appréciez le mélange de petits légumeset de savoureuses viandes pour un repas sain et délicieux., Veillez à respecter une transition progressive et adaptez les quantités aux besoins de votre chien. Les quantités sont à adapter en fonction du poids de l'animal. Il est recommandé d'alterner des croquettes avec des aliments humides. Laissez de l'eaufraîche à disposition. Servez à température ambiante., Une fois ouvert, se conserve au réfrigérateur.]|"
7,37€ / Kg"|"
4,42 €"
4730|Pâté pour chien senior, plus de 8 ans, agneau petits pois, boeuf petits légumes, bouchées veau riz, poulet riz|Les 4 barquettes de 150g|[Origine : FRANCE, Toutes les recettes Cesar sont 100% complètes et équilibrées, et préparées avec des ingrédients soigneusement sélectionnés afin de satisfaire les besoins des chiens Seniors.Chaque repas contient des viandes de haute qualité, des vitamines et des minéraux cuits de manière à leur apporter tout ce dont ils ont besoin, chaque jour. Facile à digérer et maintient en pleine forme., A l'agneau et aux petits pois : viandes et sous-produits animaux (45% dont agneau 4%), légumes (petits pois 4%), céréales (riz cuit 4%), substances minérales, sous-produits d'origine végétale. / Au poulet et au riz : viandes et sous-produits animaux(45% dont poulet 4%), céréales (riz cuit 4%), substances minérales, sous-produits d'origine végétale. / Au boeuf et ses petits légumes : viandes et sous-produits animaux (45% dont boeuf 4%), légumes (mélange de petits pois et de carottes 4%), céréales (riz cuit 4%), substances minérales, sous-produits d'origine végétale. / Au veau et au riz : viandes et sous-produits animaux (45% dont veau 4%), céréales (riz cuit 4%), substances minérales, sous-produits d'origine végétale. Sans arôme artificiel,sans colorant artificiel et sans sucre ajouté.]|"
7,07€ / Kg"|"
4,24 €"
4732|Sélection de Volailles 100% complet|La boite de 3x300g|[Origine : FRANCE, Les barquettes César constituent des repas complets et équilibrés, et sont parfaitement adaptés aux besoins nutritionnels de votre chien. Ils peuvent donc tout à fait constituer son alimentation quotidienne. Les viandes sont le 1er ingrédients des repas César. Nous utilisons exclusivement des viandes d'origine contrôlée de grande qualité., Les repas César sont parfaitement adaptés à l'alimentation quotidienne des chiens adultes dès 1 an. Quantité journalière : pour un chien de 5 kg : 1 1/4 de barquette, de 7 kg : 1 3/4 de barquette, de 10 kg : 2 1/4 de barquette. Il est recommandé d'ajuster la quantité d'aliments au niveau d'activité, à la race et à l'âge de votre chien. Veillez à respecter une transition progressive si vous donnez un nouvel aliment. Veillez à toujours laisser un bol d'eau fraîche à disposition. Servez à température ambiante., A la dinde et aux carottes : viandes et sous-produits animaux (55%, dont dinde 4%), légumes (carottes 4%), substances minérales. Au poulet et aux dés de carottes : viandes et sous-produits animaux (55%, dont poulet 4%), légumes (carottes 4%), substances minérales. Au canard et ses petits légumes : viandes et sous-produits animaux (55%, dont canard 4%), légumes (4%, dont carottes 2% et haricots verts 2%), substances minérales. Sans colorant artificiel. Sans arôme artificiel. Sans sucre ajouté., Une fois ouvert, se conserve 2 jours au réfrigérateur.]|"
5,80€ / Kg"|"
5,22 €"
4734|Aliment complet pour chiens senior|Les 4 boites de 410g (1640g)|[Origine : FRANCE, Du calcium pour favoriser des os solides, de la vitamine E pour aider à renforcer ses défenses naturelles et de la pulpe de betterave pour favoriser une bonne digestion., Les repas en boîte Pedigree sont des repas complets. Ils peuvent donc parfaitement constituer l'alimentation principale de votre chien. Chaque chien est différent. Il est donc recommandé d'ajuster les quantités d'aliments au niveau d'activité, à la race et à l'âge de votre chien. Veillez à toujours laisser un bol d'eau fraîche à disposition. Servez à température ambiante., Viandes et sous-produits animaux (35% dont volaille 4%, viandes fraîches 4%), céréales (dont riz cuit 4%), huiles et graisses (dont huile de tournesol 0,3%), sous-produits d'origine végétale (pulpe de betteraves sucrières déshydratée 0,45%), substances minérales. Sans colorant artificiel, sans arôme artificiel, sans conservateur., Une fois ouvert, se conserve 2 jours au réfrigérateur.]|"
3,09€ / Kg"|"
5,07 €"
4737|Terrines pour chiens, aux petits légumes, au veau, au poulet, à l'agneau|Les 3 boîtes de 410g|[Origine : FRANCE, Pedigree Terrines du Terroir : le plaisir d'une saveur authentique désormais au coeur d'une terrine. Chaque savoureuse terrine associe de tendres bouchées aux viandes braisées à des petits légumes et des céréales sélectionnées. Ainsi, vous faites plaisir à votre chien tout en lui apportant tout ce dont il a naturellement besoin pour rester en pleine forme.- Des protéines de quualité pour des muscles sains et solides. - Des fibres végétales sélectionnées pour un intestin sain. Une combinaison idéale de vitamines et minéraux pour ses défenses naturelles., Au Veau : Ingrédients : viandes et sous-produits animaux (dont veau min. 4%, viandes fraîches min. 4%, légumes (mélange de carottes et de haricots verts min. 4%) céréales, extraits de protéines végétales, sous-produits d'origine végétale, huile et graisses, substances minérales. Au Poulet : Ingrédients: viandes et sous-produits animaux (dont poulet min 4%, viandes fraîches min. 4%), légumes (mélange de crottes et de haricots verts min. 4%), céréales, extraits de potéines végétales, sous-produitsd'origine végétale, huiles et graisses, substances minérales. A l'Agneau : Ingrédients : viandes et sous-produits animaux (dont agneau min. 4%, viandes fraîches min. 4%), légumes (carottes min. 4%), céréales, extraits de protéines végétales, sous-produits d'origine végétale, huiles et graisses, substances minérales.]|"
3,33€ / Kg"|"
4,10 €"
4739|Les croquettes de boeuf riches en céréales et aux légumes        mes|Le paquet de 1,5kg|[Origine : FRANCE, Servez tel quel à température ambiante. Laissez en permanence un bol d'eau fraîche à la disposition de votre chien. Les quantités sont à adapter en fonction du poids et de l'activité de l'animal., Céréales (céréales 14% min dans les croquettes aux céréales), sous-produits d'origine végétale, viandes et sous-produits animaux (dont boeuf 4% dans les croquettes au boeuf), huiles et graisses, légumes (légumes 4% dans les croquettes aux légumes), substances minérales., Refermer le sac après usage. A conserver dans un endroit frais et sec.]|"
2,47€ / Kg"|"
3,70 €"
4745|Picnic festival|Le sachet de 126g|[Origine : FRANCE]|"
18,02€ / Kg"|"
2,27 €"
4747|Frolic au boeuf aux carottes et aux cereales|Le sachet de 1,5k|[Origine : ALLEMAGNE, Chaque croquette Frolic est simplement délicieuse et complète d'un point de vue nutritionnel. Préparé avec des viandes fraîches savoureuses, des carottes, des céréales, des vitamines et des minéraux, un bol de Frolic complet apportera à votre chien joie de vivre et vitalité., Il est recommandé d'ajuster la quantité d'aliments au niveau d'activité, à la race et à l'âge du chien. Veillez à toujours laisser un bol d'eau fraîche à disposition. Pour éviter les risques d'étouffement, laisser cet emballage hors d'atteinte des bébés, jeunes enfants et animaux de compagnie., A conserver fermé dans un endroit frais et sec.]|"
3,00€ / Kg"|"
4,50 €"
4753|Biscrok, Délicieux biscuits croquants|La boite de 500g|[Origine : ROYAUME UNI, 3 savoureuses variétés de biscuits croquants pour un grand moment de plaisir.Oméga 3 : pour l'aider à rester en forme tout au long de sa vie. Calcium : pour l'aider à garder des dents et des os solides. Vitamines : Pour l'aider à préserver ses défenses naturelles., Veillez à toujours laisser un bol d'eau fraîche à disposition. Chiens de petite taille (type Teckel) : jusqu'à 4 biscuits par jour. Chiens de taille moyenne (type Cocker Spaniel) : jusqu'à 8 biscuits par jour. Grands chiens (type Labrador) : jusqu'à12 biscuits par jour., Céréales, substances minérales, viandes et sous-produits animaux (poulet min 4% dans le biscuit blanc, boeuf min 4% dans le biscuit marron, viandes min 4% dans le biscuit rouge), huiles et graisses, sous-produits d'origine végétale., A conserver dans un endroit frais et sec.]|"
4,70€ / Kg"|"
2,35 €"
4754|Biscuits pour chiens aux variétés savoureuses|La boîte de 12 biscuits, 104g|[Origine : FRANCE, Omega 3, pour l'aider à rester en forme tout au long de sa vie. Calcium, pour aider à garder des dents et des os solides. Vitamines et minéraux, pour l'aider à préserver ses défenses naturelles., Veillez à toujours laisser un bol d'eau fraîche à disposition. Chiens de petites tailles (type Teckel) : jusqu'à 2 pièces par jour. Chiens de taille moyenne (type Cocker Spaniel) : jusqu'à 3 pièces par jour. Grands chiens (type Labrador) : jusqu'à 5pièces par jour., Viandes et sous-produits animaux (viandes 40%, dont boeuf 17%, poulet 6%, agneau 5%, canard 4%, viandes fraîches 10%), sous-produits d'origine végétale, céréales, sucres, substances minérales, huiles et graisses., A conserver dans un endroit frais et sec.]|"
18,75€ / Kg"|"
1,95 €"
4756|Croquettes pour chiot petits & moyens chiens, croissance & protection, 2-12 mois, au poulet et au riz|Le sac de 3kg|[Origine : FRANCE, Chez Pedigree nous sommes pour les chiens. C'est pour cette raison que nous développons pour eux des aliments de qualité et savoureux à la fois.  Les chiots de petite et moyenne tailles grandissent très vite. C'est pourquoi il ont besoin d'une alimentation spécifique qui leur procure l'énergie nécessaire pour bien grandir, tout en contribuant à renforcer leur défense immunitaire., Pour les très jeunes chiots, veillez à humidifier les croquettes avec de l'eau. Les besoins particuliers de votre chiots vont dépendre de son niveau d'activité, de sa race et de son âge. Veillez à toujours laisser un bol d'eau fraîche à disposition.Pour éviter les risques d'étouffement, laisser cet emballage hors d'atteinte des bébés, jeunes enfants et animaux de compagnie., Céréales (riz min. 20%, maïs min. 4%), viandes et sous-produits animaux (poulet min. 4% dans les croquettes marrons), huiles et graisses (huile de poisson min. 0,6%), extraits de protéines végétales, sous-produits d'origine végétale (pulpe de betterave déshydratée min. 4%), substances minérales. Il n'y a ni arôme artificiel, ni colorant artificiel., A conserver dans un endroit frais et sec.]|"
2,72€ / Kg"|"
8,15 €"
4758|Dentastix, 80% réduction du tartre, chien plus de 10kg|Le sachet de 7 sticks, 180g|[Origine : HONGRIE, Utilisé quotidiennement, il est scientifiquement prouvé que sa texture spéciale contribue à réduire jusqu'à 80% la formation de tartre., Pour moyens et grands chiens : 1 sticks par jour. Veillez à toujours laisser un bol d'eau fraîche à la disposition de votre chien. Cette friandise ne convient pas à un chien de moins de 10kg. Ne convient pas aux chiots de moins de 4 mois., Céréales, substances minérales, sous-produits d'origine végétale, viandes et sous-produits animaux., A conserver dans un endroit sec et frais.]|"
16,50€ / Kg"|"
2,97 €"
4765|Torsades à macher rodeo au boeuf|Le paquet de 4 sticks|[Origine : HONGRIE, Des oméga 3 pour l'aider à reste en forme tout au long de sa vie. Des vitamines pour l'aider à préserver ses défenses naturelles. Des minéraux, dont du calcium, pour l'aider à garder des os solides., Céréales, sous-produits d'origine végétale, viandes et sous-produits animaux (dont boeuf 4%), sucres, extraits de protéines végétales, substances minérales, graines, huiles et graisses, herbes.  Sans colorant ni arôme artificiels.]|"
23,43€ / Kg"|"
1,64 €"
4768|Fido delibakie rolls|la boite de 320g|[Origine : FRANCE, Cuits au four au goût jambon et de fromage., Ajustez en conséquence la ration du repas principal. Veillez à toujours laisser de l'eau propre et fraîche à disposition de votre chien. Surveillez votre chien lorsque vous lui donnez une friandise., A conserver dans un endroit frais et sec.]|"
6,81€ / Pce"|"
2,18 €"
4781|Os à mâcher en peau de boeuf, dentofit prophylaxe|L'os de 60g|[Origine : FRANCE, Cet aliment simple d'origine animale ne doit pas être donné à des ruminants., Conserver au sec et au frais.]|"
5,21€ / Pce"|"
5,21 €"
4782|Pipettes insectifuges pour chat, Prévention|les 2 pipettes|[Origine : FRANCE, Ces pipettes insectifuges sont à base d'extrait de Margosa aux propriétés répulsives contre les insectes piqueurs et tiques. Protection : 6 semaines., Substance active biocide : margosa, extraits (N°CAS 84696-25-3) 30g/L. Autres substances : conservateur, glycérine, eau., 1 pipette (2ml) toutes les 3 semaines. Veillez à vous nettoyer les mains au savon avant et après l'application du produit. Secouer vigoureusement la pipette et l'ouvrir en cassant le bout en plastique. Verser son contenu derrière le cou de l'animal directement sur lap eau. Sur les animaux à poils clairs, le produit peut provoquer une coloration non persistante du pelage à l'endroit du dépôt. L'action répulsive apparaît dans les quelques jours suivant l'application du produit. Après utilisation,éliminer la pipette avec les déchets d'ordures ménagères. Eliminer les produits non utilisés avec les déchets d'ordures ménagères. Ne pas jeter les résidus dans les égouts et les cours d'eau. Ne pas utiliser sur les chatons et sur les animaux malades, convalescents ou en gestation. Ne pas appliquer sur un chat mouillé. Usage externe. Ne pas avaler. En cas d'ingestion, ne pas faire vomir, consulter immédiatement un médecin et lui montrer l'emballage. Contacter le centre antipoison le plus proche.Eviter le contact avec les yeux : en cas de contact avec les yeux, laver abondamment à l'eau clair. En cas d'irritation persistante, contacter un médecin. Conserver hors de la portée des enfants et dans un endroit sec et tempéré.]|"
9,85€ / Pce"|"
9,85 €"
4788|Cire à la cire d'abeille nourrissante|La bombe de 300ml|[Origine : FRANCE, Dans sa formule unique, la cire meuble O Cedar a sélectionné la cire d'abeille nourrissante pour le soin du bois. Elle nourrit et entretien le bois. Elle protège contre les traces d'eau.Sa formule maintient les gouttes d'eau à la surface et les empêche d'abîmer vos meubles. Elle redonne une brillance et patine naturelle à tous vos meubles et boiseries cirés et vernis., Pour un entretien optimal, il convient de cirer une fois par semaine. Sur un meuble fragile et/ou pour la première utilisation, il est préférable d'essayer le produit sur une surface cachée. Par mesure de sécurité, utiliser uniquement pour l'usage prévu et conformément au mode d'emploi. Lire attentivement les précautions d'emploi avant usage. Récipient sous pression. Ne pas percer ou brûler même après usage. Ne pas vaporiser vers une flamme ou un corps incandescent. Conserver et utiliser à l'écart de toute flamme, ou source d'ignition et d'étincelles, source de chaleur, appareil électrique en fonctionnement. Ne pas fumer. Ne pas respirer les aérosols. Ne pas inhaler intentionnellement. Utiliser seulement dans des zones bien ventilées. Bienaérer après usage. Conserver hors de la portée des enfants. En cas d'ingestion consulter immédiatement un médecin et lui montrer l'emballage ou l'étiquette. Eviter le contact avec les yeux. En cas de contact avec les yeux, laver immédiatement et abondamment avec de l'eau et consulter un spécialiste., Agents cirants : 3,96% du poids total, cire d'abeille : 0,25% du poids total., A protéger contre les rayons solaires et à ne pas exposer à une température supérieure à 50°C.]|"
8,53€ / L"|"
2,56 €"
4797|Lingettes sols pour tous types de balais|Le paquet de 15 lingettes|[Origine : CHINE, Grâce à leur résistance et leur efficacité, ces lingettes sol nettoient et font briller vos surfaces en laissant une agréable odeur de frais., Pour tous types de balais. Décoller l'étiquette du sachet. Tirer la lingette. Bien refermer après utilisation. En cas de doute, faire un essai sur une petite surface avant utilisation. Nettoyer les surfaces lavables à l'aide d'une lingette. laisser agir sans rincer. Pour les surfaces en contact avec les denrées alimentaires, rincer à l'eau potable après utilisation. Lingettes à usage unique. Utilisation avec un balai brosse : étaler la lingette sur le sol et la pousser comme une serpillière classique. Conserver hors de la portée des enfants. En cas de contact avec les yeux, laver immédiatement et abondamment avec de l'eau et consulter un spécialiste. Eviter tout contact avec des denrées alimentaires. En cas d'ingestion, ne pas faire vomir :consulter immédiatement un médecin et lui montrer l'emballage ou l'étiquette. Eviter le contact avec une peau irritée ou une plaie. Ne pas utiliser sur les tapis, les tissus d'ameublement ou tout autre textile. Ne pas utilisé sur du parquet ciré. Ces lingettes ne sont pas destinées à l'hygiène corporelle. Se laver les mains après chaque utilisation. Ne pas jeter dans les toilettes., Contient entre autres composants : parfum, conservateur (methylisothiazolinone)., Bien refermer l'étiquette après utilisation, pour préserver l'efficacité des lingettes.]|"
4,00€ / Pce"|"
1,92 €"
4798|Ajax gel fraicheur citron|Le flacon de 500ml|[Origine : FRANCE, 1 seul produit pour nettoyer toute la maison ! Grâce à son concentré d'efficacité, le gel nettoyant multi-usages Ajax élimine facilement graisse tenace, calcaire et traces de toutes vos surfaces lavables, les laissant parfaitement propres., Pour la cuisine et la salle de bain : utilisez le produit pur sur une éponge ou directement sur la surface à nettoyer. Ne pas laisser agir le produit plus de 10 minutes. Rincez. Pour les sols : utilisez le produit dilué. Versez 30 ml, 3 pressions environ, dans un seau de 5 l d'eau. Pour les vitres et les miroirs : utilisez le produit dilué. Versez 10 ml, 1 pression environ, dans un seau de 5 l d'eau. Nettoyez et essuyez avec un chiffon sec. Pour la vaisselle : utilisez le produit pur sur une éponge ou dilué (pressez une fois) dans l'évier. Rincez à l'eau potable. Pour pré-détachage des tissus lavables : appliquez le gel directement sur la tache, laissez agir 10 minutes puis mettre dans la machine à laver avec votre lessive habituelle. Ne pas utiliser sur le marbre, la pierre calcaire, les vieilles baignoires en fonte ou l'émail endommagé et le écran de télévisions/ordinateurs. En cas de doute, faire d'abord l'essai sur une petite surface. Pour les surfaces en contact avec les denrées alimentaires, rincer à l'eau potable. Conserver hors de la portée des enfants. Eviter le contact avec les yeux. Après contact avec les yeux, rincer abondamment avec de l'eau. Ne pas mélanger à l'eau de javel : des gaz dangereux (chlore) peuvent se dégager.]|"
4,66€ / L"|"
2,39 €"
4808|Cif express sols citron|La bouteille de 750ml|[Origine : FRANCE, 3en1 : fini le seau et la préparation ! Nettoie vos surfaces, laisse un parfum agréable pour longtemps. Simple et rapide à utiliser. Idéal pour une nettoyage quotidien., Vaporisez Cif Express directement sur vos sols. Essuyez avec une éponge ou une serpillère humide. C'est out ! Pas besoins de rincer. Sèche rapidement. Pour les surfaces délicates, essayer d'abord sur une petite surface non-apparente. Ne pas utilisersur le marbre, le bois peint, le linoleum et l'aluminium.]|"
3,06€ / Pce"|"
2,30 €"
4818|Lingettes humides|Le paquet de 24|[Origine : FRANCE]|"
0,39€ / Pce"|"
9,33 €"
4824|Bougie droite blanche, 2,1x20cm|La bougie|[Origine : FRANCE, Durée de combustion : 8 heures., Ne pas laisser les bougies allumées à la portée des enfants.]|"
1,03€ / Pce"|"
1,03 €"
4827|Bougie parfumée aux huiles essentielles, anti-tabac|La boite de 1 pièce|[Origine : FRANCE, La bougie Air Wick anti tabac possède une double action : elle élimine les odeurs de tabac grâce à ses agents spécifiques et parfume l'air agréablement., Contient : butylphenyl methylpropional, citral benzylbenzoate., Une attention particulière est recommandée aux personnes présentant une sensibilité aux substances parfumantes lors de l'utilisation de ce produit. Utiliser des désodorisants ne dispense pas de suivre de bonnes pratiques d'hygiène. Lire et conserverles précautions d'emploi. Conserver hors de la portée des enfants. En cas d'ingestion, consulter immédiatement un médecin et lui montrer l'emballage ou l'étiquette. Ne jamais laisser brûler une bougie sans surveillance. Faire brûler la bougie hors de la portée des enfants et des animaux domestiques. Toujours laisser au moins 20 cm entre les bougies qui brûlent. Ne pas faire brûler de bougie sur ou à proximité d'un objet susceptible de prendre feu. Attention : le non respect des instructions d'usage peut entrainer des risques d'incendie, de blessure ou de bris de verre. Placer la bougie en position verticale sur une surface plane résistante à la chaleur, à l'écart de tout objet inflammable. Ne jamais placer la bougie dans des courants d'airou en plein soleil. Veiller à ne pas mettre d'objet étranger dans la bougie (allumettes ). Ne jamais utiliser sur des surfaces chaudes (ex télévision) ou sur des surfaces pouvant être abîmées par la chaleur. Ne jamais laisser la bougie brûler sans surveillance et pendant plus de 4 h de suite. Couper la mèche si sa longueur dépasse 1 cm, afin d'éviter toute fumée excessive. Ne jamais déplacer ou toucher une bougie allumée ou qui vient juste d'être éteinte, le verre peut être chaud, attendre que]|"
4,04€ / Pce"|"
4,04 €"
4828|Bougie anti-tabac|L'unit{|[Origine : FRANCE, Elimine les odeurs. Jusqu'à 30 heures., Conserver hors de la portée des enfants. Utiliser uniquement pour l'usage prévu et conformément au mode d'emploi. Le non-respect des précautions d'emploi peut entraîner des risques d'incendie ou de blessure. Une attention particulière est recommandée aux personnes présentant une sensibilité aux substances parfumantes lors de l'utilisation de ce produit. Utiliser des désodorisants ne dispense pas de suivre de bonnes pratiques d'hygiène., Contient : citronellol, salicylate de benzyle, octabenzone, 2-(4-ter-butylbenzyl) propionaldéhyde. Peut déclencher une réaction allergique.]|"
4,01€ / Pce"|"
4,01 €"
4831|Bougie Escapade à Bali|L'unité|[Origine : FRANCE]|"
35,50€ / Kg"|"
6,39 €"
4838|Photophore en verre droit, transparent|L'unité|[Origine : FRANCE]|"
2,58€ / Pce"|"
2,58 €"
4839|Super Glue Control|Le tube de 3g|[Origine : FRANCE]|"
6,44€ / Pce"|"
6,44 €"
4842|Superglue Power Flex|Le tube de 3g|[Origine : FRANCE]|"
7,47€ / Pce"|"
7,47 €"
4845|Super Glue Universal|Le tube de 3g|[Origine : FRANCE]|"
4,38€ / Pce"|"
4,38 €"
4848|Colle forte Repair Gel|Le tube de 8g|[Origine : FRANCE]|"
5,10€ / Pce"|"
5,10 €"
4849|Colle multi-usages|Le tube de 20g|[Origine : FRANCE]|"
3,04€ / Pce"|"
3,04 €"
4855|Joint prêt à poser, 12mm|Le rouleau de 3,5 mètres|[Origine : FRANCE]|"
22,56€ / Pce"|"
22,56 €"
4858|Recharges pour absorbeur d'humidité|Le pack de 4 recharges|[Origine : FRANCE]|"
27,30€ / Pce"|"
27,30 €"
