|Nom|Format|Description|Prix/QTE|Prix
0|Lait 1er âge, jusqu'à 6 mois, protéines adaptées, certifié AB|La boîte de 900g|[Origine : FRANCE, Le lait biologique 1er âge Babybio apporte en proportion adéquate : les éléments nutritionnels nécessaires à la croissance du nourrisson de la naissance à 6 mois, des protéines adaptées à l'immaturité de l'organisme du nourrisson., Lactosérum déminéralisé*, maltodextrine*, huile de palme*, lait écrémé*, huiles végétales de première pression à froid* (colza*, tournesol*), citrate de calcium, chlorure de calcium, vitamine C, phosphate disodique, lactate de fer, hydroxyde de potassium, hydroxyde de sodium, oxyde de magnésium, sulfate de zinc, vitamine E, niacine, acide pantothénique, sulfate de cuivre, vitamines A, B6, riboflavine, thiamine, acide folique, vitamine K1, iodure de potassium, biotine, vitamines D, B12. *ingrédients issus de l'agriculture biologique., Valeur énergétique en Joules :  2073Kj, Valeur énergétique en Kcal : 8665Kcal, Glucides : 60g, Lipides : 24g, Protides :10g, Veillez à bien refermer la boîte et à la conserver au sec jusqu'à 4 semaines maximum après ouverture.]|"
22,99€ / Kg"|"
20,69 €"
1|Lait 1er âge, jusqu'à 6 mois, protéines adaptées, certifié AB|La boîte de 900g|[Origine : FRANCE, Le lait biologique 1er âge Babybio apporte en proportion adéquate : les éléments nutritionnels nécessaires à la croissance du nourrisson de la naissance à 6 mois, des protéines adaptées à l'immaturité de l'organisme du nourrisson., Lactosérum déminéralisé*, maltodextrine*, huile de palme*, lait écrémé*, huiles végétales de première pression à froid* (colza*, tournesol*), citrate de calcium, chlorure de calcium, vitamine C, phosphate disodique, lactate de fer, hydroxyde de potassium, hydroxyde de sodium, oxyde de magnésium, sulfate de zinc, vitamine E, niacine, acide pantothénique, sulfate de cuivre, vitamines A, B6, riboflavine, thiamine, acide folique, vitamine K1, iodure de potassium, biotine, vitamines D, B12. *ingrédients issus de l'agriculture biologique., Valeur énergétique en Joules :  2073Kj, Valeur énergétique en Kcal : 8665Kcal, Glucides : 60g, Lipides : 24g, Protides :10g, Veillez à bien refermer la boîte et à la conserver au sec jusqu'à 4 semaines maximum après ouverture.]|"
22,99€ / Kg"|"
20,69 €"
2|Lait 1er âge en poudre, jusqu'à 4 mois|La boîte de 900g|[Origine : FRANCE, Par sa composition, Blédilait Confort Premium 1 couvre les besoins nutritionnels de bébé de la naissance jusqu'à 6 mois et favorise ainsi sa croissance harmonieuse et sans carence., Utilisez toujours 1 mesurette de poudre dans 30 ml d'eau. Lavez vous toujours les mains ainsi que votre plan de travail avant de préparer les biberons. Préparez le biberon juste avant le repas. Une fois préparé, il est recommandé de consommer le biberon dans la demi-heure. Versez la quantité d'eau froide nécessaire dans un biberon stérilisé. Utilisez la mesurette placée à l'intérieur de la boite. Agitez horizontalement pendant une dizaine de secondes. Puis agitez verticalement. Faites tiédir, puis agitez de nouveau le biberon. Contrôler la température à l'intérieur de votre poignet. Après la tétée, si votre bébé n'a pas tout bu, jetez le reste du biberon sans hésiter. Le lait maternel est l'aliment idéal du nourrisson. Toutefois, si vous nepouvez ou ne souhaitez pas allaiter, votre médecin vous conseillera un lait infantile adapté aux besoins nutritionnels de votre enfant dès la naissance. Ne changez pas ce lait sans demander l'avis de votre médecin., Lait écrémé, lactosérum partiellement déminéralisé, matières grasses végétales (palme, coprah, colza, tournesol), amidons (maïs, pomme de terre), maltodextrines, lactose, taurine, inositol, bifidobactéries, ferments lactiques, émulsifiant : lécithinede soja, antioxydant : extrait riche en tocophérols, vitamines : A, D3, E, C, B1, B2, PP, B6, ac folique, B12, biotine, pantothénate de calcium, K1, minéraux : citrates de calcium, de potassium, de sodium et de choline, chlorure de magnésium, phosphate de calcium, sulfates de fer, de zinc, de cuivre et de manganèse, bicarbonate de sodium, iodure de potassium., Une fois ouverte, la boîte peut se conserver au maximum 4 semaines bien refermée dans un endroit sec et frais. Conditionné sous atmosphère protectrice.]|"
20,26€ / Kg"|"
18,23 €"
3|Gallia calisma 2eme age|La boite de 3sachets de 400g  (1,2kg)|[Origine : FRANCE, Le Laboratoire Gallia a mis au point Calisma 2 au Pronutra+ pour contribuer au bon développement du système immunitaire de votre bébé de 6 à 12 mois, dans le cadre d'une alimentation diversifiée. Calisma 2 contient Pronutra+ notre association uniqued'ingrédients : des prébiotiques qui contribuent au développement d'une bonne flore intestinale. Des omégas 3 dont l'acide alpha-linolénique qui contribue au développement cérébral. Des vitamines A, C et D qui contribuent au bon fonctionnement du système immunitaire., Lactose (lait), huiles végétales (palme, colza, coprah, tournesol, mortierella alpina), maltodextrines, lait écrémé, protéines de lactosérum concentrées (lait), galacto-oligosaccharides (GOS) (lait), fructo-oligosaccharides (FOS), huile de poisson, chlorure de choline, taurine, émulsifiant : lécithine de soja, inositol, antioxydant : extrait riche en tocophérols, L-tryptophane, nucléotides, L-carnitine, vitamines : C, niacine, acide pantothénique, acide folique, A, E, biotine, B1, D3, B12, B6, B2, K1, minéraux : carbonate de calcium, citrate de potassium, chlorure de calcium, sulfate de fer, phosphate de calcium, chlorure de magnésium, sulfates de zinc, cuivre et manganèse, iodure de potassium, sélénite de sodium.]|"
15,52€ / Kg"|"
18,62 €"
4|Lait 1er âge, de 0 à 6 mois|La boîte de 900g|[Origine : FRANCE, Le Laboratoire Gallia a mis au point Galliagest 1, une formule ayant une consistance épaissie qui convient à lalimentation particulière du nourrisson de la naissance à 6 mois., Le dosage et la fréquence des biberons sont proposés à titre indicatif. Le corps médical pourra adapter le régime quotidien de votre bébé en fonction de ses besoins spécifiques. Utilisez toujours 1 mesurette de poudre dans 30 ml d'eau. Durant les 2 premières semaines de vie, se référer à l'avis médical. Préparer le biberon juste avant le repas. Pour préparer le biberon, utilisez exclusivement la mesurette contenu dans cette boîte. Une fois préparé, il est conseillé de consommer le biberon dans la demi-heure. Après la tétée, si votre bébé na pas tout bu, jetez le reste du biberon sans hésiter. Formule épaissie pouvant nécessiter lutilisation dune tétine adaptée. Le lait maternel est, pour chaque nourrisson, laliment idéal et naturel. Toutefois, si vous ne pouvez pas ou ne souhaitez pas allaiter, le corps médical vous conseillera une préparation infantile répondant aux besoins nutritionnels spécifiques de votre enfant. Ce produit convient à lalimentation de votre bébé, nen changezpas sans demander lavis de votre médecin., Lait ÍcrÍmÍ - lactosÍrum partiellement dÍminÍralisÍ (lait) - huiles vÍgÍtales (palme, colza, coprah,t o u r n e s o l , mo r t i e r e l l a alpina) - maltodextrines -amidons - Ímulsifiant : lÍcithine de soja - huile de poisson - nuclÍotides - taurine -bifidobactÍries - inositol -citrate de choline - ferments lactiques - antioxydant :extrait riche en tocophÍrols -Vitamines : C, niacine, K, D, A,acide pantothÍnique, B6, B12,B1, B2, acide folique, biotine -MinÍraux : citrates de calcium et de potassium, chlorures de potassium et de magnÍsium,sulfates de fer, de zinc, de cuivre et de manganÈse, iodure de potassium, sÍlÍnite de sodium., Valeur énergétique en Joules :  2055, Valeur énergétique en Kcal : 490, Glucides : 59.7, Lipides : 23.1, Protides :9.8, Avant ouverture, entreposez dans un endroit propre et sec. Une fois ouverte, la boîte peut se conserver au maximum 4 semaines, bien refermée, dans un endroit sec et frais. Conditionné sous atmosphèreprotectrice.]|"
22,64€ / Kg"|"
20,38 €"
5|Lait 1er âge, jusqu'à 6 mois|La boîte de 900g|[Origine : FRANCE, Le Laboratoire Gallia a mis au point Calisma 1 une formule quotidienne qui accompagne votre bébé de la naissance jusqu'à 6 mois, lorsqu'il n'est pas allaité, conformément à la réglementation. Calisma 1 contient une association d'ingrédients : des prébiotiques qui sont des fibres alimentaires de type FOS/GOS (Fructo-oligosaccharides et Galacto-Oligosaccharides). Des omégas 3 (DHA : acide docosahexaénoïque)., Lactosérum déminéralisé (lait), huiles végétales (palme, colza, coprah, tournesol, mortierella alpina), lactose (lait), lait écrémé, galacto-oligosaccharides (GOS) (lait), protéines de lactosérum concentrées (lait), fructo-oligosaccharides (GOS), huile de poisson, chlorure de choline, émulsifiant : lécithine de soja, taurine, nucléotides, antioxydant : extrait riche en tocophérols, inositol, L-tryptophane, vitamines : C, niacine, acide pantothénique, acide folique, A, E, biotine, B12, B1, D3, B6, K1, minéraux : carbonate de calcium, chlorure de potassium, citrate de potassium, chlorure de magnésium, citrate de sodium, sulfates de fer, de zinc, de cuivre et de manganèse, iodure de potassium, sélénite de sodium.]|"
20,34€ / Kg"|"
18,31 €"
6|Lait 1er âge, jusqu'à 6 mois|Les 3 sachets de 400g|[Origine : FRANCE, Le Laboratoire Gallia a mis au point Calisma 1 une formule quotidienne qui accompagne votre bébé de la naissance jusqu'à 6 mois, lorsqu'il n'est pas allaité, conformément à la réglementation. Calisma 1 contient une association d'ingrédients : des prébiotiques qui sont des fibres alimentaires de type FOS/GOS (Fructo-oligosaccharides et Galacto-Oligosaccharides). Des omégas 3 (DHA : acide docosahexaénoïque)., Lactosérum déminéralisé (lait), huiles végétales (palme, colza, coprah, tournesol, mortierella alpina), lactose (lait), lait écrémé, galacto-oligosaccharides (GOS) (lait), protéines de lactosérum concentrées (lait), fructo-oligosaccharides (FOS), huile de poisson, chlorure de choline, émulsifiant : lécithine de soja, taurine, nucléotides, antioxydant : extrait riche en tocophérols, inositol, L-tryptophane, vitamines : C, niacine, acide pantothénique, acide folique, A, E, biotine, B12, B1, D3, B6, K1, minéraux : carbonate de calcium, chlorure de potassium, citrate de potassium, chlorure de magnésium, citrate de sodium, sulfates de fer, de zinc, de cuivre et de manganèse, iodure de potassium, sélénite de sodium.]|"
18,16€ / Kg"|"
21,79 €"
7|Lait 1er âge Relais, jusqu'à 4 mois|La boîte de 900g|[Origine : FRANCE, Le Laboratoire Gallia a mis au point le lait infantile Gallia Calisma 1er âge. Il convient à l'alimentation particulière du nourrisson de la naissance à 6 mois quand il n'est pas allaité., Préparez le biberon juste avant le repas. Utilisez exclusivement la mesurette contenue dans cette boîte. Une fois préparé, il est recommandé de consommer le biberon dans la demi-heure. Versez la quantité d'eau froide nécessaire dans un biberon stérilisé. Utilisez la mesurette et ajoutez le nombre correspondant en vous aidant du bord araseur de la boîte pour enlever le surplus. Agitez horizontalement pendant une dizaine de secondes. Puis agitez verticalement pendant une dizaine de secondes. Contrôlez la température sur l'intérieur de votre poignet. Après la tétée, si votre bébé n'a pas tout bu, jetez le reste du biberon sans hésiter. Le lait maternel est l'aliment idéal du nourrisson. Toutefois, si vous ne pouvez ou ne souhaitez pas allaiter, votre médecin vous conseillera un lait infantile adapté aux besoins alimentaires de votre enfant dès la naissance. Ne changez pas ce lait infantile sans demander l'avis de votre médecin., Lait écrémé, lactose, matières grasses végétales (palme, coprah, colza, tournesol), maltodextrines, sérum partiellement déminéralisé, sirop de glucose, huiles de mortierella alpina et de poisson, protéines de lait, bifidobactéries, ferments lactiques, taurine, chlorhydrate de L-cystéine, nucléotides, L-tryptophane, inositol, émulsifiants : lécithine de soja, mono-diglycérides d'acides gras, antioxydant : extrait riche en tocophérols, vitamines : A, D3, E, C, B1, B2, PP, B6, acide folique, B12, biotine, pantothénate de calcium, K1, minéraux : citrates de calcium, de potassium, de sodium et de choline, chlorure de magnésium, phosphates de calcium et de potassium, sulfates de fer, de zinc, de cuivre et de manganèse, carbonate de sodium, iodurede potassium., Valeur énergétique en Joules :  296, Valeur énergétique en Kcal : 70,7, Glucides : 8,3, Lipides : 3,5, Protides :1,45, Une fois ouverte, la boîte peut se conserver au maximum 4 semaines bien refermée dans un endroit sec et frais. Conditionné sous atmosphère protectrice.]|"
22,00€ / Kg"|"
19,80 €"
8|Guigoz 1  des la naissance omega 3|La boite de 820g|[Origine : FRANCE, Les laboratoires Guigoz ont mis au point Guigoz 1, une formule qui convient à l'alimentation particulière du nourrisson, dès la naissance quand il n'est pas allaité. Cette formule contient du DHA* de la famille des Oméga 3. * : Acide docosahesaénoïque, acide gras polyinsaturé à chaîne longue de la famille des Oméga 3,, Ingrédients: LAIT écrémé, LACTOSE, huile végétales (oléine de palme, colza, coprah, tournesol), protéines solubles de LAIT, citrates de potassium, de calcium et de sodium, émulsifiant : lécithine de SOJA, chlorures de magnésium et de sodium, maltodextrine, huile de POISSON, L-phénylalanine, huile de Mortierella alpina, phosphate de calcium, vitamines : C, E, niacine, pantothenate de calcium, A, B1, B6, B2, D, K, B9, B12, biotine, sulfates ferreux de zinc, de cuivre et de manganèse, taurine, L-histidine, inositol, antioxydants : palmitate de L-ascorbyle et extrait riche en tocophérols, culture de Lactobacillus reuteri DSM 17938*, L-carnitine, iodure de potassium, sélénate de sodium. *sous licence Biogaia AB.]|"
21,09€ / Pce"|"
17,29 €"
9|Guigoz formule epaissie 1|La boite de 820g|[Origine : FRANCE, Les Laboratoires Guigoz ont mis au point Guigoz Epaissie 1, une formule qui convient à l'alimentation particulière du nourisson, dès la naissance quand il n'est pas allaité., Ingrédients : LAIT écrémé, LACTOSE, huiles végétales (oléine de palme, colza, coprah, tournesol), protéines solubles de LAIT, amidons, citrates de calcium, de potassium, de sodium -  émulsifiant : lécithine de SOJA, chlorures de magnésium et de sodium, maltodextrine, L-phénylalanine, phosphate de calcium, vitamines : C, E, niacine, pantothenate de calcium, A, B1, B6, B2, D3, K1, B9, B12, biotine -  sulfates ferreux, de zinc, de cuivre et de manganèse, taurine, L-histidine, inositol, antioxydant: palmitate de L-ascorbyle, culture de lactobacillus reuteri DSM 17938*  L-carnitine, iodure de potassium, sélénate de sodium. *Sous licence Biogaia AB.]|"
23,15€ / Kg"|"
18,98 €"
10|Lait 1er âge, pour nourrissons jusqu'à 6 mois, en relais de l'allaitement maternelle|La boîte de 800g|[Origine : FRANCE, Les Laboratoires Guigoz ont mis au point Guigoz Evolia Relais 1, une formule qui répond aux besoins spécifiques des nourrissons en relais de l'allaitement maternel. Elle convient à l'alimentation particulière du nourrisson, dès la naissance quand iln'est pas allaité. Cette formule contient du DHA de la famille des Oméga 3 et des FOS/GOS (Fructo-oligosaccharides et galacto-oligosaccharides)., Ingrédients : LAIT écrémé, LACTOSE, huiles végétales (oléine de palme, colza, coprah, tournesol), protéines solubles de LAIT, galacto-oligosaccharides 3%, citrates de potassium, de calcium et de sodium, émulsifiant : lécithine de SOJA, chlorures de magnésium et de sodium, maltodextrine, fructo-oligosaccharides 0,16%, huile de POISSON, L-phénylalanine, huile de Mortierella alpina, phosphate de calcium, vitamines : C, E, niacine, pantothénate de calcium, A, B1, B6, B2, D, K, B9, B12, biotine - sulfates ferreux, de zinc, de cuivre, de manganèse -  taurine, L-histidine, inositol, antioxydants : palmitate de L-ascorbyle, extrait riche en tocophérols - culture de Lactobacillus Reuteri DSM 17938*, L-carnitine, iodure de potassium, sélénate de sodium. *sous licence Biogaia AB.]|"
22,85€ / Kg"|"
18,28 €"
11|Lait de suite en poudre, 6 mois à 1 an|Le pot de 800g|[Origine : FRANCE, Guigoz 'bAa' 2 est une formule légèrement acidifiée par des ferments lactiques, ce qui entraîne une augmentation de la fréquence et un ramollissement des selles du nourrisson., Dosage à respecter impérativement : 1 mesurette arasée (4,5 g) dans 30 ml d'eau. Utilisez exclusivement la mesurette contenue dans la boîte. Préparer un seul biberon à la fois et donnez-le immédiatement à votre bébé. Afin d'éviter la formation de grumeaux, reconstituez le biberon avec de l'eau tiède (<40°C) et préférez un biberon à large diamètre et une tétine à débit variable convenant à une formule épaissie. Utilisez exclusivement la mesurette contenue dans la boîte. Lavez-vous soigneusement les mains. Stérilisez le biberon, tétine et la bague. Chauffez l'eau au bain-marie ou au chauffe biberon le volume d'eau exact. Ajouter le nombre exact de mesurette correspondant au volume d'eau. Arasez chaque mesurette sur le rebord. Après utilisation déposez la mesurette sur son support dans la boîte. Fermez le biberon avec la bague et la tétine stérilisées. Secouez énergiquement de haut en bas lors de la reconstitution jusqu'à dissolution complète de la poudre. Contrôlez la température sur ledos de la main. Veillez à toujours bien tenir votre bébé pendant qu'il prend son biberon pour éviter le risque d'étouffement. Le lait reconstitué est un milieu fragile qui peut facilement s'altérer : utilisez une eau minérale ou une eau de source convenant aux nourrissons. Nous vous déconseillons l'emploi du four à micro-ondes en raison du risque de brûlures. Jetez sans hésiter le reste d'un biberon non terminé. La préparation du biberon doit s'effectuer juste avant le repas. Le lait maternel es, Ingrédients: Huiles végétales (oléine de palme, colza, coprah, tournesol), LAIT écrémé, maltodextrine, protéines solubles de LAIT, LACTOSE, amidons, citrates de calcium et de sodium, phosphate de calcium, émulsifiant : lécithine de SOJA -  chlorure de potassium, vitamines : C, E, niacine, pantothénate de calcium, B1, A, B6, B2, B9, K1, biotine, D, carbonate de magnésium, taurine, sulfates ferreux, de zinc, de cuivre, inositol, culture de Lactobacillus reuteri DSM 17938*, L-carnitine, iodure de potassium, sélénate de sodium, acidifiant : ferments lactiques (S. Thermophilus). *sous licence Biogaia AB., Conservez la boite bien fermée à laide de son couvercle en plastique dans un endroit sec et frais, pas plus de 3 semaines après ouverture. Conditionné sous atmosphère protectrice.]|"
18,34€ / Kg"|"
14,67 €"
12|Lait pour nourrissons en poudre, de 0 à 6 mois|Le pot de 800g|[Origine : FRANCE, Nouveau Décor, Formule inchangée                                          Pourquoi GUIGOZ 1  Formule bAa ?                                          Dans les premiers mois de sa vie, l'alimentation de votre bébé est exclusivement lactée.Les Laboratoires GUIGOZ® ont mis au point GUIGOZ 1 Formule bAa, une formule qui convient à l'alimentation particulière du nourrisson, dès la naissance quand il n'est pas allaité*. Parlez en à votre médecin.                *Conformément à la réglementation, Précautions d'emploi:                                                         Afin d'éviter la formation de grumeaux, reconstituez le biberon avec de l'eau tiède (<40°C), préférez un biberon à large diamètre et une tétine à débit variable convenant àune formule épaissie.                                           Pour tiédir l'eau, nous vous déconseillons l'emploi du four à micro-ondes en raison du risque de brûlures: faites tiédir le biberon au bain-marie dans une casserole ou dans un chauffe-biberon.                                             Contrôlez la température sur la face interne de votre avant-bras               Veillez à toujours bien tenir votre bébé pendant qu'il prend son biberon, pour éviter tout risque d'étouffement.La formule légèrement acidifiée de Guigoz BAa1  peut entraîner une augmentation de la fréquence et un ramolissment des selles. Parlez-en à votre médecin., Ingrédients: Huiles végétales (oléine de palme, colza, coprah, tournesol), protéines solubles de LAIT, LACTOSE, LAIT écrémé, amidons, maltodextrine, citrates de calcium et de potassium - émulsifiant : lécithine de SOJA, chlorures de magnésium, de sodium, de calcium, vitamines : C, niacine, pantothénate de calcium, E, A, B1, B6, B2, B9, K1, biotine, D -  L-phénylalanine, taurine, sulfates ferreux, de zinc, de cuivre, de manganèse, L-histidine, inositol, culture de lactobacillus reuteri DSM 17938*, L-carnitine, iodure de potassium, sélénate de sodium, acidifiant : ferments lactiques (S. Thermophilus). *sous licence Biogaia AB., Conservez la boite bien fermée à laide de son couvercle en plastique dans un endroit sec et frais, pas plus de 3 semaines après ouverture.]|"
21,93€ / Kg"|"
17,54 €"
13|Lait 1er âge en poudre jusqu'à 6 mois, sans huile de palme|La boîte de 900g|[Origine : FRANCE, Milumel 1er âge accompagne Bébé dans sa croissance. Grâce à son savoir-faire, Milumel a développé une formule qui respecte rigoureusement la réglémentation et répond aux besoins nutritionnels des bébés. De la naissance à 6 mois, Milumel apporte les éléments indispensables à la croissance de Bébé : fer, vitamines et acides gras essentiels.                              Caractéristiques de la formule Milumel 1er âge : Sans huile de palme, grâce à l'ajout de lipides laitiers.Aux nutriments essentiels, avec du fer, des vitamines et des acides gras essentiels (1).                                                            Produits en France, les laits infantiles en poudre Milumel sont fabriqués dans notreusine de Craon en Mayenne (53).                                                                                                          (1) Conformément à la réglementation., Une fois reconstitué le lait devient un milieu fragile, il est donc important de ne pas conserver ni réutiliser le lait restant d'un biberon non terminé.    Le jeter sans hésiter. N'utiliser que la mesurette contenue dans cette boîte.  Ne jamais remettre une mesurette humide dans la poudre., Lactose, maltodextrine, crème, huiles végétales (colza, tournesol, tournesol oléique), lait écrémé, protéines solubles de lait, minéraux (citrate tripotassique, phosphate tricalcique, carbonate de calcium, phosphate de magnésium, citrate trisodique,hydroxyde de potassium, chlorure de potassium, sulfate de zinc,sulfate ferreux, sélénite de sodium, iodure de potassium, sulfate de manganèse), émulsifiant (lécithine de soja), vitamines (C, PP, B5, A, K, B2, B6, B1, E, D, B9, H, B12), chlorure de choline, taurine, antioxygènes (palmitate d'ascorbyle, tocophérols), inositol, L-carnitine, ferments lactiques (Lactobacillus fermentum CECT 5716)., Valeur énergétique en Kcal : 66kcal, Glucides : 8,1g, Lipides : 3,1g, Protides :1,3g, Après chaque utilisation, bien refermer la boîte avec le couvercle. Conserver au frais et au sec. Utiliser le contenu dans les 4 semaines après ouverture.]|"
19,11€ / Kg"|"
17,20 €"
14|Lait 1er âge, jusqu'à 6 mois|La boîte de 900g|[Origine : FRANCE, Modilac 1 a été spécialement élaboré pour répondre aux besoins nutritionnels des nourrissons dès la naissance ou en relais de l'allaitement maternel.Sa formule contient des Oméga 3 et 6, lipides présents dans le lait maternel., 1 mesurette = 30ml d'eau. Préparez le biberon immédiatement avant emploi. Une fois préparé, il est recommandé de le consommer dans l'heure. Versez dans le biberon la quantité d'eau nécessaire. Pour une meilleure reconstitution, l'eau doit être tiède(environ 40-45°C) avant ajout de la poudre. Remplissez de poudre la mesurette présente dans la boite, puis arasez la sur le rebord de la boite prévu à cet effet. Ajoutez le nombre correspondant de mesurettes rases de poudre dans l'eau en respectant bien la proportion. Bouchez le biberon et, pour faciliter la dissolution, roulez le entre vos mains puis agitez le vigoureusement. Avant de donner le biberon, contrôlez la température du lait en versant quelques gouttes sur votre poignet. Jetez le reste d'un biberon non terminé, ne le réutilisez pas. Le lait maternel est l'aliment idéal du nourrisson. Modilac 1 peut le compléter ou le remplacer si vous n'allaitez pas. Modilac 1 répond aux besoins du nourrisson jusqu'à 6 mois. Suivez les conseilsde votre médecin pour l'utilisation d'un lait infantile et pour l'alimentation de votre bébé., Lait écrémé, huiles végétales (palme, tournesol oléique, soja, coprah) dont acides gras polyinsaturés à longue chaîne (ARA, DHA), lactose, maltodextrine, protéines solubles déminéralisées, protéines solubles, émulsifiants (lécithine de soja, monoglycérides d'acides gras), citrate de sodium, carbonate de calcium, bicarbonate de potassium, chlorure de potassium, L-arginine, chlorure de calcium, vitamine C, hydroxyde de calcium, chlorure de magnésium, taurine, L-histidine, inositol, chlorure de choline, sulfate de fer, L-carnitine, antioxygènes (extrait riche en tocophérols, palmitate de L-ascorbyle), sulfate de zinc, cytidine-5' monophosphate, vitamine E, niacine, uridine-5' monophosphate de sodium, adénosine-5' monophosphate, pantothénate decalcium, inosine-5' monophosphate de sodium, guanosine-5' monophosphate de sodium, thiamine, vitamine A, sulfate de cuivre, riboflavine, vitamine B6, sulfate de manganèse, acide folique, iodure de potassium, vitamine K, bêta-carotène, biotine, sélénite de sodium, vitamine D, vitamine B12., Valeur énergétique en Joules :  2132kj, Valeur énergétique en Kcal : 510,0kc, Glucides : 58g, Lipides : 26g, Protides :9,5g, Avant ouverture, conservez la boite à l'abri d'une source de chaleur. Après ouverture, fermez la boite et conservez la dans un endroit frais et sec. Utilisez la poudre dans un délai de 4 semaines. Conditionné sous atmosphère protectrice.]|"
22,88€ / Kg"|"
20,59 €"
15|Lait 1er âge, jusqu'à 6 mois, formule epaissie|La boîte de 800g|[Origine : FRANCE, Formule épaissie à utiliser avec une tétine à débit variable., Ingrédients : LAIT écrémé, LACTOSE, huiles végétales (oléine de palme, colza, coprah et tournesol), protéines solubles de LAIT, amidons, citrates de calcium, de potassium et de sodium, émulsifiant : lécithine de SOJA, chlorures de magnésium et de sodium, L-phénylalanine, vitamines : C, E, niacine, pantothénate de calcium, A, B1, B6, B2, D3, K1, acide folique, B12, biotine, phosphate de calcium, sulfates ferreux, de zinc, de cuivre et de manganèse, taurine, L-histidine, inositol, antioxydant : palmitate de L-ascorbyle, culture de bifidus (B. Lactis), L-carnitine, iodure de potassium, sélénate de sodium.]|"
21,60€ / Kg"|"
17,28 €"
16|Lait 1er âge, jusqu'à 6 mois, oméga 3|La boîte de 800g|[Origine : FRANCE, Cette formule contient du DHA, acide gras polyinsaturé à chaîne longue de la famille des Oméga 3., Ingrédients: LACTOSERUM, LAIT écrémé, huiles végétales (oléine de palme, colza, coprah et tournesol), protéines solubles de LAIT, LACTOSE, maltodextrine, citrates de calcium et de potassium, chlorures de magnésium, de potassium et de sodium -  hydroxydes de potassium et de calcium, huile de POISSON, émulsifiant : lécithine de SOJA - correcteur d'acidité : acide citrique, huile de Mortierella alpina, L-Phénylalanine, phosphates de sodium, vitamines : C, E, niacine, pantothénate de calcium, A, B1,B6, D3, K1, B2, acide folique, B12, biotine -  sulfates ferreux, de zinc, de cuivre et de manganèse - taurine, L-histidine, inositol, antioxydants : palmitate de L-ascorbye et extrait riche en tocophérols - culture de bifidus (B.lactis), nucléotides, L-carnitine, sélénate de sodium, iodure de potassium.]|"
21,11€ / Kg"|"
16,89 €"
17|Lait 1er âge en relais de l'allaitement maternel, jusqu'à 6 mois|La boîte de 800g|[Origine : FRANCE, Pratique et hygiénique, une mesurette spécialement conçue pour la formule Nidal Relais 1 est présente à l'ouverture dans un compartiment séparé.Nidal Relais 1 convient à l'alimentation particulière des nourrissons dès leur naissance quand ils ne sontpas allaités au sein., Ingrédients : Protéines solubles de lait, lait écrémé, huiles végétales, lactose, citrates de calcium et de potassium, chlorures de magnésium, de potassium et de sodium, hydroxydes de potassium et calcium, émulsifiant : lécithine de soja - acidifiant: acide citrique - L-phénylalanine, phosphate de sodium, vitamines : C, E, niacine, pantothénate de calcium, A, B1, B6, D, K1, B2, B9, B12, biotine - taurine, sulfates de fer, de zinc, de cuivre et de manganèse, L-histidine, inositol, antioxydant :palmitate d'ascorbyle - nucléotides, L-carnitine, sélénate de sodium, iodure de potassium.]|"
23,13€ / Kg"|"
18,50 €"
18|Lait 2ème âge, dès 5 mois, certifié AB|La boîte de 900g|[Origine : FRANCE, Une composition nutritionnelle avancée : à partir du 5ème mois, le lait reste l'aliment liquide essentielle du nourrisson. Babybio 2ème âge permet, en complément d'une alimentation diversifiée de couvrir, les besoins nutritionnels les plus exigeantsde cette tranche d'âge. Le lait de vache n'est pas adapté aux besoins spécifiques de l'enfant en bas âge, il est donc conseillé de poursuivre Babybio 2ème âge jusqu'à 3 ans. Il apporte du fer, du calcium, un apport équilibré en acides gras essentiels, des protéines en quantité étudiée., Maltodextrines*, lait écrémé*, lactosérum déminéralisé*, huiles végétales de 1ère pression à froid* (olive*, colza*, tournesol*), huile de palme*, phosphate tricalcique, carbonate de calcium, phosphate dipotassique, chlorure de magnésium, citrate desodium, chlorure de potassium, vitamine C, lactate de fer, oxyde de magnésium, hydroxyde de potassium, sulfate de zinc, vitamine E, sulfate de cuivre, vitamine A, iodure de potassium, vitamine D. *ingrédients d'origine agricole issus de l'agriculturebiologique., Valeur énergétique en Joules :  2033Kj, Valeur énergétique en Kcal : 8498Kcal, Glucides : 58,26g, Lipides : 22,74g, Protides :12g, Veillez à bien refermer la boîte et à la conserver au sec jusqu'à 4 semaines maximum après ouverture.]|"
20,66€ / Kg"|"
18,59 €"
19|Lait 2ème âge, dès 5 mois, certifié AB|La boîte de 900g|[Origine : FRANCE, Une composition nutritionnelle avancée : à partir du 5ème mois, le lait reste l'aliment liquide essentielle du nourrisson. Babybio 2ème âge permet, en complément d'une alimentation diversifiée de couvrir, les besoins nutritionnels les plus exigeantsde cette tranche d'âge. Le lait de vache n'est pas adapté aux besoins spécifiques de l'enfant en bas âge, il est donc conseillé de poursuivre Babybio 2ème âge jusqu'à 3 ans. Il apporte du fer, du calcium, un apport équilibré en acides gras essentiels, des protéines en quantité étudiée., Maltodextrines*, lait écrémé*, lactosérum déminéralisé*, huiles végétales de 1ère pression à froid* (olive*, colza*, tournesol*), huile de palme*, phosphate tricalcique, carbonate de calcium, phosphate dipotassique, chlorure de magnésium, citrate desodium, chlorure de potassium, vitamine C, lactate de fer, oxyde de magnésium, hydroxyde de potassium, sulfate de zinc, vitamine E, sulfate de cuivre, vitamine A, iodure de potassium, vitamine D. *ingrédients d'origine agricole issus de l'agriculturebiologique., Valeur énergétique en Joules :  2033Kj, Valeur énergétique en Kcal : 8498Kcal, Glucides : 58,26g, Lipides : 22,74g, Protides :12g, Veillez à bien refermer la boîte et à la conserver au sec jusqu'à 4 semaines maximum après ouverture.]|"
20,66€ / Kg"|"
18,59 €"
20|Bledilait 1er age des la naissance jusqu'à 6 mois|La boite de 900g|[Origine : FRANCE, Mis au point par Blédina Blédilait 1 convient à l'alimentation particulière des nourrissons dès la naissance et jusqu'à 6 mois, conformément à la réglementation., Le dosage et la fréquence des biberons sont proposés à titre indicatif. Le corps médical pourra adapter le régime quotidien de votre bébé en fonction de ses besoins spécifiques. Lavez-vous toujours les mains ainsi que votre plan de travail avant de préparer le biberon. Bien respecter les instructions suivantes afin d'éviter des risques pour la santé de votre bébé. Préparer le biberon juste avant le repas. Utilisez exclusivement la mesurette contenue dans cette boite. Une fois préparé, il est recommandé de consommer le biberon dans la demi-heure. Après la tétée, si votre bébé n'a pas tout bu, jetez le reste du biberon sans hésiter. Blédilait 1, par sa formulation peut entraîner une modification de la fréquence et de l'aspect des selles, sansqu'il faille s'en inquiéter. Pour tout nouveau changement de préparation infantile, nous vous recommandons d'effecteur une transition progressive en introduisant chaque jour un biberon de la nouvelle formule. Le lait maternel reste l'aliment idéal du nourrisson. Toutefois, si vous ne pouvez pas ou ne souhaitez pas allaiter, votre médecin vous conseillera un lait pour nourrissons répondant aux besoins nutritionnels spécifiques de votre enfant. Ce lait pour nourrisson convient à l'alimentation devotre enfant dès la naissance s'il n'est pas allaité. N'en changez pas sans demander l'avis de votre médecin., LactosÍrum dÍminÍralisÍ - huiles vÍgÍtales (palme, colza, coprah, tournesol, mortierella alpina) - lactose - lait ÍcrÍmÍ - galacto-oligosaccharides - protÍines de lactosÍrum concentrÍes - fructo-oligosaccharides - carbonate de calcium - huile de poisson - chlorure de potassium - citrate de potassium - vitamine C - chlorures de magnÍsium et de choline - Ímulsifiant : lÍcithine de soja - taurine - citrate de sodium - nuclÍotides - sulfate de fer - antioxydant : extrait riche en tocophÍrols - sulfate de zinc - inositol - niacine - L-tryptophane - acide pantothÍnique - acide folique - sulfate de cuivre - vitamines : A, E, biotine, B12, B1, D3, B6 - sulfate de manganÈse - iodure de potassium - sÍlÍnite de sodium -vitamine K1., Valeur énergétique en Joules :  2025, Valeur énergétique en Kcal : 483, Glucides : 54, Lipides : 24.5, Protides :9.7, Une fois ouverte, la boite peut se conserver au maximum 4 semaines, bien refermée dans un endroit sec et frais. Conditionné sous atmosphère protectrice.]|"
19,30€ / Kg"|"
17,37 €"
21|Bledilait 2eme age  des 6 mois jusqu'à 1 an|La boite de 900g|[Origine : FRANCE, Blédilait 2 a été formulé pour répondre aux besoins nutritionnels des bébés de 6 mois à 1 an dans le cadre d'une alimentation diversifiée, conformément à la réglementation., Le dosage et la fréquence des biberons sont proposés à titre indicatif. Le corps médical pourra adapter le régime quotidien de votre bébé en fonction de ses besoins spécifiques. Lavez-vous toujours les mains ainsi que votre plan de travail avant de préparer le biberon. Bien respecter les instructions suivantes afin d'éviter des risques pour la santé de votre bébé. Préparer le biberon juste avant le repas. Utilisez exclusivement la mesurette contenue dans cette boite. Une fois préparé, il est recommandé de consommer le biberon dans la demi-heure. Après la tétée, si votre bébé n'a pas tout bu, jetez le reste du biberon sans hésiter. Blédilait 2, par sa formulation peut entraîner une modification de la fréquence et de l'aspect des selles, sansqu'il faille s'en inquiéter. Pour tout nouveau changement de préparation infantile, nous vous recommandons d'effecteur une transition progressive en introduisant chaque jour un biberon de la nouvelle formule. Le lait maternel, aliment exclusif des premières semaines de vie, reste l'aliment de base du jeune enfant lorsque son régime de diversifie. Les impératifs nutritionnels de la croissance du nourrisson font conseiller dès 6 mois et jusqu'à l'âge d'un an l'utilisation d'un lait de suite spécialement étudié pour cette période de la vie. Le lait de suite, qui n'est qu'un élément d'une alimentation diversifiée, ne peut être utilisé comme substitut de lait maternel pendant les 6 premiers mois de la vie. La décision d'introduire des aliments, Lactose - lait ÍcrÍmÍ - huiles vÍgÍtales (palme, colza, coprah, tournesol) - galacto-oligosaccharides - fructooligosaccharides - carbonate de calcium - chlorure de potassium - vitamine C - chlorure de choline - taurine - Ímulsifiant : lÍcithine de soja - nuclÍotides - sulfate de fer - L-tryptophane - inositol - antioxydant : extrait riche en tocophÍrols - L-isoleucine - sulfate de zinc - L-cystÍine - niacine - L-carnitine - acide pantothÍnique - acide folique - sulfate de cuivre - vitamines : A,E, biotine, B1, D3, B12, B6 - sulfate de manganÈse - iodure de potassium - vitamine K1 - sÍlÍnite de sodium., Valeur énergétique en Joules :  1950, Valeur énergétique en Kcal : 465, Glucides : 59, Lipides : 20.5, Protides :9.3, Une fois ouverte, la boite peut se conserver au maximum 4 semaines, bien refermée dans un endroit sec et frais. Conditionné sous atmosphère protectrice.]|"
15,42€ / Kg"|"
13,88 €"
22|Blédilait confort Premium 6mois à 1an|La boite de 900g|[Origine : FRANCE, Blédilait Premium 2 a été conçu pour contribuer au confort digestif de votre enfant, grâce à sa formule contenant de la lactase et à sa consistance épaissie avec de l'amidon., Utilisez toujours 1 mesurette de poudre dans 30ml d'eau. Lavez vous toujours les mains ainsi que votre plan de travail avant de préparer les biberons. Versez la quantité d'eau froide nécessaire dans un biberon stérilisé. Utilisez la mesurette placéeà l'intérieur de la boîte. Ajoutez le nombre correspondant de mesurettes en vous aidant du bord araseur de la boite pour enlever le surplus. Visser la bague en plastique, agitez horizontalement pendant une dizaine de secondes. Puis agitez verticalement. Contrôlez la température de la préparation à l'intérieur de votre poignet. Après avoir donné le biberon, nettoyez le à l'eau savonneuse ainsi que les accessoires. Rincez le tout abondamment à l'eau claire puis stérilisez l'ensemble. Préparez le biberon juste avant le repas. Une fois préparé, il est recommandé de consommer le biberon dans la demi-heure. Après la tétée si votre bébé n'a pas tout bu, jetez le reste du biberon sans hésiter. Le lait maternel, aliment exclusif des premières semaines de vie, reste l'aliment de base du jeune enfant lorsque son régime se diversifie. Les impératifs nutritionnels de la croissance du nourrisson font conseiller dès 6 mois et jusqu'à l'âge d'un an l'utilisation d'un lait de suite spécialement étudiépour cette période de la vie. Le lait de suite, qui n'est qu'un élément d'une alimentation diversifiée, ne peut être utilisé comme substitut de lait maternel pendant les 6 premiers mois de la vie. La décision d'introduire des aliments complémentaires, Lait écrémé, maltodextrines, matières grasses végétales (palme, coprah, colza, tournesol), lactose, lactosérum partiellement déminéralisé, amidons (maïs, pomme de terre), taurine, inositol, bifidobactéries, ferments lactiques, émulsifiant : lécithines de soja, antioxydant : extrait riche en tocophérols, vitamines : A, D3, E, C, B1, B2, PP, B6, acide folique, B12, biotine, pantothénate de calcium, K1, minéraux : citrates de calcium, de magnésium, de potassium, de sodium et de choline, chlorures de magnésium et de potassium, phosphate de calcium, sulfates de fer, de zinc, de cuivre et de manganèse, bicarbonates de sodium et de potassium, iodure de potassium., Valeur énergétique en Joules :  1969kj, Valeur énergétique en Kcal : 469kcal, Glucides : 63,8, Lipides : 18,8, Protides :11,1g, Une fois ouverte, la boite peut se conserver au maximum 4 semaines bien refermée dans un endroit sec et frais. Conditionné sous atmosphère protectrice.]|"
17,27€ / Kg"|"
15,54 €"
23|Lait 2e âge|La bouteille de 500ml|[Origine : FRANCE, Blédilait est le seul lait 2ème âge au vitafer : une association exclusive de fer et de vitamine C dans une microcapsule, pour une meilleure absorption de fer. Pratique prêt à l'emploi., Agitez bien la bouteille avant ouverture, versez le lait infantile dans le biberon stérilisé, selon les volumes indiqués : 6-9 mois = 230ml (3 biberons par 24h), 9-12 mois : 250ml (2 biberons par 24h). Donnez à température ambiante ou faites tiédir si le lait infantile a été conservé au réfrigérateur. Une fois préparé, il est recommandé de consommer le biberon dans la demi-heure. Après le repas, jetez sans hésiter le reste d'un biberon non terminé. Blédilait 2ème âge formule liquide est prêt à l'emploi : ne pas ajouter d'eau, ne pas faire bouillir, peut être réchauffer au micro-ondes dans un récipient adapté. Le lait maternel reste l'aliment de base même lorsque le régime alimentaire se diversifie. Les impératifs nutritionnels de la croissance du nourrisson font conseiller jusqu'à l'âge de 1 an l'utilisation de lait 2ème âge, spécialement étudié pour cette période de la vie. Le lait de suite ne peut pas être utilisé comme un substitut du lait maternel pendant les 6 premiers mois de lavie. La décision d'introduire des aliments complémentaires, en particulier avant l'âge de 6 mois, ne devrait être prise que sur avis d'un professionnel de la santé., Lait écrémé, matières grasses végétales (palme, colza, coprah, tournesol), maltodextrines, lactosérum partiellement déminéralisé, lactose, phospholipides de soja, émulsifiants : lécithine de soja, monodiglycérides de colza, antioxydant : extrait riche en tocophérols, vitamines A, D3, E, C, B1, B2, PP, B6, acide folique, B12, biotine, pantothénate de calcium, K1, minéraux : citrates de calcium, de magnésium et de sodium, phosphate de calcium, sulfates de fer, de zinc, de cuivre et de manganèse, bicarbonate de sodium, iodure de potassium., Avant ouverture, conserver à température ambiante. Après ouverture, conserver au réfrigérateur et consommer dans les 48 heures. Conditionné sous atmosphère protectrice.]|"
3,36€ / L"|"
1,68 €"
24|Lait 2ème âge, de 6 à 12 mois, en relais de l'allaitement maternel|La boîte de 900g|[Origine : FRANCE, Blédilait Relais 2ème âge garantit ainsi à votre bébé une croissance harmonieuse et sans carences jusqu'à 1 an., Préparez le biberon juste avant le repas. Utilisez exclusivement la mesurette contenue dans cette boîte. Une fois préparé, il est recommandé de consommer le biberon dans la demi-heure. Versez la quantité d'eau froide nécessaire dans un biberon stérilisé. Utilisez la mesurette et ajoutez le nombre correspondant en vous aidant du bord araseur de la boîte pour enlever le surplus. Agitez horizontalement pendant une dizaine de secondes. Puis agitez verticalement pendant une dizaine de secondes. Contrôlez la température sur l'intérieur de votre poignet. Après la tétée, si votre bébé n'a pas tout bu, jetez le reste du biberon sans hésiter., Lait écrémé, maltodextrines, matières grasses végétales (palme, coprah, colza, tournesol), lactose, lactosérum partiellement déminéralisé, protéines de sérum hydrolysées, taurine, inositol, ferments lactiques, bifidobactéries, émulsifiant : lécithinede soja, antioxydant : extrait riche en tocophérols, vitamines : A, D3, E, C, B1, B2, PP, B6, acide folique, B12, biotine, pantothénate de calcium, K1, minéraux : citrates de calcium, magnésium, potassium, sodium et choline, chlorures de magnésium et potassium, phosphate de calcium, sulfates de fer, zinc, cuivre et manganèse, diphosphate ferrique, bicarbonates de sodium et potassium, iodure de potassium., Valeur énergétique en Joules :  2043, Valeur énergétique en Kcal : 487, Glucides : 63g, Lipides : 22g, Protides :10,3g, Une fois ouverte, la boîte peut se conserver au maximum 4 semaines bien refermée dans un endroit sec et frais. Conditionné sous atmosphère protectrice.]|"
18,11€ / Kg"|"
16,30 €"
25|Lait 2ème âge, de 5 à 12 mois|La boîte de 900g|[Origine : FRANCE, Le laboratoire Gallia a mis au point Gallia Calisma 2ème âge. Parce que ses bienfaits s'inspirent de ceux du lait maternel, ce lait a été conçu pour prendre le relais de l'allaitement maternel.Elaboré à partir de deux ferments lactiques rigoureusement sélectionnés par la recherche Gallia, le lait Gallia Calisma 2ème âge a été formulé pour répondre aux besoins nutritionnels des bébés de 6 mois à 1 an., Préparez le biberon juste avant le repas. Utilisez exclusivement la mesurette contenue dans cette boîte. Une fois préparé, il est recommandé de consommer le biberon dans la demi-heure. Versez la quantité d'eau froide nécessaire dans un biberon stérilisé. Utilisez la mesurette et ajoutez le nombre correspondant en vous aidant du bord araseur de la boîte pour enlever le surplus. Agitez horizontalement pendant une dizaine de secondes. Puis agitez verticalement pendant une dizaine de secondes. Contrôlez la température sur l'intérieur de votre poignet. Après la tétée, si votre bébé n'a pas tout bu, jetez le reste du biberon sans hésiter., Lait écrémé, lactose, matières grasses végétales (palme, coprah, colza, tournesol), maltodextrines, sérum partiellement déminéralisé, protéines de lait, bifidobactéries, ferments lactiques, nucléotides, émulsifiants : lécithine de soja, antioxydant :extrait riche en tocophérols, vitamines : A, D3, E, C, B1, B2, PP, B6, acide folique, B12, biotine, pantothénate de calcium, K1, minéraux : citrates de calcium, de potassium, de sodium, chlorure de magnésium, phosphates de calcium et de potassium, sulfates de fer, de zinc, de cuivre et de manganèse, carbonate de sodium, iodure de potassium., Valeur énergétique en Joules :  303, Valeur énergétique en Kcal : 72,4, Glucides : 9,1, Lipides : 3,2, Protides :1,86, Une fois ouverte, la boîte peut se conserver au maximum 4 semaines bien refermée dans un endroit sec et frais. Conditionné sous atmosphère protectrice.]|"
18,39€ / Kg"|"
16,55 €"
26|Lait 2ème âge, de 6 à 12 mois|La boite de 900g|[Origine : FRANCE, Le Laboratoire Gallia a mis au point Galliagest 2 pour aider au confort digestif chez le nourrisson. Grâce à sa consistance épaissie, tout en répondant aux besoins nutritionnels spécifiques du nourrisson de 6 à 12 mois, dans le cadre dune alimentation diversifiée, conformément à la réglementation., Le dosage et la fréquence des biberons sont proposés à titre indicatif. Le corps médical pourra adapter le régime quotidien de votre bébé en fonction de ses besoins spécifiques. Utilisez toujours 1 mesurette de poudre dans 30 ml d'eau. Préparer le biberon juste avant le repas. Pour préparer le biberon, utilisez exclusivement la mesurette contenu dans cette boîte. Une fois préparé, il est conseillé de consommer le biberon dans la demi-heure. Après la tétée, si votre bébé na pas tout bu, jetez lereste du biberon sans hésiter. Formule épaissie pouvant nécessiter lutilisation dune tétine adaptée. Le lait maternel est, pour chaque nourrisson, laliment idéal et naturel. Toutefois, si vous ne pouvez pas ou ne souhaitez pas allaiter, le corpsmédical vous conseillera une préparation infantile répondant aux besoins nutritionnels spécifiques de votre enfant. Ce produit convient à lalimentation de votre bébé, nen changez pas sans demander lavis de votre médecin. La préparation de suite est un élément de lalimentation diversifiée des nourrissons à partir de 6 mois et ne peut pas être utilisée comme substitut du lait maternel pendant les 6 premiers mois de la vie. La décision dintroduire des aliments complémentaires doit être prise sur lavis des professionnels de santé., Lait ÍcrÍmÍ - huiles vÍgÍtales (palme, colza, coprah,tournesol) - lactosÍrum partiellement dÍminÍralisÍ (lait) - maltodextrines -amidons - lactose (lait) -Ímulsifiant : lÍcithine de soja - nuclÍotides - taurine -bifidobactÍries - inositol -citrate decholine - ferments lactiques - antioxydant :extrait riche en tocophÍrols -Vitamines : C, niacine, K, D, A,acide pantothÍnique, B6, B12,B1, B2, acide folique, biotine -MinÍraux : citrates de calcium et de potassium, chlorure de magnÍsium, sulfates defer, de zinc et de cuivre,iodure de potassium, sulfate de manganÈse, sÍlÍnite de sodium., Valeur énergétique en Joules :  2010, Valeur énergétique en Kcal : 479, Glucides : 59.8, Lipides : 21.8, Protides :10.5, Avant ouverture, entreposez dans un endroit propre et sec. Une fois ouverte, la boîte peut se conserver au maximum 4 semaines, bien refermée, dans un endroit sec et frais. Conditionné sous atmosphèreprotectrice.]|"
19,92€ / Kg"|"
17,93 €"
27|Lait 2ème âge, de 6 à 12 mois|La boîte de 900g|[Origine : FRANCE, Le Laboratoire Gallia a mis au point Calisma 2 au Pronutra+ pour contribuer au bon développement du système immunitaire de votre bébé de 6 à 12 mois, dans le cadre d'une alimentation diversifiée. Calisma 2 contient Pronutra+ notre association uniqued'ingrédients : des prébiotiques qui contribuent au développement d'une bonne flore intestinale. Des omégas 3 dont l'acide alpha-linolénique qui contribue au développement cérébral. Des vitamines A, C et D qui contribuent au bon fonctionnement du système immunitaire., Lactose (lait), huiles végétales (palme, colza, coprah, tournesol, mortierella alpina), maltodextrines, lait écrémé, protéines de lactosérum concentrées (lait), galacto-oligosaccharides (GOS) (lait), fructo-oligosaccharides (FOS), huile de poisson, chlorure de choline, taurine, émulsifiant : lécithine de soja, inositol, antioxydant : extrait riche en tocophérols, L-tryptophane, nucléotides, L-carnitine, vitamines : C, niacine, acide pantothénique, acide folique, A, E, biotine, B1, D3, B12, B6, B2, K1, minéraux : carbonate de calcium, citrate de potassium, chlorure de calcium, sulfate de fer, phosphate de calcium, chlorure de magnésium, sulfates de zinc, cuivre et manganèse, iodure de potassium, sélénite de sodium.]|"
17,17€ / Kg"|"
15,45 €"
28|Guigoz 2 dès 6 mois omega 3|La boite de 820g|[Origine : FRANCE, Au moment de la diversification alimentaire, le lait de suite reste l'élément indispensable de l'alimentation de bébé dès 6 mois jusqu'à 1 an. Guigoz 2 répond aux besoins nutritionnels de votre bébé dès 6 mois jusqu'à 1 an dans le cadre d'une alimentation diversifiée avec notamment : de l'acide alpha-linolénique (AAL), un acide gras essentiel de la famille des Oméga 3 qui contribue au développement du tissu cérébral et nerveux. Du fer nécessaire au système immunitaire. Du calcium et de la vitamine D qui contribuent au développement des os. Hygiénique & pratique. Un support pour poser la mesurette !, Dosages à respecter impérativement : une mesurette arasée (4,5 g) dans 30 ml d'eau. Une quantité inappropriée de poudre peut conduire à la déshydratation ou priver votre enfant d'une nutrition adéquate. La fréquence des biberons et les quantités à préparer sont des indications moyennes. La fréquence des biberons et les quantités à préparer sont des indications moyennes. Le volume et le nombre de biberons sont à ajuster par les professionnels de santé aux besoins de chaque enfant. A partir de 6 mois, l'alimentation de votre bébé se diversifie (céréales, fruits, légumes). Consultez votre médecin pour tout information supplémentaire. Pour tiédir l'eau, nous vous déconseillons l'emploi du four à micro-ondes en raison du risque de brûlures : faites tiédir le biberon au bain-marie dans casserole ou dans un chauffe-biberon. Contrôlez la température sur la face interne de votre avant-bras. Veillez à toujours bien tenir votre bébé pendant qu'il prend son biberon, pour éviter tout risque d'étouffement. Dès que votre bébé est assez grand, proposez lui la tasse au lieu du biberon. Le lait maternel est, pour chaque nourrisson, l'aliment idéal et naturel. Toutefois, si vous ne pouvez pas ou ne souhaitez pas allaiter, le Corps Médical vous conseillera un lait infantile pour votre enfant. N'en changez pas sans demander l'avis de votre médecin. Le lait de suite est un élément de l'alimentation diversifiée des nourrissons à partir de 6 mois et ne peut être utilisé comme substitut du lait mater, Ingrédients : LAIT écrémé, protéines solubles de LAIT, maltodextrine, huiles végétales (oléine de palme, colza, coprah, tournesol), LACTOSE, citrates de calcium, de potassium et de sodium - phosphate de calcium, émulsifiant : lécithine de SOJA -  chlorures de magnésium, de sodium -  vitamines C, E, pantothénate de calcium, niacine, B1, A, B6, B2, D, K, B9, biotine, B12 -  sulfates ferreux, de zinc, de cuivre -  antioxydant : palmitate de L-ascorbyle, culture de Lactobacillus reuteri DSM 17938*,sélénate de sodium, iodure de potassium. *sous licence Biogaia AB., Conservez la boîte bien fermée à l'aide de son couvercle en plastique dans un endroit sec et frais, pas plus de 3 semaines après son ouverture. Conditionné sous atmosphère protectrice.]|"
17,27€ / Kg"|"
14,16 €"
29|Guigoz formule epaissie 2|La boite de 820g|[Origine : FRANCE, Guigoz Epaissie 2 répond aux besoins nutritionnels de votre bébé dès 6 mois jusqu'à 1 an dans le cadre d'une alimentation diversifiée avec notamment : de l'acide alpha-linolénique (AAL), un acide gras essentiel de la famille des Oméga 3, qui contribue au développement du tissu cérébral et nerveux. Du fer nécessaire au système immunitaire. Du calcium et de la vitamine D qui contribuent au développement des os. Un taux de protéines ajusté.Les Laboratoires Guigoz ont mis au point Guigoz Epaissie 2,une formule qui contient de l'amidon pour aider à diminuer les petits rejets de lait., Ingrédients: LAIT écrémé, protéines solubles de  LAIT, huiles végétales (oléine de palme, colza, coprah, tournesol), LACTOSE, amidons, citrates de calcium, de potassium et de sodium -  phosphate de calcium, émulsifiant : lécithine de SOJA, maltodextrine, chlorures de magnésium et de sodium - vitamines : C, E, pantothénate de calcium, niacine, B1, A, B6, B2, D, K, B9, biotine et B12 -  sulfates ferreux de zinc, de cuivre, antioxydant : palmitate de L-ascorbyle -  culture de Lactobacillus reuteriDSM 17938*, sélénate de sodium, iodure de potassium. *sous licence Biogaia AB.]|"
19,15€ / Kg"|"
15,70 €"
30|Lait 2ème âge, en relais de l'allaitement maternel, de 6 mois à 1 an|La boîte de 800g|[Origine : FRANCE, Guigoz Evolia Relais 2 répond aux besoins nutritionnels de votre bébé dès 6 mois jusqu'à 1 an dans le cadre d'une alimentation diversifiée avec notamment de l'acide alpha-linoléique (AAL), un acide gras essentiel de la famille des Oméga 3, qui contribue au développement du tissu cérébral et nerveux - des FOS / GOS qui sont des fibres alimentaires.Les laboratoires Guigoz ont mis au point Guigoz Evolia Relais 2, une formule qui convient à l'alimentation particulière des bébés à partir de 6 mois enrelais de l'allaitement maternel., Ingrédients : LAIT écrémé, protéines solubles de LAIT, huiles végétales (oléine de palme, colza, coprah, tournesol), maltodextrine, LACTOSE, galacto-oligosaccharides, citrates de calcium, de potassium et de sodium - phosphate de calcium, émulsifiant: lécithine de SOJA, fructo-oligosaccharides, chlorures de magnésium et de sodium - vitamines : C, E, pantothénate de calcium, niacine, B1, A, B6, B2, D, K, B9, biotine, B12 - sulfates ferreux, de zinc, de cuivre -  antioxydant : palmitate de L-ascorbyle, culture de Lactobacillus reuteri DSM 17938*, sélénate de sodium, iodure de potassium. * Sous licence Biogaia AB.]|"
18,93€ / Kg"|"
15,14 €"
31|Lait 2ème âge, de 6 mois à 12 mois, sans huile de palme|La boîte de 900g|[Origine : FRANCE, De 6 mois à 1 an, Milumel 2ème âge accompagne Bébé dans sa croissance.    Grâce à son savoir-faire, Milumel a développé une formule qui respecte rigoureusement la réglementation et répond aux besoins nutritionnels des bébés.Dès 6 mois, au moment de la diversification alimentaire, Milumel apporte les éléments indispensables à la croissance de Bébé : fer, vitamines et acides gras essentiels.Caractéristiques de la formule Milumel 2ème âge : sans huile de palme, grâce à l'ajout de lipides laitiers.                                         Aux nutriments essentiels, avec du fer, des vitamines et des acides gras essentiels(1). Produits en France, les laits infantiles en poudre Milumel sont fabriqués dans notre usine de Craon en Mayenne (53).                                                                                            (1) Conformément à la réglementation., Une fois reconstitué le lait devient un milieu fragile, il est donc important de ne pas conserver ni réutiliser le lait restant d'un biberon non terminé. Le jeter sans hésiter. N'utiliser que la mesurette contenue dans cette boîte. Ne jamais remettreune mesurette humide dans la poudre., Lactose, maltodextrines, crème, lait écrémé, huiles végétales (colza, tournesol oléique, tournesol ), protéines solubles de lait, minéraux (phosphate tricalcique, sulfate de magnésium, hydroxyde de potassium, citrate trisodique, sulfate ferreux, carbonate de calcium, sulfate de zinc, selenite de sodium, iodure de potassium, sulfate de cuivre, sulfate de manganèse), émulsifiant (lécithine de soja), vitamines (C, PP, B5, A, K, B1, B6, D, B2, B9, H, B12), chlorure de choline, taurine, antioxygènes(palmitate d'ascorbyle, tocophérols), inositol, L-carnitine, ferments lactiques (Lactobacillus fermentum CECT 5716)., Valeur énergétique en Kcal : 69kcal, Glucides : 7,8g, Lipides : 3,6g, Protides :1,4g, Après chaque utilisation, bien refermer la boîte avec le couvercle. Conserver au frais et au sec. Utiliser le contenu dans les 4 semaines après ouverture.]|"
14,43€ / Kg"|"
12,99 €"
32|Lait Bio 2ème âge, de 6 mois à 12 mois, sans huile de palme|La boîte de 900g|[Origine : FRANCE, Milumel Bio 2ème âge apporte à votre bébé les nutriments nécessaires à sa croissance : fer, vitamines et acides gras essentiels, conformément à la réglementation. Milumel Bio 2ème âge est un produit issu de l'agriculture biologique, certifié par ECOCERT SAS F32600 (5101956)., Une fois reconstitué le lait devient un milieu fragile, il est donc important de ne pas conserver ni réutiliser le lait restant d'un biberon non terminé.    Le jeter sans hésiter. N'utiliser que la mesurette contenue dans cette boîte.  Ne jamais remettre une mesurette humide dans la poudre., Lait écrémé*, maltodextrines*, matières grasses végétales* (huile de colza*, huile de coprah*, huile de tournesol*), lactose*, minéraux (carbonate de calcium, hydroxyde de potassium, phosphate de magnésium, sulfate de fer, sulfate de zinc, sélénite de sodium, sulfate de cuivre, iodure de potassium, sulfate de manganèse), émulsifiant (lécithine de soja),vitamines (C,A,PP,D,B5,E,K,B1,B6,B2,B9, H, B12), antioxygène (tocophérols).* Ingrédients issus de lagriculture biologique., Valeur énergétique en Kcal : 63kcal, Glucides : 8,2g, Lipides : 2,7g, Protides :1,6g, Après chaque utilisation, bien refermer la boite avec le couvercle. Conserver au frais et au sec. Utiliser le contenu dans les 4 semaines après ouverture.]|"
15,89€ / L"|"
14,30 €"
33|Lait Bio 2ème âge, de 6 mois à 12 mois, sans huile de palme|La boîte de 900g|[Origine : FRANCE, Milumel Bio 2ème âge apporte à votre bébé les nutriments nécessaires à sa croissance : fer, vitamines et acides gras essentiels, conformément à la réglementation. Milumel Bio 2ème âge est un produit issu de l'agriculture biologique, certifié par ECOCERT SAS F32600 (5101956)., Une fois reconstitué le lait devient un milieu fragile, il est donc important de ne pas conserver ni réutiliser le lait restant d'un biberon non terminé.    Le jeter sans hésiter. N'utiliser que la mesurette contenue dans cette boîte.  Ne jamais remettre une mesurette humide dans la poudre., Lait écrémé*, maltodextrines*, matières grasses végétales* (huile de colza*, huile de coprah*, huile de tournesol*), lactose*, minéraux (carbonate de calcium, hydroxyde de potassium, phosphate de magnésium, sulfate de fer, sulfate de zinc, sélénite de sodium, sulfate de cuivre, iodure de potassium, sulfate de manganèse), émulsifiant (lécithine de soja),vitamines (C,A,PP,D,B5,E,K,B1,B6,B2,B9, H, B12), antioxygène (tocophérols).* Ingrédients issus de lagriculture biologique., Valeur énergétique en Kcal : 63kcal, Glucides : 8,2g, Lipides : 2,7g, Protides :1,6g, Après chaque utilisation, bien refermer la boite avec le couvercle. Conserver au frais et au sec. Utiliser le contenu dans les 4 semaines après ouverture.]|"
15,89€ / L"|"
14,30 €"
34|Lait 2ème âge de 6 à 12 mois|La boîte de 900g|[Origine : FRANCE, Modilac 2 convient à l'alimentation progressivement diversifiée du nourrisson à partir de 6 mois et participe activement à sa croissance et à son éveil., 1 mesurette = 30ml d'eau. Préparez le biberon immédiatement avant emploi. Une fois préparé, il est recommandé de le consommer dans l'heure. Versez dans le biberon la quantité d'eau nécessaire. Pour une meilleure reconstitution, l'eau doit être tiède(environ 40-45°C) avant ajout de la poudre. Remplissez de poudre la mesurette présente dans la boite, puis arasez la sur le rebord de la boite prévu à cet effet. Ajoutez le nombre correspondant de mesurettes rases de poudre dans l'eau en respectant bien la proportion. Bouchez le biberon et, pour faciliter la dissolution, roulez le entre vos mains puis agitez le vigoureusement. Avant de donner le biberon, contrôlez la température du lait en versant quelques gouttes sur votre poignet. Modilac 2 convient à l'alimentation progressivement diversifiée du nourrisson à partir de 6 mois. Il ne doit pas être utilisé comme substitut du lait maternel avant l'âge de 6 mois. Avant d'initier la diversification alimentaire y compris avant l'âge de 6 mois,demandez conseil à un professionnel de santé., Lait écrémé, protéines solubles déminéralisées, huiles végétales (soja, tournesol oléique, palme, coprah, colza), lactose, maltodextrine, galacto-oligosaccharides, protéines solubles, émulsifiant (lécithine de soja), phosphate de calcium, citrate depotassium, chlorure de sodium, citrate de magnesium, chlorure de potassium, vitamine C, bitartrate de choline, fructo-oligosaccharides, hydroxyde de calcium, taurine, inositol, sulfate de fer, hydroxyde de potassium, antioxydants (extrait riche en tocophérols, palmitate de L-ascorbyle), vitamine E, sulfate de zinc, L-carnitine, nicotinamide, pantothénate de calcium, sulfate de cuivre, vitamine A, thiamine, vitamine B6, sulfate de cuivre, vitamine A, thiamine, vitamine B6, sulfate de manganèse, iodure de potassium, acide folique, vitamine K, biotine, sélénite de sodium, vitamine D, vitamine B12, ferments lactiques (Lactobacillus rhamnosus, Bifidobacterium infantis)., Valeur énergétique en Joules :  2011kj, Valeur énergétique en Kcal : 480kcal, Glucides : 57,8g, Lipides : 22g, Protides :11,2g, Avant ouverture, conservez la boite à l'abri d'une source de chaleur. Après ouverture, fermez la boite et conservez la dans un endroit frais et sec. Utilisez la poudre dans un délai de 4 semaines. Conditionné sous atmosphère protectrice.]|"
18,37€ / Kg"|"
16,53 €"
35|Lait 2ème âge, de 6 mois à 1 an|La boîte de 800g|[Origine : FRANCE, Du calcium et de la vitamine D qui contribuent au développement normal des os. Du fer qui contribue au fonctionnement normal du système immunitaire. Une teneur en protéines ajustée.Répond aux besoins nutritionnels de votre bébé de 6 mois à 1 an dansle cadre d'une alimentation diversifiée avec notamment : de l'amidon pour aider à réduire les petits rejets de lait., Ingrédients : LAIT écrémé, protéines solubles de LAIT, huiles végétales (oléine de palme, colza, coprah et tournesol), LACTOSE, amidons, citrates de calcium, de potassium et de sodium -  phosphate de calcium, émulsifiant : lécithine de SOJA -  maltodextrine, chlorures de magnésium et de sodium, vitamines : C, E, pantothénate de calcium, niacine, B1, A, B6, B2, D3, K1, B9, biotine, B12 -  sulfates ferreux, de zinc et de cuivre, culture de Bifidus (B. Lactis), antioxydant : palmitate de L-ascorbyle -  ferments lactiques (S. Thermophilus), iodure de potassium, sélénate de sodium.]|"
17,91€ / Kg"|"
14,33 €"
36|Lait 2ème âge, de 6 mois à 1 an, oméga 3 et 6|La boîte de 800g|[Origine : FRANCE, Du fer qui contribue au fonctionnement normal du système immunitaire. Du DHA, un acide gras polyinsaturé à chaîne longue de la famille des Oméga 3. Une teneur en protéines ajustée.Répond aux besoins nutritionnels de votre bébé dès 6 mois, dans le cadre d'une alimentation diversifiée avec : du calcium et de la vitamine D qui contribuent au développement normal des os., Ingrédients: LAIT écrémé, protéines solubles de LAIT, maltodextrine, huiles végétales (oléine de palme, colza, coprah et tournesol), LACTOSE, citrates de calcium, de sodium et de potassium, phosphates de calcium et de potassium, émulsifiant : lécithine de SOJA, chlorures de magnésium et de sodium, huile de POISSON, vitamines : C, E, pantothénate de calcium, niacine, B1, A, B6, B2, D3, K1, acide folique, biotine, B12, huile de Mortierella alpina, sulfates ferreux, de zinc et de cuivre, antioxydants : palmitate de L-ascorbyle et extrait riche en tocophérols, culture de bifidus (B. lactis), ferments lactiques (S. Thermophilus), sélénate de sodium, iodure de potassium.]|"
16,88€ / Kg"|"
13,50 €"
37|Lait 2ème âge en relais de l'allaitement maternel, de 6 mois à 1 an|La boîte de 800g|[Origine : FRANCE, NIDAL NOVAIA 2 : présente une composition unique notamment en protéines grâce au procédé exclusif Nestlé, apporte tous les éléments nutritionnels nécessaires (dont fer et 13 vitamines).Contribue à la croissance de votre bébé. Nouvelle mesurette pluspratique et plus hygiénique, spécialement conçue pour la formule Nidal Novaïa 2, présente à l'ouverture dans une compartiment séparé., Dosage à respecter impérativement : 1 mesurette (4,5g) dans 30ml d'eau. Utilisez exclusivement la mesurette contenue dans la boîte. Utilisez une eau minérale ou une eau de source convenant aux nourrissons. Le lait infantile Nidal Novaïa 2 peut être consommé à température ambiante ou tiède. La préparation du biberon doit s'effectuer juste avant le repas. Stérilisez le biberon. Pour servir tiède : faites chauffez l'eau au bain-marie dans une casserole ou dans un chauffe-biberon à 40°C maximum. Ajoutez le nombre exact de mesurette correspondant au volume d'eau. Arasez chaque mesurette sur le rebord. Après utilisation, déposez la mesurette sur son support, dans la boîte. Fermez le biberon. Secouez énergiquement de haut en bas jusqu'à dissolution complète de la poudre. Contrôler la température sur le dos de la main. Nettoyez minutieusement le biberon. Nous vous déconseillons l'emploi du four à micro-ondes en raison du risque de brûlures. Préparez un seul biberon à la fois et donnez-le immédiatement à votre bébé. Jetez sans hésiter le reste d'un biberon non terminé. Veillez à toujours bien tenir votre bébé pendant qu'il prend son biberon, pour éviter le risque d'étouffement. Le lait maternel est, pour chaque nourrisson, l'aliment idéalet naturel. Toutefois, si vous ne pouvez pas ou ne souhaitez pas allaiter, le Corps Médical vous conseillera un lait infantile pour votre enfant. N'en changez pas sans demander l'avis de votre médecin., Ingrédients: LAIT écrémé, protéines solubles de LAIT, maltodextrine, huiles végétales (oléine de palme, colza, coprah et tournesol)- LACTOSE, citrates de calcium, de sodium et de potassium- phosphates de calcium et de potassium- émulsifiant : lécithine de SOJA, chlorures de magnésium et de sodium- vitamines : C, E, pantothénate de calcium, niacine, B1, A, B6, B2, D3, K1, acide folique, biotine, B12- sulfates ferreux, de zinc et de cuivre- antioxydant : palmitate de L-ascorbyle- iodure de potassium, sélénate de sodium., Conservez la boite bien fermée à laide de son couvercle en plastique dans un endroit sec et frais, pas plus de 3 semaines après ouverture. Conditionné sous atmosphère protectrice.]|"
19,13€ / Kg"|"
15,30 €"
38|Croissance, de 10 mois à 3 ans, en poudre, certifié AB|La boîte de 900g|[Origine : FRANCE, Votre enfant a des besoins spécifiques auxquels le lait de vache ne répond pas, Babybio a développé Babybio Croissance Bio au Bifidus élaboré avec du lait de vache d'origine française., Versez dans le biberon stérilisé la quantité d'eau indiquée tiédie à 40°C maximum. Ajoutez à l'eau le nombre de mesurettes arasées nécessaires. Fermez et agitez vigoureusement le biberon. Les volumes et le nombre de repas pourront être adaptés aux besoins de chaque enfant, en accord avec le corps médical. Lavez-vous les mains avant chaque préparation. Le biberon doit être préparé juste avant le repas. Jetez tout reste de biberon sans hésiter. N'utilisez que la mesurette contenue dans cette boîte. Veillez à bien refermer la boîte. Après le repas, nettoyer soigneusement le biberon et tous les accessoires., Maltodextrines de maïs*, lait écrémé*, lactosérum déminéralisé*, huiles végétales de première pression à froid* (colza*, olive*, tournesol*), huile de palme non hydrogénée*, concentré de minéraux du lait (calcium), vitamine C, chlorure de magnésium,citrate de sodium, lactate de fer, hydroxyde de potassium, sulfate de zinc, chlorure de potassium, vitamine E naturelle (D-alpha tocophérol acétate), niacine, iodure de potassium, acide pantothénique, sélénite de sodium, sulfate de cuivre, oxyde de magnésium, vitamine A, riboflavine, vitamine B6, thiamine, acide folique, sulfate de manganèse, vitamine K1, biotine, vitamine D, vitamine B12, bifidobactéries (bifidobactérium lactis). Sans gluten., Valeur énergétique en Joules :  2055kj, Valeur énergétique en Kcal : 490kcal, Glucides : 59,5g, Lipides : 22,7g, Protides :12g, Se conserve à température ambiante. Conserver au sec jusqu'à 4 semaines maximum après ouverture.]|"
18,87€ / Kg"|"
16,98 €"
39|Croissance, de 10 mois à 3 ans, en poudre, certifié AB|La boîte de 900g|[Origine : FRANCE, Votre enfant a des besoins spécifiques auxquels le lait de vache ne répond pas, Babybio a développé Babybio Croissance Bio au Bifidus élaboré avec du lait de vache d'origine française., Versez dans le biberon stérilisé la quantité d'eau indiquée tiédie à 40°C maximum. Ajoutez à l'eau le nombre de mesurettes arasées nécessaires. Fermez et agitez vigoureusement le biberon. Les volumes et le nombre de repas pourront être adaptés aux besoins de chaque enfant, en accord avec le corps médical. Lavez-vous les mains avant chaque préparation. Le biberon doit être préparé juste avant le repas. Jetez tout reste de biberon sans hésiter. N'utilisez que la mesurette contenue dans cette boîte. Veillez à bien refermer la boîte. Après le repas, nettoyer soigneusement le biberon et tous les accessoires., Maltodextrines de maïs*, lait écrémé*, lactosérum déminéralisé*, huiles végétales de première pression à froid* (colza*, olive*, tournesol*), huile de palme non hydrogénée*, concentré de minéraux du lait (calcium), vitamine C, chlorure de magnésium,citrate de sodium, lactate de fer, hydroxyde de potassium, sulfate de zinc, chlorure de potassium, vitamine E naturelle (D-alpha tocophérol acétate), niacine, iodure de potassium, acide pantothénique, sélénite de sodium, sulfate de cuivre, oxyde de magnésium, vitamine A, riboflavine, vitamine B6, thiamine, acide folique, sulfate de manganèse, vitamine K1, biotine, vitamine D, vitamine B12, bifidobactéries (bifidobactérium lactis). Sans gluten., Valeur énergétique en Joules :  2055kj, Valeur énergétique en Kcal : 490kcal, Glucides : 59,5g, Lipides : 22,7g, Protides :12g, Se conserve à température ambiante. Conserver au sec jusqu'à 4 semaines maximum après ouverture.]|"
18,87€ / Kg"|"
16,98 €"
40|Croissance Bio De 10 mois à 3 ans|Les 6 bouteilles de 1L|[Origine : FRANCE, Babybio apporte pour votre bébé tous les éléments nécessaire pour un bon développement : du fer, du calcium naturel, des vitamines, des protéines et des acides gras essentiels., Nettoyez et stérilisez soigneusement biberons et tétines (1/4 d'heure à ébullition ou à froid dans un appareil approprié). Agiter le pack et verser la quantité souhaitée dans le biberon. Ne pas ajouter d'eau ni de sucre. Peut être réchauffé (40°C maxi, vérifier la température sur l'intérieur de votre poignet). Jeter toujours un biberon entamé., Lait partiellement écrémé*, eau, maltodextrines*, huiles végétales* (colza*, tournesol*), lactose*, vitamines : A, B1, B2, B5, B6, B8, B9, B12, C, D3, E, K1 et PP, subtances d'apport minéral : sulfates de fer, de magnésium, de zinc, de cuivre et de manganèse, citrate de sodium, iodure de potassium, hydroxyde de potassium, sélénite de sodium, émulsifiant : lécithine de colza. *ingrédients issus de l'agriculture biologique., Valeur énergétique en Joules :  284kj, Valeur énergétique en Kcal : 68kcal, Glucides : 8,2g, Lipides : 3g, Protides :2g, Se conserve à température ambiante avant ouverture.]|"
2,61€ / L"|"
15,68 €"
41|Croissance Bio De 10 mois à 3 ans|Les 6 bouteilles de 1L|[Origine : FRANCE, Babybio apporte pour votre bébé tous les éléments nécessaire pour un bon développement : du fer, du calcium naturel, des vitamines, des protéines et des acides gras essentiels., Nettoyez et stérilisez soigneusement biberons et tétines (1/4 d'heure à ébullition ou à froid dans un appareil approprié). Agiter le pack et verser la quantité souhaitée dans le biberon. Ne pas ajouter d'eau ni de sucre. Peut être réchauffé (40°C maxi, vérifier la température sur l'intérieur de votre poignet). Jeter toujours un biberon entamé., Lait partiellement écrémé*, eau, maltodextrines*, huiles végétales* (colza*, tournesol*), lactose*, vitamines : A, B1, B2, B5, B6, B8, B9, B12, C, D3, E, K1 et PP, subtances d'apport minéral : sulfates de fer, de magnésium, de zinc, de cuivre et de manganèse, citrate de sodium, iodure de potassium, hydroxyde de potassium, sélénite de sodium, émulsifiant : lécithine de colza. *ingrédients issus de l'agriculture biologique., Valeur énergétique en Joules :  284kj, Valeur énergétique en Kcal : 68kcal, Glucides : 8,2g, Lipides : 3g, Protides :2g, Se conserve à température ambiante avant ouverture.]|"
2,61€ / L"|"
15,68 €"
42|Lait croissance de 10 mois à 3 ans fer et vitamines sans arôme   ajouté|La bouteille de 1L|[Origine : FRANCE, lait partiellement ecreme*, eau, maltodextrines*, huiles vegetales* (colza*, tournesol*), lactose*, vitamines : a, b1, b2, b5, b6, b8, b9, b12, c, d3, e, k1 et pp, substances  d'apport mineral : sulfates de fer, de magnesium, de zinc, de cuivre et demanganese, citrate de sodium, iodure de potassium, hydroxyde de potassium, selenite de sodium, emulsifiant : lecithine de colza.]|"
2,81€ / L"|"
2,81 €"
43|Lait croissance de 10 mois à 3 ans fer et vitamines sans arôme   ajouté|La bouteille de 1L|[Origine : FRANCE, lait partiellement ecreme*, eau, maltodextrines*, huiles vegetales* (colza*, tournesol*), lactose*, vitamines : a, b1, b2, b5, b6, b8, b9, b12, c, d3, e, k1 et pp, substances  d'apport mineral : sulfates de fer, de magnesium, de zinc, de cuivre et demanganese, citrate de sodium, iodure de potassium, hydroxyde de potassium, selenite de sodium, emulsifiant : lecithine de colza.]|"
2,81€ / L"|"
2,81 €"
44|Blédilait 2éme age à partir de 6 mois|Les 6 bouteilles de 50cl|[Origine : FRANCE, Eau dÍminÍralisÍe - lait ÍcrÍmÍ - lactose (lait) - huiles vÍgÍtales Ýpalme, colza, coprah (soja), tournesol~ -galacto-oligosaccharides (lait) - Ímulsifiant (mono et diglycÍrides d'acides gras) - fructo-oligosaccharides - taurine -inositol - nuclÍotides - L-tryptophane - antioxydant: extrait riche en tocophÍrols -L-carnitine - minÍraux (citrate de calcium,chlorure de potassium, citrate de potassium,hydroxyde de potassium, citrate de sodium, chlorure de choline, lactate de fer, sulfate de zinc, gluconate de cuivre,sÍlÍnite de sodium, iodure de potassium,sulfate de manganÈse) - vitamines (C, A,D3, niacine, acide pantothÍnique, biotine,acide folique, B2, K1, B12, B1, B6)., Valeur énergétique en Joules :  285, Valeur énergétique en Kcal : 68, Glucides : 8.6, Lipides : 3, Protides :1.4]|"
2,65€ / L"|"
7,96 €"
45|Bledilait croissance +|La boite de 900g|[Origine : FRANCE, INGRñDIENTS : Lait ÍcrÍmÍ - lactose (lait) - lactoserum (lactoserum dÍminÍralisÍ, protÍines de lactoserum concentrÍes) (lait) - maltodextrine - galacto-oligosaccharides (GOS) (lait) - Huiles vÍgÍtales (palme, tournesol, colza) - fructo-oligosaccharides (FOS) (lait) - Ímulsifiant: lÍcithine de soja - taurine - antioxydant: extrait riche en tocophÍrols - Vitamines : C, niacine, acide pantothÍnique, acide folique, E, A, biotine, D3, B1, B6, B2, B12, K1 - MinÍraux : phosphate de calcium, carbonate de calcium, citrates de potassium et de sodium, chlorure de magnÍsium, de choline et de potassium,sulfate de fer, de zinc et de cuivre, iodure de potassium,sulfate de manganÈse, sÍlÍnite de sodium., Valeur énergétique en Joules :  1880, Valeur énergétique en Kcal : 448, Glucides : 57.5, Lipides : 18.7, Protides :10]|"
14,23€ / Kg"|"
12,81 €"
46|Croissance, de 10 mois à 3 ans|La bouteille de 1L|[Origine : FRANCE, Le seul lait de croissance au Vitafer : une association exclusive de fer et de vitamine C protégée par une micro-capsule pour une meilleure assimilation du fer., Ce lait est prêt à l'emploi.  Ne pas ajouter d'eau. Verser le lait dans un contenant propre et réchauffer si vous le souhaitez sans faire bouillir. Agiter avant de consommer., Lait écrémé, lactose, matières grasses végétales (palme, coprah, colza, tournesol), saccharose, arôme : vanilline, émulsifiant : lécithine de soja, antioxydant : extrait riche en tocophérols, vitamines : A, D3, E, C, B1, B2, PP, B6, acide folique, B12, biotine, pantothénate de calcium, K1, minéraux : citrate de calcium, de magnésium et de sodium, phosphate de calcium, sulfate de fer, de zinc et de cuivre, bicarbonate de sodium, iodure de potassium., Avant ouverture, conserver à température ambiante. Après ouverture, refermez soigneusement à l'aide du bouchon, conservez dans le réfrigérateur et consommez dans les 48 heures.]|"
2,20€ / L"|"
2,20 €"
47|Croissance, de 10 mois à 3 ans|Les 18 bouteilles de 250ml|[Origine : FRANCE, Blédilat Croissance 250ml, un format pratique pour vous faciliter la vie à la maison ou lors de vos déplacements. Une bouteille = Un biberon., Eau - Lait écrémé - perméat de lactosérum (lait) - matières grasses végétales (palme, coprah, colza, tournesol) - saccharose - arôme : vanilline - émulsifiant : lÍcithines de soja - antioxydant : extrait riche en tocophérols - Vitamines : A, D3, E, C, B1, B2, PP, B6, acide folique, B12, biotine, pantothénate de calcium, K1 - Minéraux : citrates de calcium, magnésium et sodium, phosphate de calcium, sulfates de fer, zinc et cuivre, bicarbonate de sodium, iodure de potassium., Valeur énergétique en Joules :  257, Valeur énergétique en Kcal : 61, Glucides : 8, Lipides : 2.5, Protides :1.7]|"
2,42€ / L"|"
10,90 €"
48|Croissance, de 10 mois à 3 ans|Les 6 bouteilles de 1L|[Origine : FRANCE]|"
1,90€ / L"|"
11,39 €"
49|Croissance, de 10 mois à 3 ans, prêt à l'emploi|La bouteille de 500ml|[Origine : FRANCE, Le seul lait de croissance au Vitafer : une association exclusive de fer et de vitamine C protégée par une micro-capsule.Ainsi le fer arrive intact dans l'intestin de l'enfant et la vitamine C favorise ensuite son assimilation par l'organisme., Ce lait est prêt à l'emploi, ne pas ajouter d'eau. Verser le lait dans un contenant propre et réchauffer si vous le souhaitez sans faire bouillir. Agiter avant de consommer., Lait écrémé, perméat de lactosérum, matières grasses végétales (palme, coprah, colza, tournesol), saccharose, arôme : vanilline, émulsifiant : lécithine de soja, antioxydant : extrait riche en tocophérols, vitamines : A, D3, E, C, B1, B2, PP, B6, acide folique, B12, biotine, pantothénate de calcium, K1, minéraux : citrates de calcium, de magnésium et de sodium, phosphate de calcium, sulfates de fer, de zinc et de cuivre, bicarbonate de sodium, iodure de potassium., Valeur énergétique en Joules :  252kj, Valeur énergétique en Kcal : 60KCal, Glucides : 7,9g, Lipides : 2,4g, Protides :1,8g, Avant ouverture, conserver à température ambiante. Après ouverture, refermer soigneusement à l'aide du bouchon, conserver dans le réfrigérateur et consommer dans les 48 heures. Conditionné sous atmosphère protectrice.]|"
2,66€ / L"|"
1,33 €"
50|Croissance, de 10 mois à 3 ans, prêt à l'emploi|Les 4 bouteilles de 500ml|[Origine : FRANCE, Blédilait Croissance avec Vitafer, construisez jour après jour le Capital Croissance de votre enfant.Blédilait Croissance au Vitafer : une association exclusive de fer et de vitamine C dans une micro-capsule, vitamine C et fer pour un fer mieux absorbé., Lavez-vous les mains avant de préparer les biberons ainsi que votre plan de travail. Ce lait est prêt à l'emploi. Ne pas ajouter d'eau. Verser le lait infantile dans un contenant propre et réchauffer si vous le souhaitez sans faire bouillir. Agiter avant de consommer. Contrôler la température du lait infantile . Après avoir donné le biberon, nettoyez-le ainsi que ses accessoires à l'eau savonneuse. Rincez le tout abondamment à l'eau claire. Entreposez le contenant nettoyé, fermé dans un endroitsec et propre. Ce lait de suite est un élément d'une alimentation diversifiée. Seul un médecin pourra vous conseiller d'introduire des aliments complémentaires. Ce produit n'est pas un substitut du lait maternel., Lait écrémé, Perméat de lactosérum, matières grasses végétales (palme, coprah, colza, tournesol), saccharose, arôme : vanilline, émulsifiant : lécithines de soja, antioxydant : extrait riche en tocophérols, vitamines : A, D3, E, C, B1, B2, PP, B6, acide folique, B12, biotine, pantothénate de calcium, K1, minéraux : citrates de calcium de magnésium et de sodium, phosphate de calcium, sulfates de fer, de zinc et de cuivre, bicarbonate de sodium, iodure de potassium., Valeur énergétique en Joules :  250kj, Valeur énergétique en Kcal : 59,8kc, Glucides : 8,1g, Lipides : 2,3g, Protides :1,7g, Avant ouverture, conserver à température ambiante. Après ouverture, refermer soigneusement à l'aide du bouchon, conserver dans le régrigérateur et consommer dans les 48 heures. Conditionné sous atmosphère protectrice.]|"
2,64€ / L"|"
5,28 €"
51|Lait nature croissance de 10 mois à 3 ans|La bouteille de 1L|[Origine : FRANCE, Donner du lait infantile jusqu'à 3 ans est essentiel pour participer à l'équilibre alimentaire de votre enfant.Blédilait Croissance Nature c'est la garantie de l'expertise nutritionnelle de Blédilait, sans arôme vanille, et sans sucres ajoutés pour ne pas habituer votre enfant au goût sucré et faciliter la transition vers le lait de vache., Ce lait infantile est prêt à l'emploi, ne pas ajouter d'eau. Verser le lait infantile dans un contenant propre et réchauffer si vous le souhaitez sans faire bouillir. Agiter avant de consommer. Contrôler la température du lait infantile., Lait partiellement écrémé, perméat de lactosérum, matières grasses végétales (palme, coprah, colza, tournesol), émulsifiant : lécithine de soja, antioxydant : extrait riche en tocophérols, vitamines : A, D3, E, C, B1, B2, PP, B6, acide folique, B12,biotine, pantothénate de calcium, K1, minéraux : citrates de calcium, de magnésium et de sodium, phosphate de calcium, sulfates de fer, de zinc et de cuivre, bicarbonate de sodium, iodure de potassium., Valeur énergétique en Joules :  257kj, Valeur énergétique en Kcal : 61kcal, Glucides : 8g, Lipides : 7,5g, Protides :1,7g, Avant ouverture, conserver à température ambiante. Après ouverture, refermer soigneusement à l'aide du bouchon, conserver dans le réfrigérateur et consommer dans les 48 heures.]|"
2,49€ / L"|"
2,49 €"
52|Croissance, de 10 mois à 3 ans|La bouteille de 1L|[Origine : FRANCE, Candia Croissance apporte à votre enfant les éléments essentiels à son développement, conformément à la règlementation: du fer et du zinc pour entretenir les défenses de son organisme.de la vitamine D pour son capital osseux, des acides gras essentiels pour son développement cérébral, des vitamines pour faire le plein d'énergie, et la juste dose de protéines pour son équilibre nutritionnel., Quantité quotidienne conseillée par nos pédiatres: 500ml de Candia Croissance répartis dans la journée. Ce lait est prêt-à-l'emploi, ne pas rajouter d'eau, ni de sucre. Bien agiter la bouteille avant emploi. Peut-être réchauffé au micro-ondes dans unrécipient adapté. Ne pas faire bouillir. Ne pas préparer les biberons à l'avance et jeter toujours un biberon entamé. Vérifier la température avant de faire consommer. Candia Croissance peut être consommé froid ou chaud, nature ou mélangé. Candia Croissance convient à l'alimentation progressivement diversifiée du nourrisson à partir de 6 mois. Il ne peut être utilisé comme substitut du lait maternel. Les 6 premiers mois de la vie. La décision d'introduire des aliments complémentaires, y comprisavant l'âge de 6 mois, doit être prise sur avis d'un professionnel de la santé., Lait partiellement écrémé, eau, lactose, huiles végétales (colza, tournesol), vitamines : A, B1, B2, B5, B6, B8, B9, B12, C, D3, E, K1 et PP, substances d'apport minéral :  sulfates de fer, magnésium, zinc, cuivre et manganèse, citrate de sodium, émulsifiant : lécithine de colza, éthylvanilline. Ne contient pas de gluten conformément à la règlementation., Valeur énergétique en Joules :  272kj, Valeur énergétique en Kcal : 65KCal, Glucides : 8g, Lipides : 2,5g, Protides :2,6g, Avant ouverture, à conserver dans un endroit frais et sec. Après ouverture, à conserver au froid à +6°C maxi et à consommer dans les 48h.]|"
1,99€ / L"|"
1,99 €"
53|Croissance, de 10 mois à 3 ans|Les 6 bouteilles de 1L|[Origine : FRANCE, Candia Croissance apporte à votre enfant les éléments essentiels à son développement, conformément à la règlementation: du fer et du zinc pour entretenir les défenses de son organisme.de la vitamine D pour son capital osseux, des acides gras essentiels pour son développement cérébral, des vitamines pour faire le plein d'énergie, et la juste dose de protéines pour son équilibre nutritionnel., Quantité quotidienne conseillée par nos pédiatres: 500ml de Candia Croissance répartis dans la journée. Ce lait est prêt à l'emploi, ne pas rajouter d'eau, ni de sucre. Bien agiter la bouteille avant emploi. Peut-être réchauffé au micro-ondes dans unrécipient adapté. Ne pas faire bouillir. Ne pas préparer les biberons à l'avance et jeter toujours un biberon entamé. Vérifier la température avant de faire consommer. Candia Croissance peut être consommé froid ou chaud, nature ou mélangé. Candia Croissance convient à l'alimentation progressivement diversifiée du nourrisson à partir de 6 mois. Il ne peut être utilisé comme substitut du lait maternel. Les 6 premiers mois de la vie. La décision d'introduire des aliments complémentaires, y comprisavant l'âge de 6 mois, doit être prise sur avis d'un professionnel de la santé., Lait partiellement écrémé, eau, lactose, huiles végétales (colza, tournesol), vitamines : A, B1, B2, B5, B6, B8, B9, B12, C, D3, E, K1 et PP, substances d'apport minéral :  sulfates de fer, magnésium, zinc, cuivre et manganèse, citrate de sodium, émulsifiant : lécithine de colza, ethylvanilline. Ne contient pas de gluten conformément à la règlementation., Avant ouverture, à conserver dans un endroit frais et sec. Après ouverture, à conserver au froid à +6°C maxi et à consommer dans les 48h.]|"
1,79€ / L"|"
10,72 €"
54|Croissance, de 10 mois à 3 ans|Les 6 bouteilles de 250ml|[Origine : FRANCE, Candia Croissance apporte à votre enfant les éléments essentiels : du fer et du zinc, de la vitamine D, des acides gras essentiels et des vitamines pour faire le plein d'énergie., Prêt à l'emploi ne pas rajouter d'eau ni de sucre. Bien agiter la bouteille avant emploi. Peut être réchauffé au micro-ondes en retirant l'opercule d'aluminium ou dans un récipient  adapté. Ne pas faire bouillir. Ne pas préparer les biberons à l'avance et jeter toujours un biberon entamé. Vérifier toujours la température avant de faire consommer. Peut être consommer froid ou chaud, nature ou mélanger. Pour transformer la bouteille en biberon : 1.Appuyez sur la pré-découpe au centre du bouchon. 2.Mettez en place votre tétine habituelle. 3.Enlevez l'opercule d'aluminium, puis vissez le bouchon avec votre tétine sur la bouteille Croissance. Attention : toute conservation ou préparation incorrecte peut nuire à la santé de votre bébé., Lait partiellement écrémé, eau, lactose, huiles végétales (colza, tournesol), vitamines : A, B1, B2, B5, B6, B8, B9, B12, C, D3, E, K1 et PP, substances d'apport minéral : sulfates de fer, magnésium, zinc, cuivre et manganèse, citrate de sodium, iodure et hydroxyde de potassium, sélénite de sodium, émulsifiant : lécithine de colza, éthylvanilline. Ne contient pas de gluten conformément à la réglementation., Valeur énergétique en Joules :  262Kj, Valeur énergétique en Kcal : 62Kc, Glucides : 8g, Lipides : 2,6g, Protides :2g, Avant ouverture, à conserver dans un endroit frais et sec. Après ouverture, à conserver au froid à +6°C maxi et à consommer dans les 48h.]|"
2,93€ / L"|"
4,40 €"
55|Croissance, de 10 mois à 3 ans, certifié AB|Les 4 bouteilles de 500ml|[Origine : FRANCE, Candia croissance bio convient à l'alimentation progressivement diversifiée du nourrisson à partir de 6 mois., Ce produit ne peut être utilisé comme substitut du lait maternel les 6 premiers mois de la vie. Ce lait est prêt à l'emploi, ne pas rajouter d'eau, ni de sucre. Bien agiter la bouteille avant l'emploi. Peut être réchauffé au four à micro-ondes dans un récipient adapté. Ne pas faire bouillir. Ne pas préparer les biberons à l'avance et jeter toujours un biberon entamé. Vérifier toujours la température avant de faire consommer. Peut être consommé froid ou chaud, nature ou mélangé., Lait partiellement écrémé*, eau, lactose*, huiles végétales* ( colza, tournesol), arôme naturel, vitamines : A, B1, B2, B5, B6, B8, B9, B12, C, D3, E, K1 et PP, substances d'apport minéral : sulfates de fer, magnésium, zinc, cuivre et manganèse, citrate de sodium, iodure et hydroxyde de potassium, sélénite de sodium, émulsifiant : lécithine de colza. Ne contient pas de gluten. *Issus de l'agriculture biologique. Sans arômes artificiels., Valeur énergétique en Joules :  266kj, Valeur énergétique en Kcal : 63kcal, Glucides : 8g, Lipides : 2,6g, Protides :2g, Avant ouverture, à conserver dans un endroit frais et sec. Après ouverture, à conserver au froid, à +6  maxi et à consommer dans les 48h]|"
2,38€ / L"|"
4,76 €"
56|Croissance, de 10 mois à 3 ans, certifié AB|Les 4 bouteilles de 500ml|[Origine : FRANCE, Candia croissance bio convient à l'alimentation progressivement diversifiée du nourrisson à partir de 6 mois., Ce produit ne peut être utilisé comme substitut du lait maternel les 6 premiers mois de la vie. Ce lait est prêt à l'emploi, ne pas rajouter d'eau, ni de sucre. Bien agiter la bouteille avant l'emploi. Peut être réchauffé au four à micro-ondes dans un récipient adapté. Ne pas faire bouillir. Ne pas préparer les biberons à l'avance et jeter toujours un biberon entamé. Vérifier toujours la température avant de faire consommer. Peut être consommé froid ou chaud, nature ou mélangé., Lait partiellement écrémé*, eau, lactose*, huiles végétales* ( colza, tournesol), arôme naturel, vitamines : A, B1, B2, B5, B6, B8, B9, B12, C, D3, E, K1 et PP, substances d'apport minéral : sulfates de fer, magnésium, zinc, cuivre et manganèse, citrate de sodium, iodure et hydroxyde de potassium, sélénite de sodium, émulsifiant : lécithine de colza. Ne contient pas de gluten. *Issus de l'agriculture biologique. Sans arômes artificiels., Valeur énergétique en Joules :  266kj, Valeur énergétique en Kcal : 63kcal, Glucides : 8g, Lipides : 2,6g, Protides :2g, Avant ouverture, à conserver dans un endroit frais et sec. Après ouverture, à conserver au froid, à +6  maxi et à consommer dans les 48h]|"
2,38€ / L"|"
4,76 €"
57|Lait de suite de 10 mois à 3 ans|La bouteille de 50cl|[Origine : FRANCE, Candia croissance bio convient à l'alimentation progressivement diversifiée du nourrisson à partir de 6 mois., Ce produit ne peut être utilisé comme substitut du lait maternel les 6 premiers mois de la vie. Ce lait est prêt à l'emploi, ne pas rajouter d'eau, ni de sucre. Bien agiter la bouteille avant l'emploi. Peut être réchauffé au four à micro-ondes dans un récipient adapté. Ne pas faire bouillir. Ne pas préparer les biberons à l'avance et jeter toujours un biberon entamé. Vérifier toujours la température avant de faire consommer. Peut être consommé froid ou chaud, nature ou mélangé., Lait partiellement écrémé*, eau, lactose*, huiles végétales* ( colza, tournesol), arôme naturel, vitamines : A, B1, B2, B5, B6, B8, B9, B12, C, D3, E, K1 et PP, substances d'apport minéral : sulfates de fer, magnésium, zinc, cuivre et manganèse, citrate de sodium, iodure et hydroxyde de potassium, sélénite de sodium, émulsifiant : lécithine de colza. Ne contient pas de gluten. *Issus de l'agriculture biologique. Sans arômes artificiels., Valeur énergétique en Joules :  266kj, Valeur énergétique en Kcal : 63kcal, Glucides : 8,0g, Lipides : 2,6g, Protides :2,0g, Avant ouverture, à conserver dans un endroit frais et sec, jusqu'à la date indiquée sur la bouteille. Après ouverture, à conserver au froid à +6° C et à consommer dans les 48h.]|"
2,62€ / L"|"
1,31 €"
58|Lait de suite de 10 mois à 3 ans|La bouteille de 50cl|[Origine : FRANCE, Candia croissance bio convient à l'alimentation progressivement diversifiée du nourrisson à partir de 6 mois., Ce produit ne peut être utilisé comme substitut du lait maternel les 6 premiers mois de la vie. Ce lait est prêt à l'emploi, ne pas rajouter d'eau, ni de sucre. Bien agiter la bouteille avant l'emploi. Peut être réchauffé au four à micro-ondes dans un récipient adapté. Ne pas faire bouillir. Ne pas préparer les biberons à l'avance et jeter toujours un biberon entamé. Vérifier toujours la température avant de faire consommer. Peut être consommé froid ou chaud, nature ou mélangé., Lait partiellement écrémé*, eau, lactose*, huiles végétales* ( colza, tournesol), arôme naturel, vitamines : A, B1, B2, B5, B6, B8, B9, B12, C, D3, E, K1 et PP, substances d'apport minéral : sulfates de fer, magnésium, zinc, cuivre et manganèse, citrate de sodium, iodure et hydroxyde de potassium, sélénite de sodium, émulsifiant : lécithine de colza. Ne contient pas de gluten. *Issus de l'agriculture biologique. Sans arômes artificiels., Valeur énergétique en Joules :  266kj, Valeur énergétique en Kcal : 63kcal, Glucides : 8,0g, Lipides : 2,6g, Protides :2,0g, Avant ouverture, à conserver dans un endroit frais et sec, jusqu'à la date indiquée sur la bouteille. Après ouverture, à conserver au froid à +6° C et à consommer dans les 48h.]|"
2,62€ / L"|"
1,31 €"
59|Croissance, à partir de 12 mois|Les 3 sachets de 400g|[Origine : FRANCE, Ingédients: Lactose (LAIT) - huiles végétales (palme, colza, coprah, tournesol, mortierella alpina) - maltodextrines - LAIT écrémé - protéines de lactosérum concentrées (LAIT) - galacto-oligosaccharides (GOS) (LAIT) - fructo-oligosaccharides (FOS) -huile de POISSON - chlorure de choline - taurine - émulsifiant: lécithine de SOJA - inositol - antioxydant: extrait riche en tocophérols - L-tryptophane - nucléotides - L-carnitine - vitamines : C, niacinecine, Biotine, acide folique, A, E, Biotineine, B1, D3, B12, B6, B2, K1 ? minéraux : carbonate de calcium, citrate de k, chlorure de calcium, sulMatières grassese de fer, phosphate de calcium, chlorure de magnésium, sulMatières grasseses de zinc, cuivre et manganèse, iodure de k, sélénite de sodium, Valeur énergétique en Joules :  1960, Valeur énergétique en Kcal : 467, Glucides : 59,3, Lipides : 20,6, Protides :9,3, Avant ouverture, entreposer dans un endroit propre et sec.#Une fois ouverte, la boite peut se conserver au maximum 4 semaines, bien renfermée, dans une endroit sec et frais.]|"
13,43€ / Kg"|"
16,12 €"
60|Croissance, de 10 mois à 3 ans|La bouteille de 500ml|[Origine : FRANCE, Gallia croissance est un lait spécialement conçu pour aider activement l'organisme de votre enfant et favoriser sa croissance harmonieuse., Agitez bien avant emploi. N'ajoutez pas d'eau, ce lait est prêt à l'emploi. Réchauffez à feu doux sans faire bouillir. Contrôler la température à l'intérieur du poignet., Lait écrémé, lactose, matières grasses végétales (palme, coprah, colza, tournesol), protéines de lait, bifidobactéries, ferments lactiques, émulsifiant : lécithine de soja, antioxydant : extrait riche en tocophérols, vitamines : A, D3, E, C, B1, B2,PP, B6, acide folique, B12, biotine, pantothénate de calcium, K1, minéraux : citrate de calcium et  de sodium, chlorure de magnésium, phosphates de calcium et de potassium, sulfates de fer, zinc et cuivre, carbonate et bicarbonate de sodium, iodure de potassium., Valeur énergétique en Joules :  261kj, Valeur énergétique en Kcal : 62kcal, Glucides : 7,8g, Lipides : 2,5g, Protides :2,1g, Avant ouverture, conservez à température ambiante. Après ouverture, conservez au réfrigérateur et consommez dans les 48 heures. Conditionné sous atmosphère protectrice.]|"
3,18€ / L"|"
1,59 €"
61|Croissance, de 10 mois à 3 ans|Les 4 bouteilles de 500ml|[Origine : FRANCE, Gallia croissance c'est aussi un goût nature, sans ajout d'arôme vanille, pour ne pas habituer votre bébé au goût sucré., Agitez bien avant emploi. N'ajoutez pas d'eau, ce lait est prêt à l'emploi. Réchauffé à feu doux sans faire bouillir ou au micro-ondes dans un récipient adapté. Agiter avant de consommer. Contrôler la température sur l'intérieur du poignet., Lait écrémé, lactose, matières grasses végétales (palme, coprah, colza, tournesol), protéines de lait, bifidobactéries, ferments lactiques, émulsifiant : lécithine de soja, antioxydant : extrait riche en tocophérols, vitamines : A, D3, E, C, B1, B2,PP, B6, acide folique, B12, biotine, pantothénate de calcium, K1, minéraux : citrates de calcium et de potassium, chlorure de magnésium, phosphate de calcium et de potassium, sulfate de fer, zinc et cuivre, carbonate et bicarbonate de sodium, iodurede potassium., Valeur énergétique en Joules :  267Kj, Valeur énergétique en Kcal : 64KCal, Glucides : 8,3g, Lipides : 2,45g, Protides :2,1g, Avant ouverture, conserver à température ambiante. Après ouverture, conservez au réfrigérateur et consommez dans les 48 heures. Conditionné sous atmosphère protectrice.]|"
2,88€ / L"|"
5,75 €"
62|Croissance, de 12 mois à 3 ans, en poudre|Le pot de 900g|[Origine : FRANCE, Gallia Croissance est un lait spécialement conçu pour aider activement l'organisme de votre enfant et favoriser sa croissance harmonieuse., Utilisez uniquement la mesurette contenue dans cette boîte de lait. Une mesurette arasée ajoutée à 30ml d'eau. Préparez le biberon juste avant le repas. Une fois préparé, il est recommandé de consommer le biberon dans la demi-heure. Versez la quantité d'eau froide nécessaire dans un biberon propre. Utilisez la mesurette et ajoutez le nombre correspondant en vous aidant du bord araseur de la boite pour enlever le surplus. Agitez horizontalement puis verticalement pendant une dizaine de secondes.Contrôlez la température du lait à l'intérieur de votre poignet. Après la tétée, si votre bébé n'a pas tout bu, jetez le reste du biberon sans hésiter., Lait écrémé, matières grasses végétales (palme, coprah, colza, tournesol), lactose, maltodextrines, sérum partiellement déminéralisé, protéines de lait, bifidobactéries, ferments lactiques, nucléotides, émulsifiant : lécithine de soja, antioxydant :extrait riche en tocophérols, vitamines : A, B3, E, C, B1, B2, PP, B6, ac. folique, B12, biotine, pantothénate de calcium, k1, minéraux : citrates de calcium, de magnésium et de sodium, chlorure de magnésium, phosphates de calcium et de potassium, sulfates de fer, de zinc, de cuivre et de manganèse, bicarbonates de sodium et de potassium, iodure de potassium., Valeur énergétique en Joules :  2020Kj, Valeur énergétique en Kcal : 481KCal, Glucides : 60,6g, Lipides : 20,9g, Protides :12,8g, Une fois ouverte, la boîte peut se conserver au maximum 4 semaines bien refermée dans un endroit sec et frais. Conditionné sous atmosphère protectrice.]|"
13,50€ / Kg"|"
12,15 €"
63|Galliagest croissance  riche en fer|La boite de 900g|[Origine : FRANCE, Riche en fer. Source de fibres. La formule Galliagest Croissance a été développée par nos experts de la nutrition infantile pour participer à répondre aux besoins nutritionnels spécifiques de votre enfant dès 12 mois dans le cadre d'une alimentationdiversifiée. Galliagest Croissance est source de fibres, en donnant 2 biberons de Galliagest Croissance à votre enfant, vous couvrez 50% de ses besoins journaliers en fibres., Plus de 25 biberons de 240 ml reconstitués. Le dosage des biberons sont proposés à titre indicatif. Le corps médical pourra adapter le régime quotidien de votre bébé en fonction de ses besoins spécifiques. Utilisez toujours 1 mesurette de poudre dans30 ml d'eau. Age de l'enfant : dès 12 mois. Poids moyen du bébé : de 9,6 à 14,6 kg. Nombre de biberons par 24 h : 2 à 3. Préparation du biberon : 210 ml d'eau et 7 mesurettes. Galliagest Croissance, par sa formulation, peut entrainer une modification de la fréquence et de l'aspect des selles, sans qu'il faille s'en inquiéter., IngrÍdients : Lait ÍcrÍmÍ - lactose (lait) - lactoserum (lactoserum dÍminÍralisÍ, protÍines de lactoserum concentrÍes) (lait) - sirop de galacto- oligosaccharides (GOS) (lait) - maltodextrines - huiles vÍgÍtales (palme,tournesol, colza) - poudre de galactooligos a c cha rides (GOS) (lait) - fructooligos a c cha r ides (FOS) - Ímulsifiant :lÍcithine de soja -taurine - antioxydant : extrait riche en tocophÍrols ? Vitamines :C, niacine, acide p a n t o t h Í n i q u e ,acide folique, E, A,biotine,B1, D3, B6,B2, B12, K1 ? MinÍraux : phosphate de calcium, carbonate de calcium, citrates de potassium et de sodium, chloruresde magnÍsium et de choline, sulfate de fer, chlorure de potassium, sulfates de zinc et de cuivre, iodure de potassium, sulfate de manganÈse,sÍlÍnite de sodium., Valeur énergétique en Joules :  1860, Valeur énergétique en Kcal : 444, Glucides : 55.6, Lipides : 18.7, Protides :10, Conditionné sous atmosphère protectrice. Une fois ouverture, la boîte peut se conserver au maximum 4 semaines, bien fermée, dans un endroit sec et frais.]|"
16,30€ / Kg"|"
14,67 €"
64|Lait Croissance, à partir de 12 mois|La bouteille de 1l|[Origine : FRANCE, Gallia Croissance est un lait infantile spécialement conçu pour répondre aux besoins nutritionnels de votre enfant et favoriser sa croissance harmonieuse., Agitez bien avant emploi. N'ajoutez pas d'eau, ce lait est prêt à l'emploi. Réchauffez à feu doux sans faire bouillir. Contrôler la température à l'intérieur du poignet., Lait écrémé, lactose, matières grasses végétales (palme, coprah, colza, tournesol), protéines de lait, bifidobactéries, ferments lactiques, émulsifiant : lécithine de soja, antioxydant : extrait riche en tocophérols, vitamines : A, D3, E, C, B1, B2,PP, B6, acide folique, B12, biotine, pantothénate de calcium, K1, minéraux : citrate de calcium et  de sodium, chlorure de magnésium, phosphates de calcium et de potassium, sulfates de fer, zinc et cuivre, carbonate et bicarbonate de sodium, iodure de potassium., Valeur énergétique en Joules :  261kj, Valeur énergétique en Kcal : 62kcal, Glucides : 8,2g, Lipides : 2,5g, Protides :1,7g, Avant ouverture, conservez à température ambiante. Après ouverture, conservez au réfrigérateur et consommez dans les 48 heures. Conditionné sous atmosphère protectrice.]|"
2,58€ / L"|"
2,58 €"
67|Croissance en poudre dès 12 mois|Le pot de 800g|[Origine : FRANCE, Préparation lactée en poudre pour enfants en bas âge, à partir de 12 mois.Jusqu'aux 3 ans de bébé, le lait de vache n'est pas recommandé car il contient trop de protéines et pas assez de fer, ni d'acides gras essentiels.  Le Lait GUIGOZ Croissance Poudre est la solution adaptée aux besoins nutritionnels du petit enfant, car il apporte environ 24 fois plus de fer et 5 fois plus d'Acides linoléiques (Acide Gras essentiel) en moyenne que le lait de vache. Toujours plus à l'écoute des bébés, nos laboratoires ont développé une formule croissance  exclusive avec du Lactobacillus reute.      GUIGOZ Croissance Poudre a été élaboré pour aider à mieux satisfaire les Besoins nutritionnels des grands bébés et favoriser leur bien-être grâce à:une composition protéique optimisée : 1,5g/100mL soit 2 fois moins que le lait de vache, des acides gras essentiels, du fer et des vitamines, un goût nature pour de bonnes habitudes alimentaires, du Lactobacillus reuteri, Le lait infantile (pour nourrissons) reconstitué est un milieu fragile qui peut facilement s'altérer.                                                        -Utilisez une eau minérale ou une eau de source convenant aux nourrissons      -Le lait infantile GUIGOZ Croissance peut être consommé à température ambiante ou tiède. Nous vous déconseillons l'emploi du four à micro-ondes en raison du risque de brûlures                                                              - Préparez un seul biberonà la fois et donnez-le immédiatement à votre bébé. Jetez sans hésiter le reste d'un biberon non terminé.                           -Conservez la boîte bien fermée à l'aide de son couvercle en plastique dans un  endroit sec et frais, pas plus de 3 semaines après ouverture.                 -Veillez à toujours bien tenir votre bébé pendant qu'il prend son biberon, pou r éviter le risque d'étouffement.Respectez toujours un seul dosage : une mesurette arasée (4.5 g de poudre) pour30 ml d'eau. La fréquence des biberons et les quantités à préparer sont des indications moyennes.Le volume et le nombre de biberons sont à adapter par le Corps Médical, aux besoins de chaque enfant. Offrez le biberon sans l'imposer, en acceptant des écarts de volume d'une tétée à l'autre., Ingrédients : LAIT écrémé, maltodextrine, huiles végétales (oléine de palme, colza, tournesol), protéines solubles de LAIT, LACTOSE, citrates de calcium, de potassium et de sodium, émulsifiant : lécithine de SOJA - phosphate de calcium, chlorures demagnésium et de sodium, vitamines : C, E, pantothénate de calcium, niacine, B1, A, B6, B2, B9, K1, biotine, D3, B12, sulfates ferreux, de zinc et de cuivre, culture de Lactobacillus Reuteri DSM 17938*, antioxydant : palmitate de L-ascorbyle, iodure de potassium, sélénate de sodium. *sous licence Biogaia AB., Avant ouverture : conservation à température ambiante.                                              Après ouverture : conservation 3 semaines à température ambiante.]|"
14,75€ / Kg"|"
11,80 €"
68|Guigoz croissance, de 10 mois à 3 ans|La brique de 1L|[Origine : EL SALVADOR]|"
2,06€ / L"|"
2,06 €"
69|Guigoz croissance, de 10 mois à 3 ans|La brique de 1L|[Origine : FRANCE]|"
2,06€ / L"|"
2,06 €"
70|Guigoz croissance, de 10 mois à 3 ans|Les 4 briques de 1L|[Origine : EL SALVADOR, En relais des laits de suite 2ème âge, les Laboratoires Guigoz vous proposent Guigoz Croissance liquide : Avec du calcium et de la vitamine D importants pour la construction osseuse de bébé. Avec des acides gras essentiels, dont l'acide alpha linolénique (AAL)* de la famille des Oméga 3, qui contribuent au développement du tissu cérébral et nerveux de votre bébé. Avec du fer, de la vitamine C et du zinc qui contribuent au fonctionnement normal du système immunitaire. Sans sucres ajoutés parce que les bonnes habitudes alimentaires se prennent dès le plus jeune âge. Avec une teneur réduite en protéines : près de 2 fois moins de protéines que dans le lait de vache. *Ciqual 2012. Lait de vache demi-écrémé UHT., Quantités recommandées : 2x250 ml de Guigoz Croissance par jour. Le lait maternel est, pour chaque nourrisson, l'aliment idéal et naturel. Toutefois, si vous ne pouvez pas ou ne souhaitez pas allaiter, le Corps Médical vous conseillera un lait infantile pour votre enfant. N'en changez pas sans demander l'avis de votre médecin. Le lait de suite est un élément de l'alimentation diversifiée des nourrissons à partir de 6 mois et ne peut être utilisé comme substitut du lait maternel pendant les premiers mois de la vie. La décision d'introduire des aliments complémentaires y compris avant l'âge de 6 mois ne devrait être prise que sur avis d'un professionnel de santé. Ne pas utiliser si l'emballage (brique, bouchon) est abîmé., Ingrédients : Eau, LAIT écrémé, maltodextrines, protéines solubles de LAIT, huiles végétales (oléine de palme, colza et tournesol), amidon, fibres alimentaires (oligo-saccharides, inuline), citrates de calcium, de potassium et de magnésium - émulsifiant : lécithine de SOJA - phosphates de sodium et de calcium, chlorure de potassium, vitamines : C, E, niacine, pantothénate de calcium, A, B1, B6, B2, B9, K1, biotine, D, B12 - correcteur d'acidité : acide citrique - vanilline, sulfates ferreux, dezinc, de cuivre et de manganèse - iodure de potassium, sélénate de sodium., Avant ouverture : conservez la brique à température ambiante (4-25°C) dans un endroit propre et sec. Après ouverture, conservez la brique au réfrigérateur (max 6°C), et consommez sous 48 heures.]|"
1,98€ / L"|"
7,93 €"
71|Lait nature croisssance, de 10 à 36 mois|La bouteille de 1L|[Origine : FRANCE, Lactel a développé Eveil Nature sans arôme vanille et sans sucres ajoutés pour ne pas habituer votre enfant au goût sucré., Agiter avant emploi. Ne pas faire bouillir. En relais du lait 2ème âge, Lactel Eveil Nature convient particulièrement aux enfants de 10 mois à 3 ans., Eau, lait partiellement écrémé, poudre de perméat de lait partiellement déminéralisé, maltodextrines, huiles de colza et de tournesol, citrates de calcium, de potassium et de magnésium, phosphate de sodium, sulfate de fer, gluconates de zinc, de cuivre, de manganèse, sélénite de sodium, iodure de potassium, vitamines (A, D, C, E, B1, B2, B5, B6, B8, B9, B12, K, PP), émulsifiant : mono et diglycérides dacide gras, antioxygène : alpha-tocophérol. Sans sucres ajoutés., Valeur énergétique en Joules :  272kj, Valeur énergétique en Kcal : 65kcal, Glucides : 7,7g, Lipides : 3,0g, Protides :1,7g, Après ouverture, à conserver au réfrigérateur (+6°C max) et à consommer dans les 48 heures.]|"
2,19€ / L"|"
2,19 €"
72|Lait nature croisssance, de 10 à 36 mois|Les 6 bouteilles de 1L|[Origine : FRANCE, Eveil® Nature est sans arôme vanille et sans sucres ajoutés*. Le fait d'avoir un goût nature peut participer à l'apprentissage du goût de l'enfant et lui faire prendre de bonnes habitudes alimentaires dès son plus jeune âge.                                                                        De plus, comme le goût dEveil® Nature n'est pas vanillé, c'est le lait de  croissance idéal pour une bonne transition entre le lait 2ème âge et le lait de vache classique.                                                   Eveil® Nature, a été conçu par des experts en nutrition infantile pour apporter tous les nutriments du lait de croissance pour répondre aux besoins de votre enfant entre 10 mois et 3 ans, conformément à la réglementation. Eveil Nature Croissance contient du fer, 11 vitamines, du calcium et des acides gras essentiels. *Contient des sucres naturellement présents, Agiter avant emploi. Ne pas faire bouillir. La quantité quotidienne conseillées par les pédiatres est de 500ml., Eau, lait partiellement écrémé, poudre de perméat de lait partiellement déminéralisée, maltodextrines, huiles végétales (colza, tournesol), minéraux (citrate de calcium, citrate de potassium, citrate de magnésium, phosphate de sodium, sulfate ferreux, gluconate de zinc, sélénite de sodium, gluconate de cuivre, iodure de potassium, gluconate de manganèse), vitamines (C, PP, A, D3, B5, E, B2, B6, B1, K, B9, H, B12), émulsifiant (lécithine de tournesol), antioxygène (alpha-tocophérol)., Valeur énergétique en Joules :  264kj, Valeur énergétique en Kcal : 63kcal, Glucides : 7,3g, Lipides : 3,0g, Protides :1,7g, Après ouverture à conserver au réfrigérateur (+6°Cmax) et à consommer dans les 48h.]|"
2,19€ / L"|"
13,15 €"
73|Milumel croissance poudre|La boite de 1,5kg|[Origine : FRANCE, À partir de 10 mois, Milumel Croissance apporte tous les éléments essentiels au développement de Bébé et laccompagne dans la diversification alimen taire.                                                                    Grâce à son savoir-faire, Milumel a développé une formule qui respecte rigoureusement la réglementation et répond aux besoins nutritionnels des bébés. Dès 10-12 mois, lorsque la diversification alimentaire se passe bien, Milumel apporte les éléments indispensables à la croissance de Bébé: fer, vitamines et acides gras essentiels. Milumel Croissance est nature et sans sucres ajoutés pour ne pas habituer bébé au goût sucré.                   Caractéristiques de la formule Milumel Croissance : Sans huile de palme, grâce à lajout de lipides laitiers. Aux nutriments essentiels, avec du fer  des vitamines et des acides gras essentiels(1). Produits en France, les laits infantiles en poudre Milumel sont fabriqués dans notre usine de Craon en Mayenne (53)., Lactosérum déminéralisé, lait écrémé, huiles végétales (colza, tournesol), maltodextrines, matière grasse laitière, lactosérum, minéraux (phosphate tricalcique, hydroxyde de potassium, sulfate ferreux, sulfate de zinc, chlorure de potassium, sélénitede sodium, sulfate de cuivre, iodure de potassium, sulfate de magnésium, sulfate de manganèse), émulsifiant (lécithine de soja),  vitamines (C,E,PP,A,B5,B2, B1,K, B6, D,B9,H,B12), antioxygènes (palmitate d'ascorbyle, tocophérols), inositol, chlorurede choline., Valeur énergétique en Joules :  2035kj, Valeur énergétique en Kcal : 66kcal, Glucides : 7,9g, Lipides : 3,0g, Protides :1,7g, Après chaque utilisation, bien refermer la boîte avec le couvercle. Conserver au frais et au sec. Utiliser le contenu dans les 4 semaines après ouverture.]|"
10,05€ / Kg"|"
15,08 €"
74|Croissance, sans huile de palme|La bouteille de 1L|[Origine : FRANCE, À partir de 10 mois, Milumel Croissance apporte tous les éléments essentiels au développement de Bébé et l'accompagne dans la diversification alimentaire.                                                                    Grâce à son savoir-faire, Milumel a développé une formule qui respecte rigoureusement la réglementation et répond aux besoins nutritionnels des bébés.                                                                        Dès 10-12 mois, lorsque la diversification alimentaire se passe bien, Milumel Croissance est nature et sans sucres ajoutés pour ne pas habituer bébé au goût sucré., Agiter avant emploi. Ne pas faire bouillir. La quantité quotidienne conseillées par les pédiatres est de 500ml., Eau, lait partiellement écrémé, poudre de perméat de lait partiellement déminéralisée, maltodextrines, huiles végétales (colza, tournesol), minéraux (citrate de calcium, citrate de potassium, citrate de magnésium, phosphate de sodium, s sulfate ferreux, gluconate de zinc, sélénite de sodium, gluconate de cuivre, iodure de potassium, gluconate de manganèse), vitamines (C, PP, A, D3, B5, E, B2, B6, B1, K, B9, H, B12), émulsifiant (lécithine de tournesol), antioxygène (alpha-tocophérol)., Valeur énergétique en Kcal : 65kcal, Glucides : 7,7g, Lipides : 3,0g, Protides :1,7g, Après ouverture à conserver au réfrigérateur (+6°C max) et à consommer dans les 48h.]|"
1,83€ / L"|"
1,83 €"
75|Biscuits boudoirs, dès 8 mois, certifié AB|Le paquet de 120g|[Origine : FRANCE, Des biscuits équilibrés et savoureux pour le bébé dès 8 mois. Parfumés à l'huile essentielle d'orange douce, les biscuits Babybio séduiront votre bébé à l'heure du goûter.La forme et la taille du biscuit ont été spécialement étudiées pour la bouche et la main du bébé. Le biscuit Babybio possède une consistance à la fois croquante et fondante qui ne s'émiette pas et facilite la percée des dents., Pour déguster son boudoir, Bébé devra être en position assise sous l'oeil attentif d'un adulte., Farine de froment*, oeuf entier*, sucre de canne*, amidon de blé*, poudre à lever : carbonate acide d'ammonium, huile essentielle d'orange douce*, vitamine B1 (thiamine). *Ingrédients d'origine agricole issus de l'agriculture biologique. Contient dugluten. Peut contenir des traces d'arachide, de soja, de sésame, de lait et de fruits à coque., Valeur énergétique en Joules :  1670Kj, Valeur énergétique en Kcal : 394Kcal, Glucides : 79g, Lipides : 4,3g, Protides :9,9g]|"
27,75€ / Kg"|"
3,33 €"
76|Biscuits boudoirs, dès 8 mois, certifié AB|Le paquet de 120g|[Origine : FRANCE, Des biscuits équilibrés et savoureux pour le bébé dès 8 mois. Parfumés à l'huile essentielle d'orange douce, les biscuits Babybio séduiront votre bébé à l'heure du goûter.La forme et la taille du biscuit ont été spécialement étudiées pour la bouche et la main du bébé. Le biscuit Babybio possède une consistance à la fois croquante et fondante qui ne s'émiette pas et facilite la percée des dents., Pour déguster son boudoir, Bébé devra être en position assise sous l'oeil attentif d'un adulte., Farine de froment*, oeuf entier*, sucre de canne*, amidon de blé*, poudre à lever : carbonate acide d'ammonium, huile essentielle d'orange douce*, vitamine B1 (thiamine). *Ingrédients d'origine agricole issus de l'agriculture biologique. Contient dugluten. Peut contenir des traces d'arachide, de soja, de sésame, de lait et de fruits à coque., Valeur énergétique en Joules :  1670Kj, Valeur énergétique en Kcal : 394Kcal, Glucides : 79g, Lipides : 4,3g, Protides :9,9g]|"
27,75€ / Kg"|"
3,33 €"
77|Boudoir adapté à bébé|Le paquet de 6 pochons de 4 biscuits|[Origine : FRANCE, 39% de sucre en moins qu'un boudoir classsique. Une texture, une taille et une forme spécifiques adaptées aux bébés de plus de 10 mois., Il est important de donner des biscuits dans le cadre du goûter. Vous pouvez donner Blédiscuit Boudoir à votre bébé s'il se tient assis tout seul dans sa chaise bébé, mange des plats avec des petits morceaux, mange un morceau de pain, a déjà deux dents. et sous la surveillance permanente d'un adulte., Sucre, farine de blé, amidon de blé, oeuf 19%, huile de colza, arôme naturel, poudres à lever (carbonate acide d'ammonium, tartrate de potassium), vitamine B1. Contient du gluten. Peut contenir des traces d'arachide, de soja, de lait, de fruits à coques et de sésame. Contient du gluten., A conserver dans un endroit frais et sec.]|"
19,17€ / Kg"|"
2,30 €"
78|Lait et céréales, goût biscuité, dès 6 mois|Les 4 briques de 250ml|[Origine : FRANCE, Elaboré par nos nutritionnistes, spécialistes de l'alimentation des bébés jusqu'à 3 ans, Blédidej c'est : un dîner complet et équilibré pour votre bébé.Blédidej, c'est une texture onctueuse et des saveurs gourmandes pour régaler bébé au petit déjeuner !, A boire chaud ou à température ambiante. Ce produit ne peut être utilisé comme substitut de lait maternel pendant les quatre premiers mois de la vie., Lait de suite 90% (lait écrémé, maltodextrines, matières grasses végétales (palme, coprah, colza, tournesol), lactose, émulsifiants : lécithine de soja, antioxydant : extrait riche en tocophérols, vitamines : A, D3, E, C, B1, B2, PP, B6, acide folique, B12, biotine, pantothénate de calcium, K1, minéraux : citrates de sodium, diphosphate ferrique, phosphate de calcium, sulfates de zinc et de cuivre, carbonate de calcium, bicarbonate de sodium, iodure de potassium), céréales infantiles 10% (farines de blé et de riz 3,1%, sucre, poudre de lait partiellement écrémé, amidon transformé de maïs, maltodextrines, caramel, matières grasses végétales (palme, coprah, colza, tournesol), arôme vanille (vanilline), émulsifiant : lécithine de soja, vitamines : C). Contient du gluten.]|"
3,98€ / L"|"
3,98 €"
79|Mini-galette de riz à la pomme à croquer, dès 10 mois|Le paquet de 40g|[Origine : FRANCE, 84,5% de riz complet bio, 15,5% de jus de pomme bio concentrÍ, vitamine B1, Valeur énergétique en Joules :  1634kj, Valeur énergétique en Kcal : 386kcal, Glucides : 82,2g, Lipides : 2,4g, Protides :7,3g]|"
46,75€ / Kg"|"
1,87 €"
80|Mini-galette de riz à la pomme à croquer, dès 10 mois|Le paquet de 40g|[Origine : FRANCE, 84,5% de riz complet bio, 15,5% de jus de pomme bio concentrÍ, vitamine B1, Valeur énergétique en Joules :  1634kj, Valeur énergétique en Kcal : 386kcal, Glucides : 82,2g, Lipides : 2,4g, Protides :7,3g]|"
46,75€ / Kg"|"
1,87 €"
81|Biscuits, dès 10 mois|Le paquet de 180g|[Origine : FRANCE, P'tit Biscuit a une forme idéale pour les petites mains et la petite bouche de bébé. Sa texture croquante et fondante est adaptée à la percée des dents., C'est toujours assis bien droit et sous la surveillance d'un adulte que votre bébé peut savourer son p'tit biscuit., Ingrédients: Farine de blé (59,5%), sucre, huile végétale, lait écrémé en poudre, poudre à lever (carbonate d'ammonium, carbonate de sodium), protéines de lait, extrait de malt d'orge, minéraux (phosphate de calcium, pyrophosphate de fer), sel, émulsifiant : lécithine de soja, arômes, vitamines (PP, B5, B1, B2, B6)., Après ouverture, fermez soigneusement le paquet et conservez-le dans un endroit frais et sec.]|"
12,50€ / Kg"|"
2,25 €"
82|Chocolat Gourmand, dès 12 mois|Les 4 briques de 250ml|[Origine : FRANCE, Lait de suite 90 % ÝLait ÍcrÍmÍ - maltodextrines - matiÈres grasses vÍgÍtales (palme, coprah, colza,tournesol) - lactose - Ímulsifiant : lÍcithine de soja - antioxydant : extrait riche en tocophÍrols - Vitamines : A, D3, E, C, B1, B2, PP, B6, acide folique, B12, biotine, pantothÍnate de calcium, K1 - MinÍraux : citrate de sodium, diphosphate ferrique, phosphate de calcium, sulfates de zinc et de cuivre   carbonate de calcium, bicarbonate de sodium, iodure de potassium~ - CÍrÍales infantiles 10 %Ýfarines de blÍ et de riz 3,2 % - chocolat 1 % (sucre, pÇte de cacao, beurre de cacao, Ímulsifiant : lÍcithine de soja) - amidon transformÍ de maÕs - sucre - maltodextrines - cacao dÍgraissÍ 0,2 % - matiÈres grasses vÍgÍtales (palme,coprah, colza,tournesol) - ar«me vanille (vanilline) - Ímulsifiant : lÍcithine de soja - vitamine C~. Contient du gluten ., Valeur énergétique en Joules :  385, Valeur énergétique en Kcal : 92, Glucides : 13.5, Lipides : 3.3, Protides :2.1]|"
4,17€ / L"|"
4,17 €"
83|Dessert lacté à la pêche et poire, dès 6 mois|Les 6 pots de 60g|[Origine : FRANCE, Les coupelles Blédilacté sont à base de lait infantile pouvant également participer à couvrir les besoins spécifiques des bébés et ainsi venir compléter les 500ml de lait infantile., A savourer frais c'est encore meilleur ! Ne pas ajouter de sucre. Ne pas conserver le produit restant., Lait de suite reconstitué sans vitamines A et D 78% (lait écrémé et lactosérum fermentés reconstitués 39,3%, crème, maltodextrines, sucre, huiles végétales 0,35% (colza, tournesol), lactose, vitamines : C, E, PP, B5, B1, B9, B6, K , minéraux : diphosphate ferrique, sulfates de zinc et de cuivre, iodure de potassium), eau, sucre, purée de fruits (pêches 3%, poires 2%), poudre de lait écrémé et lactosérum fermentés 3%, crème, amidon transformé de maïs, amidon de manioc, lactosérum, arômes, huilesvégétales 0,4% (colza, tournesol), acidifiant : acide citrique, émulsifiants : mono et diglycérides de colza, lécithine de soja, antioxydant : extraits riches en tocophérols. Sans gluten. Sans arômes artificiels., Valeur énergétique en Joules :  414, Valeur énergétique en Kcal : 98, Glucides : 14,9g, Lipides : 3,1g, Protides :2,7g, Peut se conserver à température ambiante. A consommer dès l'ouverture. Conditionné sous atmosphère protectrice.]|"
6,86€ / Kg"|"
2,47 €"
84|Dessert lacté nature et sucré, dès 6 mois|Les 6 pots de 60g|[Origine : FRANCE, 1 coupelle = 45ml de lait infantile* = 18% des besoins journaliers en calcium au minimum par coupelle. *Sans vitamines A et D., A savourer frais c'est encore meilleur ! Ne pas ajouter de sucre. Ne pas conserver le produit restant., Lait de suite reconstitué sans vitamines A et D 78% (lait écrémé et lactosérum fermentés reconstitués 39.3%, crème, maltodextrines, sucre, huiles végétales 0.35% (colza, tournesol), lactose, vitamines : C, E, PP, B5, B1, B9, B6, K, minéraux : diphosphate ferrique, sulfates de zinc et de cuivre, iodure de potassium), eau, sucre 5.9%, poudre de lait écrémé et lactosérum fermentés, crème, amidon transformé de maïs, amidon de manioc, lactosérum, huiles végétales 0.4% (colza, tournesol), acidifiant :acide citrique, arôme naturel, émulsifiants : mono et diglycérides de colza, lécithine de soja, antioxydant : extraits riches en tocophérols. Sans gluten. Sans arômes artificiels., Valeur énergétique en Joules :  435Kj, Valeur énergétique en Kcal : 103Kcal, Glucides : 15,5g, Lipides : 3,4g, Protides :2,7g, Peut se conserver à température ambiante. A consommer dès l'ouverture.]|"
6,58€ / Kg"|"
2,37 €"
85|Dessert à la semoule et au lait, dès 6 mois|Les 4 pots de 100g|[Origine : FRANCE, P'tit Gourmand contient la juste dose de protéines de lait, du calcium et du magnésium pour des os solides, et des nutriments essentiels (dont zinc) pour aider bébé à bien grandir., Encore meilleur frais. Ne pas conserver le produit une fois entamé., Ingrédients: Lait entier 89 %, sucre, semoule de blé dur 4 %, amidon transformé, concentré de minéraux du lait, minéraux : citrate de magnésium, sulfate de zinc, vanilline, épaississant : farine de graines de caroube. Correcteur d'acidité : hydroxydede potassium., Avant ouverture, conserver à température ambiante.]|"
4,65€ / Kg"|"
1,86 €"
86|Dessert au caramel, dès 6 mois|Les 4 coupelles de 100g|[Origine : FRANCE, P'tit Gourmand contient la juste dose de protéines de lait, du calcium et du magnésium pour des os solides, et des nutriments essentiels pour aider bébé à bien grandir., Ingrédients : Lait demi-écrémé 89%, caramel 3%, amidons, sucres, huiles végétales, concentré de minéraux du lait, minéraux : citrate de magnésium, sulfate de zinc -  arôme, épaississant : farine de graines de caroube, correcteur d'acidité : hydroxydede potassium.]|"
4,45€ / Kg"|"
1,78 €"
87|Dessert lacté à l'abricot|Les 6 pots de 60g|[Origine : FRANCE, P'tit Brassé Mini est riche en calcium et contient la juste dose de protéine de lait. Grâce à sa texture lisse et son bon goût de fruits, bébé s'initiera en douceur à la diversification., Encore meilleur frais. Ne pas conserver le produit une fois entamé. La bonne quantité c'est : quelques cuillères à café pour débuter, puis augmenter les cuillérées selon l'appétit et l'âge du bébé., Ingrédients : Lait entier 85%, sucre, purée d'abricots 3,5%, amidons transformés, protéines de lait, concentré de minéraux du lait, minéraux : chlorure de magnésium, sulfate de zinc - épaississant : pectine - correcteurs d'acidité : hydroxyde de potassium, acide lactique - ferments lactiques, arôme., Se conserve à température ambiante. Conditionné sous atmosphère protectrice.]|"
6,81€ / Kg"|"
2,45 €"
88|Dessert lacté à l'abricot, dès 6 mois|Les 4 pots de 100g|[Origine : FRANCE, Retrouvez tous les bienfaits du lait dans un dessert spécialement adapté aux besoins de bébé., Encore meilleur frais. Ne pas conserver le produit une fois entamé., Ingrédients : Lait entier 85%, sucre, purée d'abricot 3,5%, amidons transformés, protéines de lait, concentré de minéraux du lait, minéraux : chlorure de magnésium, sulfate de zinc, épaississant : pectine, correcteurs d'acidité : hydroxyde de potassium, acide lactique, ferments lactiques, arôme., Avant ouverture conserver à température ambiante.]|"
4,48€ / Kg"|"
1,79 €"
89|Dessert lacté à la banane, dès 6 mois|Les 4 pots de 100g|[Origine : FRANCE, Retrouvez tous les bienfaits du lait dans un dessert spécialement adapté aux besoins de Bébé. P'tit Brassé est riche en calcium pour des os solides , contient la juste dose de protéines de lait et des nutriments essentiels (dont zinc) pour la croissance de bébé., Encore meilleur frais. Ne pas conserver le produit une fois entamé., Ingrédients : Lait entier 85%, sucre, purée de bananes 3,5%, amidons transformés, protéines de lait, concentré de minéraux du lait, minéraux : chlorure de magnésium, sulfate de zinc -  épaississant : pectine, correcteurs d'acidité : hydroxyde de potassium, acide lactique, ferments lactiques, arôme., Avant ouverture, se conserve à température ambiante. Conditionné sous atmosphère protectrice.]|"
4,45€ / Kg"|"
1,78 €"
90|Dessert lacté à la fraise, dès 6 mois|Les 4 pots de 100g|[Origine : FRANCE, Retrouvez tous les bienfaits du lait dans un dessert spécialement adapté aux besoins de bébé. P'tit Brassé est riche en calcium pour des os solides, contient la juste dose de protéines de lait et des nutriments essentiels (dont zinc) pour la croissance de bébé., Encore meilleur frais., Ingrédients : Lait entier 85%, sucre, purée de fraises 3,5%, amidons transformés, protéines de lait, concentré de minéraux du lait, minéraux : chlorure de magnésium, sulfate de zinc, épaississant : pectine, correcteur d'acidité : hydroxyde de potassium, acide lactique, ferments lactiques, arôme., Avant ouverture, conserver à température ambiante. Ne pas conserver le produit une fois entamé.]|"
4,93€ / Kg"|"
1,97 €"
91|Dessert lacté à la framboise, dès 6 mois|Les 4 pots de 100g|[Origine : FRANCE, Sans conservateur. Sans colorant.P'tit Brassé contient la juste dose de protéines de lait, du calcium et du magnésium pour des os solides, et des nutriments essentiels (dont zinc) pour aider bébé à bien grandir., Ingrédients : Lait entier 85%, sucre, jus de framboises 3,5%, amidons transformés, protéines de lait, concentré de minéraux du lait, minéraux : chlorure de magnésium, sulfate de zinc -   épaississant : pectine, correcteur d'acidité : hydroxyde de potassium, ferments lactiques, arôme.]|"
4,75€ / Kg"|"
1,90 €"
92|Dessert lacté à la myrtille, dès 6 mois|Les 4 pots de 100g|[Origine : FRANCE, Sans conservateur. Sans colorant.P'tit Brassé contient la juste dose de protéines de lait, du calcium et du magnésium pour des os solides et des nutriments essentiels pour aider bébé à bien grandir., Ingrédients : Lait entier 85%, sucre, purée de myrtilles 3,5%, amidons transformés, protéines de lait, concentré de minéraux du lait, minéraux : chlorure de magnésium, sulfate de zinc - épaississant : pectine - correcteur d'acidité : hydroxyde de potassium, ferments lactiques, arôme.]|"
4,40€ / Kg"|"
1,76 €"
93|Dessert lacté à la poire, dès 6 mois|Les 4 pots de 100g|[Origine : FRANCE, P'tit Brassé contient la juste dose de protéines de lait, du calcium et du magnésium pour des os solides, et des nutriments essentiels (dont zinc) pour aider bébé à bien grandir., Ne pas conserver le produit une fois entamé. Encore meilleur frais., Ingrédients : Lait entier 85%, sucre, purée de poire 3,5%, amidons transformés, protéines de lait, concentré de minéraux du lait, minéraux : chlorure de magnésium, sulfate de zinc -  épaississant : pectine, correcteurs d'acidité : hydroxyde de potassium, acide lactique, ferments lactiques, arôme., Avant ouverture, conserver à température ambiante. Conditionné sous atmosphère protectrice.]|"
4,65€ / Kg"|"
1,86 €"
94|Dessert lacté à la poire, dès 6 mois|Les 6 pots de 60g|[Origine : FRANCE, P'tit Brassé Mini est riche en calcium et contient la juste dose de protéine de lait. Grâce à sa texture lisse et son bon goût de fruits, bébé s'initiera en douceur à la diversification., Encore meilleur frais. Ne pas conserver le produit une fois entamé. La bonne quantité c'est : quelques cuillères à café pour débuter, puis augmenter les cuillérées selon l'appétit et l'âge du bébé. Ne pas conserver le produit une fois entamé., Ingrédients : Lait entier 85%, sucre, purée de poires 3,5%, amidons transformés, protéines de lait, concentré de minéraux du lait, minéraux : chlorure de magnésium, sulfate de zinc - épaississant : pectine - correcteurs d'acidité : hydroxyde de potassium, acide lactique : ferments lactiques, arôme., A conserver à température ambiante. Conditionné sous atmosphère protectrice.]|"
6,86€ / Kg"|"
2,47 €"
95|Dessert lacté à la vanille, dès 6 mois|Les 4 pots de 100g|[Origine : FRANCE, Nestlé pour bien démarrer dans la vie. Un dessert gourmand au lait infantile pour faire plaisir à bébé tout en aidant à respecter ses besoins nutritionnels, Encore meilleur frais., Ingrédients : Lait entier 90,5%, sucre, amidon transformé, amidon, arôme naturel de vanille, concentré de minéraux du lait, minéraux : citrate de magnésium, sulfate de zinc - épaississant : farine de graines de caroube - vanilline, correcteur d'acidité : hydroxyde de potassium., Se conserve à température ambiante.]|"
4,43€ / Kg"|"
1,77 €"
96|Dessert lacté au chocolat, dès 8 mois|Les 4 pots de 100g|[Origine : FRANCE, Nestlé pour bien démarrer dans la vie. Un dessert gourmand au lait infantile pour faire plaisir à bébé tout en aidant à respecter ses besoins nutritionnels., Encore meilleur frais., Ingrédients : Lait entier 88%, chocolat en poudre 3,4% (cacao, sucre), sucre, amidons, huiles végétales, concentré des minéraux du lait, minéraux : citrate de magnésium, sulfate de zinc - épaississant : farine de graines de caroube, correcteur d'acidité : hydroxyde de potassium., Se conserve à température ambiante.]|"
5,13€ / Kg"|"
2,05 €"
97|Dessert lacté au fromage blanc nature et sucré, dès 6 mois|Les 4 pots de 100g|[Origine : FRANCE, P'tit Onctueux au fromage blanc contient : du calcium pour aider à fortifier les os et la juste dose de protéines de lait pour aider bébé à bien grandir., Encore meilleur frais. Ne pas conserver le produit une fois entamé., Ingrédients : Eau, fromage blanc au lait écrémé pasteurisé 25%, purée de pommes 15%, sucre, lactose, crème fraîche, amidon, protéines de lait, huiles végétales (colza, tournesol), arôme naturel, acidifiant : acide citrique - chlorure de calcium, épaississant : farine de graines de caroube - vitamine C., Avant ouverture, se conserve à température ambiante.]|"
5,25€ / Kg"|"
2,10 €"
98|Dessert lacté sans conservateur, biscuit source de fer, dès 6 mois|Les 4 coupelles de 100g|[Origine : FRANCE, Pour bien démarrer dans la vie. Offrir les P'tit Gourmand au lait, spécialement adaptés à bébé, c'est l'aider à respecter ses besoins nutritionnels tout en lui faisant plaisir., Encore meilleur frais.  Ne pas conserver le produit une fois entamé., Ingrédients : Lait demi-écrémé 87%, sucre, biscuit 3% (farine de blé, sucre, huile végétale, poudre de petit lait, agent levant : carbonate de potassium, acidifiant : acide citrique), amidon, sirop de sucre caramélisé, huiles végétales, farine de blé, concentré de minéraux du lait, minéraux : citrate de magnésium, sulfate de zinc, arômes, correcteur d'acidité : hydroxyde de potassium., Avant ouverture, se conserve à température ambiante.]|"
5,05€ / Kg"|"
2,02 €"
99|Jus de Pomme-Orange|Les 2 boureilles de 20cl (40cl)|[Origine : FRANCE, Pour l'éveil de bébé aux saveurs naturelles et son bon équilibre nutritionnel, tous les jus Babybio sont élaborés à partir de purs jus, sans sucres ajoutés., Agiter avant emploi. A donner au biberon ou à la cuillère, pur ou dilué dans de l'eau. Ne pas ajouter de sucre., Pur jus de pommes* 60%, pur jus d'oranges* 35%, acérola*. *Ingrédients issus de l'agriculture biologique. L'acérola est une petite cerise d'Amérique du Sud très riche en vitamine C naturelle. Sans gluten, sans sucres ajoutés., Valeur énergétique en Joules :  173kj, Valeur énergétique en Kcal : 41kcal, Glucides : 9,9g, Lipides : 0,1g, Protides :0,28g, La bouteille refermée hermétiquement peut se conserver 48h au réfrigérateur.]|"
7,68€ / L"|"
3,07 €"
100|Jus de Pomme-Orange|Les 2 boureilles de 20cl (40cl)|[Origine : FRANCE, Pour l'éveil de bébé aux saveurs naturelles et son bon équilibre nutritionnel, tous les jus Babybio sont élaborés à partir de purs jus, sans sucres ajoutés., Agiter avant emploi. A donner au biberon ou à la cuillère, pur ou dilué dans de l'eau. Ne pas ajouter de sucre., Pur jus de pommes* 60%, pur jus d'oranges* 35%, acérola*. *Ingrédients issus de l'agriculture biologique. L'acérola est une petite cerise d'Amérique du Sud très riche en vitamine C naturelle. Sans gluten, sans sucres ajoutés., Valeur énergétique en Joules :  173kj, Valeur énergétique en Kcal : 41kcal, Glucides : 9,9g, Lipides : 0,1g, Protides :0,28g, La bouteille refermée hermétiquement peut se conserver 48h au réfrigérateur.]|"
7,68€ / L"|"
3,07 €"
101|Jus de fruits, pomme et framboise, dès 6 mois, sans sucres ajoutés|La bouteille de 200ml|[Origine : FRANCE, Sans sucres ajoutés*. *Contient des sucres naturellement présents., La présence d'un dépôt est normale. Agitez la bouteille avant emploi. Vérifier que la bouteille fait bien un déclic à l'ouverture. Veiller à ne pas laissez bébé téter trop longtemps pour préserver sa futur dentition. Ne pas utiliser si la bouteille et/ou le couvercle sont endommagés., Ingrédients : Jus de pommes (à base de concentré) 61%, eau 19%, jus de framboise 10%, jus de raisin (à base de concentré) 8,2%, vitamine C., Avant ouverture, conserver à température ambiante dans un endroit propre et sec. Après ouverture se conserve 48 heures au réfrigérateur, nous vous conseillons de ne pas consommer directement dans la bouteille.]|"
4,70€ / L"|"
0,94 €"
102|Jus de fruits, pomme et pêche, dès 4/6 mois, sans sucre ajoutés|La bouteille de 200ml|[Origine : FRANCE, Cette boisson Nestlé est sans sucres ajouté pour aider bébé à ne pas s'habituer au goût trop sucré.Nestlé pour bien démarrer dans la vie. Sans sucres ajoutés, les boissons Nestlé permettent d'hydrater votre bébé tout en respectant son équilibre alimentaire., La présence d'un dépôt est naturelle, agitez la bouteille avant emploi. Au biberon, ne laissez pas bébé téter trop longtemps pour préserver sa future dentition., Jus de pommes à base de jus de pommes concentré (eau 69,4%, jus de pommes concentré 13,8%), pulpe de pêches 16,6%, vitamine C. Fruits sélectionnés spécifiquement pour bébé : traitements limités au strict minimum. Sans conservateur. Sans colorant. Sans arôme artificiel. Sans gluten. Sans sucres ajoutés. Contient des sucres naturellement présents., La bouteille bien refermée peut se conserver 48h au réfrigérateur.]|"
4,65€ / Kg"|"
0,93 €"
103|Fruits jaunes, dès 4 mois|Les 2 coupelles de 120g|[Origine : FRANCE]|"
9,33€ / Kg"|"
2,24 €"
104|Fruits jaunes, dès 4 mois|Les 2 coupelles de 120g|[Origine : FRANCE]|"
9,33€ / Kg"|"
2,24 €"
105|Gourdes pomme, poire, pêche, dès 12mois|Les 4 gourdes de 90g|[Origine : FRANCE, Quel plaisir pour bébé de déguster sa portion de fruits en toute autonomie., Ne pas laisser le bébé jouer avec le bouchon. Ne pas laisser l'enfant sans surveillance., Pomme* 50%, poire* 30%, pêche* 20%. *Ingrédients issus de l'agriculture biologique. Sans sucres ajoutés, sans gluten, sans lait., Se conserve à température ambiante. Après ouverture, la gourde refermée se conserve 24h au réfrigérateur. Conditionné sous atmosphère protectrice.]|"
10,00€ / Kg"|"
3,60 €"
106|Gourdes pomme, poire, pêche, dès 12mois|Les 4 gourdes de 90g|[Origine : FRANCE, Quel plaisir pour bébé de déguster sa portion de fruits en toute autonomie., Ne pas laisser le bébé jouer avec le bouchon. Ne pas laisser l'enfant sans surveillance., Pomme* 50%, poire* 30%, pêche* 20%. *Ingrédients issus de l'agriculture biologique. Sans sucres ajoutés, sans gluten, sans lait., Se conserve à température ambiante. Après ouverture, la gourde refermée se conserve 24h au réfrigérateur. Conditionné sous atmosphère protectrice.]|"
10,00€ / Kg"|"
3,60 €"
107|Petits pots, Délice de fruits, dès 4 mois, certifié AB|Les 2 pots de 130g|[Origine : FRANCE, Pour l'éveil de bébé aux saveurs naturelles et son bon équilibre nutritionnel, Babybio sélectionne avec soin l'origine de ses ingrédients., Servir à température ambiante. Ne pas ajouter de sucre., Pommes du Piémont*, poires Williams du Piémont*, pêches du Piémont* et d'Emilie Romagne*, myrtilles de Finlande*. *Ingrédients issus de l'agriculture biologique. Sans sucres ajoutés, sans gluten, sans lait., Valeur énergétique en Joules :  230kj, Valeur énergétique en Kcal : 55kcal, Glucides : 11,66g, Lipides : 0,21g, Protides :0,34g, Le pot refermé peut se conserver 48h au réfrigérateur.]|"
8,04€ / Kg"|"
2,09 €"
108|Petits pots, Délice de fruits, dès 4 mois, certifié AB|Les 2 pots de 130g|[Origine : FRANCE, Pour l'éveil de bébé aux saveurs naturelles et son bon équilibre nutritionnel, Babybio sélectionne avec soin l'origine de ses ingrédients., Servir à température ambiante. Ne pas ajouter de sucre., Pommes du Piémont*, poires Williams du Piémont*, pêches du Piémont* et d'Emilie Romagne*, myrtilles de Finlande*. *Ingrédients issus de l'agriculture biologique. Sans sucres ajoutés, sans gluten, sans lait., Valeur énergétique en Joules :  230kj, Valeur énergétique en Kcal : 55kcal, Glucides : 11,66g, Lipides : 0,21g, Protides :0,34g, Le pot refermé peut se conserver 48h au réfrigérateur.]|"
8,04€ / Kg"|"
2,09 €"
109|Petits pots, poire williams, dès 4 mois, certifié AB|Les 2 pots de 130g|[Origine : FRANCE, Pour l'éveil de bébé aux saveurs naturelles et son bon équilibre nutritionnel, nous avons sélectionné avec soin l'origine géographique des ingrédients des petits pots Babybio., Servir à température ambiante. Ne pas ajouter de sucre., Poires Williams d'Emilie Romagne issues de l'agriculture biologique. Sans gluten.  Sans sucre ajouté., Valeur énergétique en Joules :  230Kj, Valeur énergétique en Kcal : 55Kcal, Glucides : 12,4g, Lipides : 0,3g, Protides :0,47g, Le pot refermé peut se conserver 48h au réfrigérateur.]|"
9,23€ / Kg"|"
2,40 €"
110|Petits pots, poire williams, dès 4 mois, certifié AB|Les 2 pots de 130g|[Origine : FRANCE, Pour l'éveil de bébé aux saveurs naturelles et son bon équilibre nutritionnel, nous avons sélectionné avec soin l'origine géographique des ingrédients des petits pots Babybio., Servir à température ambiante. Ne pas ajouter de sucre., Poires Williams d'Emilie Romagne issues de l'agriculture biologique. Sans gluten.  Sans sucre ajouté., Valeur énergétique en Joules :  230Kj, Valeur énergétique en Kcal : 55Kcal, Glucides : 12,4g, Lipides : 0,3g, Protides :0,47g, Le pot refermé peut se conserver 48h au réfrigérateur.]|"
9,23€ / Kg"|"
2,40 €"
111|Petits pots à la pêche, dès 4 mois, certifié AB|Les 2 pots de 130g|[Origine : FRANCE, Pour l'éveil de bébé aux saveurs naturelles et son bon équilibre nutritionnel, Babybio sélectionne avec soin l'origine de ses ingrédients., Servir à température ambiante. Ne pas ajouter de sucre., Pêches d'Emilie Romagne* 55%, pommes du Trentino Alto Adige*45%. *ingrédients d'origine agricole issus de l'agriculture biologique 100%. Sans gluten. Sans sucres ajoutés. Sans épaississant. Contient des sucres naturellement présents dans les fruits., Valeur énergétique en Joules :  203Kj, Valeur énergétique en Kcal : 48Kcal, Glucides : 11,1g, Lipides : 0Traces, Protides :0,7g, Le pot refermé peut se conserver 48h au réfrigérateur.]|"
9,50€ / Kg"|"
2,47 €"
112|Petits pots à la pêche, dès 4 mois, certifié AB|Les 2 pots de 130g|[Origine : FRANCE, Pour l'éveil de bébé aux saveurs naturelles et son bon équilibre nutritionnel, Babybio sélectionne avec soin l'origine de ses ingrédients., Servir à température ambiante. Ne pas ajouter de sucre., Pêches d'Emilie Romagne* 55%, pommes du Trentino Alto Adige*45%. *ingrédients d'origine agricole issus de l'agriculture biologique 100%. Sans gluten. Sans sucres ajoutés. Sans épaississant. Contient des sucres naturellement présents dans les fruits., Valeur énergétique en Joules :  203Kj, Valeur énergétique en Kcal : 48Kcal, Glucides : 11,1g, Lipides : 0Traces, Protides :0,7g, Le pot refermé peut se conserver 48h au réfrigérateur.]|"
9,50€ / Kg"|"
2,47 €"
113|Petits pots à la pomme et banane, dès 4 mois, certifié AB|Les 2 pots de 130g|[Origine : FRANCE, Servir à température ambiante. Ne pas ajouter de sucre., Pommes du Trentino Alto Adige* 85%, bananes du Costa Rica*(issues du commerce équitable) 15%. *Ingrédients d'origine agricole issus de l'agriculture biologique 100%. Sans gluten. Sans épaississant.  Sans sucre ajouté., Valeur énergétique en Joules :  246Kj, Valeur énergétique en Kcal : 58Kcal, Glucides : 13,9g, Lipides : 0,1g, Protides :0,4g, Le pot refermé peut se conserver 48h au réfrigérateur.]|"
8,35€ / Kg"|"
2,17 €"
114|Petits pots à la pomme et banane, dès 4 mois, certifié AB|Les 2 pots de 130g|[Origine : FRANCE, Servir à température ambiante. Ne pas ajouter de sucre., Pommes du Trentino Alto Adige* 85%, bananes du Costa Rica*(issues du commerce équitable) 15%. *Ingrédients d'origine agricole issus de l'agriculture biologique 100%. Sans gluten. Sans épaississant.  Sans sucre ajouté., Valeur énergétique en Joules :  246Kj, Valeur énergétique en Kcal : 58Kcal, Glucides : 13,9g, Lipides : 0,1g, Protides :0,4g, Le pot refermé peut se conserver 48h au réfrigérateur.]|"
8,35€ / Kg"|"
2,17 €"
115|Petits pots à la pomme et myrtille, dès 4 mois, certifié AB|Les 2 pots de 130g|[Origine : FRANCE, Pour l'éveil de bébé aux saveurs naturelles et son bon équilibre nutritionnel, Babybio sélectionne avec soin l'origine de ses ingrédients., Servir à température ambiante. Ne pas ajouter de sucre., Pommes du Trentino Alto Adige* 80%, myrtilles de Suède* 20%. *Ingrédients d'origine agricole issus de l'agriculture biologique. 100% fruits. Sans gluten. Sans sucres ajoutés. Sans épaississant. Contient des sucres naturellement présents dans les fruits., Valeur énergétique en Joules :  182Kj, Valeur énergétique en Kcal : 43Kcal, Glucides : 10,3g, Lipides : 0,1g, Protides :0,2g, Le pot refermé peut se conserver 48h au réfrigérateur.]|"
9,19€ / Kg"|"
2,39 €"
116|Petits pots à la pomme et myrtille, dès 4 mois, certifié AB|Les 2 pots de 130g|[Origine : FRANCE, Pour l'éveil de bébé aux saveurs naturelles et son bon équilibre nutritionnel, Babybio sélectionne avec soin l'origine de ses ingrédients., Servir à température ambiante. Ne pas ajouter de sucre., Pommes du Trentino Alto Adige* 80%, myrtilles de Suède* 20%. *Ingrédients d'origine agricole issus de l'agriculture biologique. 100% fruits. Sans gluten. Sans sucres ajoutés. Sans épaississant. Contient des sucres naturellement présents dans les fruits., Valeur énergétique en Joules :  182Kj, Valeur énergétique en Kcal : 43Kcal, Glucides : 10,3g, Lipides : 0,1g, Protides :0,2g, Le pot refermé peut se conserver 48h au réfrigérateur.]|"
9,19€ / Kg"|"
2,39 €"
117|Petits pots à la pomme et vanille, dès 4 mois, certifié AB|Les 2 pots de 130g|[Origine : FRANCE, Pour l'éveil de bébé aux saveurs naturelles et son bon équilibre nutritionnel, nous avons sélectionné avec soin l'origine géographique des ingrédients des petits pots Babybio. 100% fruits., Servir à température ambiante. Ne pas ajouter de sucre., Pommes du Trentino Alto Adige* 99.94%, vanille bourbon* issue du commerce équitable 0.06%. *Ingrédients d'origine agricole issus de l'agriculture biologique 100%. Sans gluten.  Sans sucres ajoutés. Sans épaississant., Valeur énergétique en Joules :  212Kj, Valeur énergétique en Kcal : 50Kcal, Glucides : 11,7g, Lipides : 0,2g, Protides :0,2g, Le pot refermé peut se conserver 48h au réfrigérateur.]|"
8,58€ / Kg"|"
2,23 €"
118|Petits pots à la pomme et vanille, dès 4 mois, certifié AB|Les 2 pots de 130g|[Origine : FRANCE, Pour l'éveil de bébé aux saveurs naturelles et son bon équilibre nutritionnel, nous avons sélectionné avec soin l'origine géographique des ingrédients des petits pots Babybio. 100% fruits., Servir à température ambiante. Ne pas ajouter de sucre., Pommes du Trentino Alto Adige* 99.94%, vanille bourbon* issue du commerce équitable 0.06%. *Ingrédients d'origine agricole issus de l'agriculture biologique 100%. Sans gluten.  Sans sucres ajoutés. Sans épaississant., Valeur énergétique en Joules :  212Kj, Valeur énergétique en Kcal : 50Kcal, Glucides : 11,7g, Lipides : 0,2g, Protides :0,2g, Le pot refermé peut se conserver 48h au réfrigérateur.]|"
8,58€ / Kg"|"
2,23 €"
119|Petits pots aux pommes, abricots et céréale, dès 4 mois, certifié AB|Les 2 pots de 130g|[Origine : FRANCE, Pour l'éveil de bébé aux saveurs naturelles et son bon équilibre nutritionnel, nous avons sélectionné avec soin l'origine géographique des ingrédients des petits pots Babybio.Découvrez les origines de chaque ingrédient bio à travers le détail de la recette., Servir à température ambiante. Ne pas ajouter de sucre., Pommes du Trentino Alto Adige* 60%, abricots d'Emilie Romagne* 37%,  riz d'Italie* 3%. *Ingrédients d'origine agricole issus de l'agriculture biologique 100%. Sans gluten.  Sans sucre ajouté. Sans épaississant., Valeur énergétique en Joules :  213Kj, Valeur énergétique en Kcal : 50Kcal, Glucides : 11,9g, Lipides : 0Traces, Protides :0,6g, Le pot refermé peut se conserver 48h au réfrigérateur.]|"
9,81€ / Kg"|"
2,55 €"
120|Petits pots aux pommes, abricots et céréale, dès 4 mois, certifié AB|Les 2 pots de 130g|[Origine : FRANCE, Pour l'éveil de bébé aux saveurs naturelles et son bon équilibre nutritionnel, nous avons sélectionné avec soin l'origine géographique des ingrédients des petits pots Babybio.Découvrez les origines de chaque ingrédient bio à travers le détail de la recette., Servir à température ambiante. Ne pas ajouter de sucre., Pommes du Trentino Alto Adige* 60%, abricots d'Emilie Romagne* 37%,  riz d'Italie* 3%. *Ingrédients d'origine agricole issus de l'agriculture biologique 100%. Sans gluten.  Sans sucre ajouté. Sans épaississant., Valeur énergétique en Joules :  213Kj, Valeur énergétique en Kcal : 50Kcal, Glucides : 11,9g, Lipides : 0Traces, Protides :0,6g, Le pot refermé peut se conserver 48h au réfrigérateur.]|"
9,81€ / Kg"|"
2,55 €"
121|Petits pots aux pommes coings, dès 4 mois, certifié AB|Les 2 pots de 130g|[Origine : FRANCE, Pour l'éveil de bébé aux saveurs naturelles et son bon équilibre nutritionnel, Babybio sélectionne avec soin l'origine de ses ingrédients., Servir à température ambiante. Ne pas ajouter de sucre., Pommes du Trentino Alto Adige* 73%, coings d'Espagne* 27%. *Ingrédients d'origine agricole issus de l'agriculture biologique 100%. Sans gluten. Sans sucre ajouté. Sans épaississant. Contient des sucres naturellement présents dans les fruits. 100% fruits., Valeur énergétique en Joules :  172Kj, Valeur énergétique en Kcal : 41Kcal, Glucides : 9,7g, Lipides : 0,1g, Protides :0,2g, Le pot refermé peut se conserver 48h au réfrigérateur.]|"
8,46€ / Kg"|"
2,20 €"
122|Petits pots aux pommes coings, dès 4 mois, certifié AB|Les 2 pots de 130g|[Origine : FRANCE, Pour l'éveil de bébé aux saveurs naturelles et son bon équilibre nutritionnel, Babybio sélectionne avec soin l'origine de ses ingrédients., Servir à température ambiante. Ne pas ajouter de sucre., Pommes du Trentino Alto Adige* 73%, coings d'Espagne* 27%. *Ingrédients d'origine agricole issus de l'agriculture biologique 100%. Sans gluten. Sans sucre ajouté. Sans épaississant. Contient des sucres naturellement présents dans les fruits. 100% fruits., Valeur énergétique en Joules :  172Kj, Valeur énergétique en Kcal : 41Kcal, Glucides : 9,7g, Lipides : 0,1g, Protides :0,2g, Le pot refermé peut se conserver 48h au réfrigérateur.]|"
8,46€ / Kg"|"
2,20 €"
123|Petits pots aux pommes et pruneaux, dès 4 mois, certifié AB|Les 2 pots de 130g|[Origine : FRANCE, Pour l'éveil de bébé aux saveurs naturelles et son bon équilibre nutritionnel, Babybio sélectionne avec soin l'origine de ses ingrédients., Servir à température ambiante. Ne pas ajouter de sucre., Pommes du Trentino Alto Adige* 75%, pruneaux du Languedoc Roussillon* 25%. *Ingrédients d'origine agricole issus de l'agriculture biologique 100%. Sans gluten. Sans épaississant. Sans sucres ajoutés. Contient des sucres naturellement présents dans les fruits. 100% fruits., Valeur énergétique en Joules :  230Kj, Valeur énergétique en Kcal : 55Kcal, Glucides : 12,8g, Lipides : 0,1g, Protides :0,5g, Le pot refermé peut se conserver 48h au réfrigérateur.]|"
9,50€ / Kg"|"
2,47 €"
124|Petits pots aux pommes et pruneaux, dès 4 mois, certifié AB|Les 2 pots de 130g|[Origine : FRANCE, Pour l'éveil de bébé aux saveurs naturelles et son bon équilibre nutritionnel, Babybio sélectionne avec soin l'origine de ses ingrédients., Servir à température ambiante. Ne pas ajouter de sucre., Pommes du Trentino Alto Adige* 75%, pruneaux du Languedoc Roussillon* 25%. *Ingrédients d'origine agricole issus de l'agriculture biologique 100%. Sans gluten. Sans épaississant. Sans sucres ajoutés. Contient des sucres naturellement présents dans les fruits. 100% fruits., Valeur énergétique en Joules :  230Kj, Valeur énergétique en Kcal : 55Kcal, Glucides : 12,8g, Lipides : 0,1g, Protides :0,5g, Le pot refermé peut se conserver 48h au réfrigérateur.]|"
9,50€ / Kg"|"
2,47 €"
125|Pommes, myrtilles, banane, dès 4 mois|Les 2 coupelles de 120g|[Origine : FRANCE]|"
9,29€ / Kg"|"
2,23 €"
126|Pommes, myrtilles, banane, dès 4 mois|Les 2 coupelles de 120g|[Origine : FRANCE]|"
9,29€ / Kg"|"
2,23 €"
127|3 pommes, dès 6 mois|Le lot de 8 coupelles de 100g|[Origine : FRANCE, Aliment adapté aux besoins des bébés., Ne pas ajouter de sucre. Encore meilleur consommé frais., Pommes 99,9 % (Golden, Gala et Morgenduft) - vitamine C. SANS GLUTEN, Valeur énergétique en Joules :  163, Valeur énergétique en Kcal : 40, Glucides : 8,4G, Lipides : 0,2G, Protides :0,2G, Avant ouverture, conserver à température ambiante. Après ouverture, à conserver au réfrigérateur et à consommer dans les 12h.]|"
5,31€ / Kg"|"
4,25 €"
128|Compote de pomme, banane et abricot, dès 12 mois, sans sucres ajoutés|Les 4 gourdes de 90g|[Origine : FRANCE, Elaborés par nos nutritionnistes, spécialistes de l'alimentation des bébés jusqu'à 3 ans, Blédi'Fruit est sans sucres ajoutés, source de vitamines et sans colorant., Retirer soigneusement l'opercule et le laisser hors de portée des enfants. Ne pas laisser l'enfant sans surveillance., Pommes 51%, bananes 24,5%, abricots 24,5%, vitamines : C, B1, B2, PP, B6, B8, B5. Sans gluten. Sans sucres ajoutés. Sans colorant, sans arôme artificiel, sans conservateur ajouté., Valeur énergétique en Joules :  266kj, Valeur énergétique en Kcal : 63kcal, Glucides : 14,5g, Lipides : 0,3g, Protides :0,5g, Se conserve à température ambiante. Après ouverture, la gourde refermée se conserve 24h au réfrigérateur.]|"
9,53€ / Kg"|"
3,43 €"
129|Compote de pomme, dès 4 mois|Les 2 pots de 130g|[Origine : FRANCE, Mon 1er petit pot est idéal pour la diversification alimentaire et offre toute l'intensité du fruit dans une recette simple. Nos pommes sont cueillis à la main dans les vergers. Elles sont 100% d'origine française., Enlever la capsule. Nous vous conseillons d'utiliser une cuillère en plastique adaptée à la bouche de bébé. Ne pas ajouter de sucre., Pommes 99,9%, vitamines : C. Sans gluten. Sans conservateur, sans colorant, sans arôme., Valeur énergétique en Joules :  219kj, Valeur énergétique en Kcal : 52kcal, Glucides : 11,3g, Lipides : 0,2g, Protides :0,3g, Avant ouverture, conserver à température ambiante dans un endroit propre et sec. Après ouverture, le pot refermé, se conserve 48 h au réfrigérateur.]|"
5,08€ / Kg"|"
1,32 €"
130|Compote de pomme et biscuit, dès 6 mois|Les 4 pots de 100g|[Origine : FRANCE, L'association exclusive d'une purée de fruits et d'un biscuit permet à votre bébé de découvrir de nouveaux goûts et textures.Elaboré par nos nutritionnistes, spécialistes de l'alimentation des bébés jusqu'à 3 ans, Blédi'fruit Biscuité est : avec l'équivalent d'un biscuit par coupelle : des glucides complexes pour faire le plein d'énergie, source de vitamines., Ne pas ajouter de sucre., Pommes 70%, eau, biscuit 6% (farine de blé, sucre, farine diastasique de blé, huile de palme, lait écrémé en poudre, farine de riz, extrait de malt, poudres à lever : bicarbonate d'ammonium, bicarbonate de sodium et sodium pyrophosphate, huile d'olive, beurre, substances d'apport minéral : carbonate de calcium et fumarate de fer, arôme vanille (vanilline), vitamines : B1, B2, PP et B6), sucre, acidifiant : acide citrique, épaississant : farine de graines de caroube, vitamines : E, C, B1, B2, PP,B6, B9, B5. Contient du gluten. Sans colorant, sans arôme artificiel, sans conservateur ajouté., Valeur énergétique en Joules :  298Kj, Valeur énergétique en Kcal : 70KCal, Glucides : 15,1g, Lipides : 0,8g, Protides :0,7g, Après ouverture, à conserver au réfrigérateur et à consommer dans les 12 heures.]|"
5,45€ / Kg"|"
2,18 €"
131|Compote de pommes et fraises, dès 12 mois, sans sucres ajoutés|Les 4 gourdes de 90g|[Origine : FRANCE, Blédi'fruit est adapté à votre bébé car il lui apporte des vitamines essentielles., Retirer le bouchon et le laisser hors de portée des enfants. Ne pas laisser l'enfant sans surveillance., Pommes 64%, fraises 20%, bananes 16%, vitamines : C. Sans gluten. Sans sucres ajoutés. Sans colorant, sans arôme artificiel, sans conservateur ajouté., Valeur énergétique en Joules :  230kj, Valeur énergétique en Kcal : 54kcal, Glucides : 12,5g, Lipides : 0,3g, Protides :0,4g, Se conserve à température ambiante. Après ouverture, la gourde refermée se conserve 24h au réfrigérateur.]|"
9,19€ / Kg"|"
3,31 €"
132|Coupelle fruit bledina pomme mangue passion - des 8 mois|Coupelles de 4x100g  (400g)|[Origine : FRANCE, Aliment adapté aux besoins des bébés., Ne pas ajouter de sucre., Pommes 84,9 % - mangues 10 % -fruits de la passion 5 % -vitamine C. SANS GLUTEN, Valeur énergétique en Joules :  222, Valeur énergétique en Kcal : 53, Glucides : 11.4, Lipides : 0.2, Protides :0.4, Avant ouverture, conserver à température ambiante. Après ouverture à conserver au réfrigérateur et à consommer dans les 12 heures.]|"
5,30€ / Kg"|"
2,12 €"
133|Coupelle fruit bledina Pomme Poire Vanille - des 6 mois|Les 4 coupelle de 100g (400g)|[Origine : FRANCE, Aliment adapté aux besoins des bébés., Ne pas ajouter de sucre., Pommes 59,9 % - poires 40 % -ar«me naturel de vanille -vitamine C. SANS GLUTEN, Valeur énergétique en Joules :  206, Valeur énergétique en Kcal : 49, Glucides : 10.2, Lipides : 0.2, Protides :0.3, Avant ouverture, conserver à température ambiante. Après ouverture, à conserver au réfrigérateur et à consommer dans les 12 heures.]|"
5,35€ / Kg"|"
2,14 €"
134|Coupelle fruit pomme kiwi ananas - des 8 mois|Les 4 coupelles de 100g|[Origine : FRANCE, Aliment adapté aux besoins des bébés., Ne pas ajouter de sucre. Encore meilleur consommé frais., Pomme 80,2 % - kiwi 10 % -ananas 9,7 % - vitamine C.SANS GLUTEN, Valeur énergétique en Joules :  220, Valeur énergétique en Kcal : 52, Glucides : 11.2, Lipides : 0.2, Protides :0.4, Avant ouverture, conserver à température ambiante. Après ouverture, à conserver au réfrigérateur et à consommer dans les 12h.]|"
5,28€ / Kg"|"
2,11 €"
135|Coupelle fruits, pomme pêche fraise, dès 6 mois|Les 4 coupelles de 100g|[Origine : FRANCE, Aliment adapté aux besoins des bébés., Ne pas ajouter de sucre., Pommes 52,9 % - p²ches 40 % -fraises 7 % - vitamine C.SANS GLUTEN, Valeur énergétique en Joules :  197, Valeur énergétique en Kcal : 47, Glucides : 10, Lipides : 0.2, Protides :0.5, Avant ouverture, conserver à température ambiante. Après ouverture, à conserver au réfrigérateur et à consommer dans les 12 heures.]|"
5,35€ / Kg"|"
2,14 €"
136|Fruits du Verger|les 4 pot de 100g|[Origine : FRANCE, Fruits du verger 99,9 % (pommes,poires, p²ches, abricots) - vitamine C. SANS GLUTEN, Valeur énergétique en Joules :  200, Valeur énergétique en Kcal : 47, Glucides : 9,8G, Lipides : 0,2G, Protides :0,4G]|"
5,50€ / Kg"|"
2,20 €"
137|Petits pots, coktail de fruits, dès 6 mois|Les 4 pots de 130g|[Origine : FRANCE, Avec nos petits pots, vous faites découvrir à bébé le vrai goût des fruits et lui permettez ainsi de construire chaque jour son répertoire alimentaire. Blédina sélectionne selon les exigences spécifiques, des fruits soigneusement cueillis au rythme des saisons., Nous vous conseillons d'utiliser une cuillère en plastique adaptée à la bouche de bébé. Ne pas ajouter de sucre., Pomme 56,2%, poire 20,3%, ananas 10%, banane 7,8%, pêche 5,3%, vitamine C. Sans gluten. Sans colorant, sans arôme, sans conservateur., Valeur énergétique en Joules :  232Kj, Valeur énergétique en Kcal : 55kcal, Glucides : 12g9g, Lipides : 0,2g, Protides :0,4g, Avant ouverture, conserver à température ambiante dans un endroit propre et sec. Après ouverture, le pot refermé, se conserve 48 h au réfrigérateur.]|"
5,21€ / Kg"|"
2,71 €"
138|Petits pots à la poire, dès 4-6 mois, sans sucres ajoutés|Les 2 pots de 130g|[Origine : FRANCE, Mon premier petit pot est idéal pour la diversification alimentaire et offre toute l'intensité du fruit dans une recette simple. Nos poires sont utilisés à maturité pour privilégier le goût. Elles sont 100% d'origine française., Enlever la capsule. Nous vous conseillons d'utiliser une cuillère en plastique adaptée à la bouche de bébé. Ne pas ajouter de sucre., Poire 99,9%, vitamine C. Sans gluten. Sans conservateur, sans colorant, sans arôme., Valeur énergétique en Joules :  187kj, Valeur énergétique en Kcal : 45kcal, Glucides : 8,5g, Lipides : 0,3g, Protides :0,3g, Avant ouverture, conserver à température ambiante. Après ouverture, le pot refermé peut se conserver 48h au réfrigérateur.]|"
5,00€ / Kg"|"
1,30 €"
139|Petits pots à la pomme et banane, dès 4 mois|Les 4 pots de 130g|[Origine : FRANCE, Avec nos petits pots, vous faites découvrir à bébé le vrai goût des fruits et lui permettez ainsi de construire chaque jour son répertoire alimentaire. Nos bananes sont cultivées en Amérique Latine et sont utilisées à maturité pour privilégier le goût., Enlever la capsule. Nous vous conseillons d'utiliser une cuillère en plastique adaptée à la bouche de bébé. Ne pas ajouter de sucre., Pommes 79,9%, bananes 20%, vitamines : C. Sans gluten. Sans sucres ajoutés. Sans colorant, sans arôme, sans conservateur., Valeur énergétique en Joules :  251Kj, Valeur énergétique en Kcal : 59kcal, Glucides : 13,1g, Lipides : 0,2g, Protides :0,5g, Avant ouverture, conserver à température ambiante dans un endroit propre et sec. Après ouverture, le pot refermé se conserve 48h au réfrigérateur.]|"
4,69€ / Kg"|"
2,44 €"
140|Petits pots pomme coing, dès 4/6 mois|Les 4 pots de 130g|[Origine : FRANCE, Avec nos petits pots, vous faites découvrir à bébé le vrai goût des fruits et lui permettez ainsi de construire chaque jour son répertoire alimentaire., Pomme 64 %, coing 28 %,jus de pomme reconstituÍ Å base de jus concentrÍ -vitamine C. SANS GLUTEN, Valeur énergétique en Joules :  210kj, Valeur énergétique en Kcal : 50kcal, Glucides : 10.g, Lipides : 0.1g, Protides :0.4g]|"
5,02€ / Kg"|"
2,61 €"
141|Pomme, poire et mandarine, dès 8 mois|Les 4 coupelles de 100g|[Origine : FRANCE, Aliment adapté aux besoins des bébés., Encore meilleur frais. Ne pas ajouter de sucre., Pommes 66,9 % - poires 25 % - jus de mandarine 8 % -vitamine C. SANS GLUTEN, Valeur énergétique en Joules :  174, Valeur énergétique en Kcal : 42, Glucides : 9.7, Lipides : 0.2, Protides :0.3, Avant ouverture, conserver à température ambiante. Après ouverture à conserver au réfrigérateur et à consommer dans les 12 heures.]|"
5,45€ / Kg"|"
2,18 €"
142|Pomme abricot, dès 4/6mois, sans sucres ajoutés|Les 4 pots de 130g|[Origine : FRANCE, Avec nos petits pots, vous faites découvrir à bébé le vrai goût des fruits et lui permettez ainsi de construire chaque jour son répertoire alimentaire. Gorgées de soleil, nos abricots sont transformés immédiatement en purée pour permettre à bébé d'ensavourer le goût toute l'année., Nous vous conseillons d'utiliser une cuillère en plastique adaptée à la bouche de bébé. Ne pas ajouter de sucre., Pommes 64,9%, abricot 35%, vitamine C. Sans gluten. Sans sucres ajoutés. Sans colorant, sans arôme, sans conservateur., Valeur énergétique en Joules :  199kj, Valeur énergétique en Kcal : 47kcal, Glucides : 10,1g, Lipides : 0,1g, Protides :0,5g, Avant ouverture, conserver à température ambiante dans un endroit propre et sec. Après ouverture, le pot refermé, se conserve 48 h au réfrigérateur.]|"
5,62€ / Kg"|"
2,92 €"
143|Pomme Fraise dès 6mois|Les 4 pots de 130g|[Origine : FRANCE, Avec nos petits pots, vous faites découvrir à bébé le vrai goût des fruits et lui permettez ainsi de construire chaque jour son répertoire alimentaire. Gorgées de soleil, nos fraises sont cueillies à maturité pour offrir à bébé un petit pot de qualité., Enlever la capsule. Nous vous conseillons d'utiliser une cuillère en plastique adaptée à la bouche de bébé. Ne pas ajouter de sucre., Pomme 74,9%, fraise 25%, vitamine C. Sans gluten. Sans arôme, sans colorant, sans conservateur (conformément à la réglementation). Contient les sucres naturels des fruits., Valeur énergétique en Joules :  201kj, Valeur énergétique en Kcal : 47kcal, Glucides : 10g, Lipides : 0,2g, Protides :0,4g, Avant ouverture, conserver à température ambiante dans un endroit propre et sec. Après ouverture, le pot refermé, se conserve 48 h au réfrigérateur.]|"
5,50€ / Kg"|"
2,86 €"
144|Compote de pommes et bananes, d}s 5 mois|Les 4 pots de 100g|[Origine : FRANCE, Ces petits pots sont pour vous chaque jour, la garantie d'une alimentation adaptée pour vos bébé. Les différentes recettes ont été élaborées afin de lui faire découvrir peu à peu de nouvelles saveurs., Servir à température ambiante., Pommes 77%, bananes 20%, jus concentré de pommes, antioxygène : acide ascorbique. Sans conservateur, sans adjonction d'arômes artificiel ni de colorant conformément à la réglementation., Valeur énergétique en Joules :  321Kj, Valeur énergétique en Kcal : 76Kc, Glucides : 17g, Lipides : 0,6g, Protides :0,6g]|"
3,95€ / Kg"|"
1,58 €"
145|Compote de pommes et poires, d}s 5 mois|Les 4 pots de 100g|[Origine : FRANCE, Dès 5 mois, votre bébé peut découvrir le plaisir des fruits sans sucres ajoutés avec les Purées de fruits Bout'chou. Il élargit ainsi sa palette gustative et vit de nouvelles expériences alimentaires qui lui garantissent des apports nutritionnels. Deplus, il apprend progressivement à manger tout seul grâce à la présentation en coupelle plastique., Meilleur servi frais. Ne pas ajouter de sucre., Purée de pommes 6%, purée de poires 34%, antioxydant: acide ascorbique. Sans colorant, sans arôme artificiel, sans conservateur ajouté., Valeur énergétique en Joules :  320Kj, Valeur énergétique en Kcal : 76Kc, Glucides : 17g, Lipides : 0,6g, Protides :0,5g, Après ouverture, à conserver couvert au réfrigérateur au maximum pendant 12 heures.]|"
4,23€ / Kg"|"
1,69 €"
146|Purée de fruits, cocktail de fruits sans morceaux|Les 4 pots de 100g|[Origine : FRANCE, Aliment pour bébé., Ne pas ajouter de sucre., Purée de pommes 54,1%, purée de poires 20%, pulpe d'ananas 10%, purée de pêches 8%, purée de bananes 7,8%, antioxydant : acide ascorbique. Sans gluten., Valeur énergétique en Joules :  234kj, Valeur énergétique en Kcal : 56kcal, Glucides : 12g, Protides :0g]|"
4,23€ / Kg"|"
1,69 €"
147|Banane, dès 4 mois|La gourde de 120g|[Origine : FRANCE, 85% banane bio, eau, jus de citron bio concentré, Valeur énergétique en Joules :  344, Valeur énergétique en Kcal : 82, Glucides : 18.7, Lipides : 0.4, Protides :0.3]|"
11,58€ / Kg"|"
1,39 €"
148|Banane, dès 4 mois|La gourde de 120g|[Origine : FRANCE, 85% banane bio, eau, jus de citron bio concentré, Valeur énergétique en Joules :  344, Valeur énergétique en Kcal : 82, Glucides : 18.7, Lipides : 0.4, Protides :0.3]|"
11,58€ / Kg"|"
1,39 €"
149|Gourdes de fruits, avec une cuillère|Les 4 gourdes de 120g|[Origine : FRANCE, 100% bio, nos gourdes de fruits tout seuls sont idéales pour commencer la diversification alimentaire, ou plus tard pour éveiller les palais en herbe de vos bébés !, Convient aux bébés dès 4 mois, sauf avis contraire de votre médecin. La 1ère cuillère bébé à clipser : toujours avec vous, elle se clipse sur une gourde en un clin d'oeil ! Réutilisable, elle passe aussi au lave-vaisselle. Ne pas laisser les enfantsde moins de 36 mois avec le bouchon et le cuilleron sans surveillance ! Ne jamais mettre la gourde directement au micro-ondes., Mangue 120g : 99,9% mangue bio, jus de citron bio concentré, 0% autre chose - sans gluten Pomme Gala 120g : 99,9% pomme gala bio, jus de citron bio concentré, 0% autre chose - sans gluten Poire Williams 120g : 99,9% poire williams bio, jus de citronbio concentré, 0% autre chose - sans gluten Banane 120g : 85% banane bio, eau, jus de citron bio concentré, 0% autre chose - sans gluten., Valeur énergétique en Joules :  344kj, Valeur énergétique en Kcal : 82kcal, Glucides : 18,7g, Lipides : 0,4g, Protides :0,3g, Conserver à température ambiante avant ouverture et pendant 24 heures au réfrigérateur après ouverture.]|"
13,46€ / Kg"|"
6,46 €"
150|Gourdes de fruits, avec une cuillère|Les 4 gourdes de 120g|[Origine : FRANCE, 100% bio, nos gourdes de fruits tout seuls sont idéales pour commencer la diversification alimentaire, ou plus tard pour éveiller les palais en herbe de vos bébés !, Convient aux bébés dès 4 mois, sauf avis contraire de votre médecin. La 1ère cuillère bébé à clipser : toujours avec vous, elle se clipse sur une gourde en un clin d'oeil ! Réutilisable, elle passe aussi au lave-vaisselle. Ne pas laisser les enfantsde moins de 36 mois avec le bouchon et le cuilleron sans surveillance ! Ne jamais mettre la gourde directement au micro-ondes., Mangue 120g : 99,9% mangue bio, jus de citron bio concentré, 0% autre chose - sans gluten Pomme Gala 120g : 99,9% pomme gala bio, jus de citron bio concentré, 0% autre chose - sans gluten Poire Williams 120g : 99,9% poire williams bio, jus de citronbio concentré, 0% autre chose - sans gluten Banane 120g : 85% banane bio, eau, jus de citron bio concentré, 0% autre chose - sans gluten., Valeur énergétique en Joules :  344kj, Valeur énergétique en Kcal : 82kcal, Glucides : 18,7g, Lipides : 0,4g, Protides :0,3g, Conserver à température ambiante avant ouverture et pendant 24 heures au réfrigérateur après ouverture.]|"
13,46€ / Kg"|"
6,46 €"
151|Mangue, dès 4 mois|La gourde de 120g|[Origine : FRANCE, 99,9% mangue bio, jus de citron bio concentré, Valeur énergétique en Joules :  257, Valeur énergétique en Kcal : 61, Glucides : 13.7, Lipides : 0.2, Protides :0.5]|"
11,75€ / Pce"|"
1,41 €"
152|Mangue, dès 4 mois|La gourde de 120g|[Origine : FRANCE, 99,9% mangue bio, jus de citron bio concentré, Valeur énergétique en Joules :  257, Valeur énergétique en Kcal : 61, Glucides : 13.7, Lipides : 0.2, Protides :0.5]|"
11,75€ / Pce"|"
1,41 €"
153|Poire Williams, dès 4 mois|La gourde de 120g|[Origine : FRANCE, 99,9% poire williams bio, jus de citron bio concentré, Valeur énergétique en Joules :  220, Valeur énergétique en Kcal : 53, Glucides : 11.3, Lipides : 0.1, Protides :0.4]|"
11,50€ / Kg"|"
1,38 €"
154|Poire Williams, dès 4 mois|La gourde de 120g|[Origine : FRANCE, 99,9% poire williams bio, jus de citron bio concentré, Valeur énergétique en Joules :  220, Valeur énergétique en Kcal : 53, Glucides : 11.3, Lipides : 0.1, Protides :0.4]|"
11,50€ / Kg"|"
1,38 €"
155|Pomme gala, dès 4 mois|La gourde de 120g|[Origine : FRANCE, 99,9% pomme gala bio, jus de citron bio concentré, Valeur énergétique en Joules :  230, Valeur énergétique en Kcal : 55, Glucides : 11.4, Lipides : 0.6, Protides :0.3]|"
11,92€ / Kg"|"
1,43 €"
156|Pomme gala, dès 4 mois|La gourde de 120g|[Origine : FRANCE, 99,9% pomme gala bio, jus de citron bio concentré, Valeur énergétique en Joules :  230, Valeur énergétique en Kcal : 55, Glucides : 11.4, Lipides : 0.6, Protides :0.3]|"
11,92€ / Kg"|"
1,43 €"
157|Etape 1, petits pots bébés poires, dès 4 à 6 mois|Les 4 pots de 130g|[Origine : FRANCE, Un procédé unique de cuisson vapeur douce où chaque famille d'ingrédients est cuite séparément pour une préservation prouvée des nutriments et des saveurs., Servir à température ambiante., Ingrédients: Poires 99,95%, vitamine C., Refermé, le pot peut se conserver 48H au réfrigérateur]|"
6,21€ / Kg"|"
3,23 €"
158|Petits pots, fruits du soleil, dès 8 mois, sans sucres ajoutés|Les 4 pots de 130g|[Origine : FRANCE, Sans sucres ajoutés. 100% fruits & vitamine C.L'alimentation des bébés est encadrée par une réglementation très stricte, différente de celle de l'alimentation courante notamment  sur les pesticides. Ainsi, nous sélectionnons avec un soin tout particulier les fruits que nous utilisons. Nos variétés de fruits sont spécialement sélectionnées pour leur goût et leur faible acidité.Un pot unique refermable, avec une ouverture large 100% pratique., Ne pas consommer si l'emballage (pot, couvercle, opercule) est endommagé., Ingrédients :  Pommes 50%, bananes 15%, poires 14%, pêches 7%, ananas 7%, abricots 3,5%, mangues 3,45%, vitamine C., Avant ouverture, conserver à température ambiante. Pour conserver Naturnes après ouverture 48h au réfrigérateur, nous vous conseillons de ne pas consommer directement dans le pot. Conditionné sous atmosphère protectrice.]|"
5,83€ / Kg"|"
3,03 €"
159|Petits pots à la banane|Les 2 pots de 80g|[Origine : FRANCE, Des fruits incontournables dans une mini-portion idéale pour les premières cuillères de Bébé. Quand bébé grandit, les P'tits Pots peuvent être combinés entre eux ou avec des morceaux de fruits pour varier ses plaisirs., Vérifier que le pot fait bien un déclic à l'ouverture. Servir à température ambiante. Utiliser une cuillère en plastique adaptée à la bouche de bébé., Ingrédients : Bananes 50%, pommes 49,9%, jus de citron concentré 0,05%, vitamine C., Avant ouverture, conserver à température ambiante dans un endroit propre et sec. Pour conserver P'tit Pot après ouverture, nous vous conseillons de ne pas consommer directement dans le pot en verre.]|"
6,38€ / Kg"|"
1,02 €"
160|Champignons de Paris émincés, certifié AB|La boîte de 230g|[Origine : FRANCE, Valeur énergétique en Joules :  58kj, Valeur énergétique en Kcal : 14kcal, Glucides : 0g, Lipides : 0g, Protides :2,1g, A conserver dans un endroit frais et sec à l'abri de la lumière. Après ouverture, à conserver au réfrigérateur dans un récipient alimentaire et à consommer rapidement.]|"
10,78€ / Kg"|"
2,48 €"
161|Champignons de Paris émincés, certifié AB|La boîte de 230g|[Origine : FRANCE, Valeur énergétique en Joules :  58kj, Valeur énergétique en Kcal : 14kcal, Glucides : 0g, Lipides : 0g, Protides :2,1g, A conserver dans un endroit frais et sec à l'abri de la lumière. Après ouverture, à conserver au réfrigérateur dans un récipient alimentaire et à consommer rapidement.]|"
10,78€ / Kg"|"
2,48 €"
162|Chili con carne et riz blanc, certifié AB|La barquette de 300g|[Origine : FRANCE, Riz précuits* 38% (riz blanc*, eau, huile de colza*, sel), eau, viande de boeuf hachée cuite* 14%, haricots rouges réhydratés* 13% (haricots rouges*, eau), concentré de tomates*, oignons* 4%, poivrons rouges* et verts* 4%, sucre*, sel, fécule de pomme de terre*, moutarde forte*, (eau, graines de moutarde brunes*, vinaigre d'alcool*, sel), épaississants: gomme de xanthane et gomme guar, cumin*, piment de Cayenne*, paprika*. Présence possible de poisson, oeuf et gluten. *ingrédients issus de l'agriculture biologique., Au four à micro-ondes: percez l'opercule de chaque compartiment. Centrez la barquette dans le four afin qu'elle ne touche pas les parois. Faites réchauffer 2 minutes à puissance maximale. Au bain-marie: plongez la barquette fermée dans l'eau frémissante pendant 10 minutes. Passez-la sous l'eau froide pendant quelques secondes avant de retirer l'opercule pour éviter toute projection à l'ouverture., A conserver à température ambiante.]|"
11,87€ / Kg"|"
3,56 €"
163|Chili con carne et riz blanc, certifié AB|La barquette de 300g|[Origine : FRANCE, Riz précuits* 38% (riz blanc*, eau, huile de colza*, sel), eau, viande de boeuf hachée cuite* 14%, haricots rouges réhydratés* 13% (haricots rouges*, eau), concentré de tomates*, oignons* 4%, poivrons rouges* et verts* 4%, sucre*, sel, fécule de pomme de terre*, moutarde forte*, (eau, graines de moutarde brunes*, vinaigre d'alcool*, sel), épaississants: gomme de xanthane et gomme guar, cumin*, piment de Cayenne*, paprika*. Présence possible de poisson, oeuf et gluten. *ingrédients issus de l'agriculture biologique., Au four à micro-ondes: percez l'opercule de chaque compartiment. Centrez la barquette dans le four afin qu'elle ne touche pas les parois. Faites réchauffer 2 minutes à puissance maximale. Au bain-marie: plongez la barquette fermée dans l'eau frémissante pendant 10 minutes. Passez-la sous l'eau froide pendant quelques secondes avant de retirer l'opercule pour éviter toute projection à l'ouverture., A conserver à température ambiante.]|"
11,87€ / Kg"|"
3,56 €"
164|Coeurs de palmier sauvage, certifié AB|Le bocal de 400g|[Origine : FRANCE, Monoprix a sélectionné pour vous, avec des entreprises partenaires, des produits issus de l'agriculture biologique. Leurs modes de production et de transformation sont contrôlées et certifiés par un organisme indépendant, conformément à la réglementation en vigueur., Rincez avant utilisation., Coeurs de palmier sauvage*, eau, sel, acidifiant : acide citrique. *Ingrédient issu de l'agriculture biologique., Valeur énergétique en Joules :  93Kj, Valeur énergétique en Kcal : 22kcal, Glucides : 2,3g, Lipides : Traces, Protides :2,3g, A conserver à température ambiante. Après ouverture, à conserver au réfrigérateur et à consommer rapidement.]|"
17,72€ / Kg"|"
4,43 €"
165|Coeurs de palmier sauvage, certifié AB|Le bocal de 400g|[Origine : FRANCE, Monoprix a sélectionné pour vous, avec des entreprises partenaires, des produits issus de l'agriculture biologique. Leurs modes de production et de transformation sont contrôlées et certifiés par un organisme indépendant, conformément à la réglementation en vigueur., Rincez avant utilisation., Coeurs de palmier sauvage*, eau, sel, acidifiant : acide citrique. *Ingrédient issu de l'agriculture biologique., Valeur énergétique en Joules :  93Kj, Valeur énergétique en Kcal : 22kcal, Glucides : 2,3g, Lipides : Traces, Protides :2,3g, A conserver à température ambiante. Après ouverture, à conserver au réfrigérateur et à consommer rapidement.]|"
17,72€ / Kg"|"
4,43 €"
166|Emincés de volaille aux lentilles cuisinées, certifié AB|La barquette de 300g|[Origine : FRANCE, Lentilles vertes précuites* 26% (lentilles vertes*, eau, huile de colza*, sel), eau, viande de cuisse de poulet traitée en salaison cuite* 13% (viande de cuisse de poulet* 11%, eau, dextrose de maïs*, sel de mer, poudre de lait*, gélifiant: agar, sucre roux*, chicorée soluble*, épaississant: farine de caroube), oignons* 10%, courgettes* 10%, carottes* 8%, concentré de tomates*, tomates concassées*, poivrons rouges* et verts*, huile d'olive vierge extra*, sel, sucre*, épaississants: gomme xanthane et gomme guar, jus de citron concentré*, poivre*, origan*, romarin*, thym*, basilic*. Présence possible de poisson, oeuf et gluten. *ingrédients issus de l'agriculture biologique., Au four à micro-ondes: percez l'opercule de chaque compartiment. Centrez la barquette dans le four afin qu'elle ne touche pas les parois. Faîtes réchauffer 2 minutes à puissance maximale. Au bain-marie: plonger la barquette fermée dans l'eau frémissante pendant 10 minutes. Passez-la sous l'eau froide pendant quelques secondes avant de retirer l'opercule pour éviter toute projection à l'ouverture., A conserver à température ambiante.]|"
11,87€ / Kg"|"
3,56 €"
167|Emincés de volaille aux lentilles cuisinées, certifié AB|La barquette de 300g|[Origine : FRANCE, Lentilles vertes précuites* 26% (lentilles vertes*, eau, huile de colza*, sel), eau, viande de cuisse de poulet traitée en salaison cuite* 13% (viande de cuisse de poulet* 11%, eau, dextrose de maïs*, sel de mer, poudre de lait*, gélifiant: agar, sucre roux*, chicorée soluble*, épaississant: farine de caroube), oignons* 10%, courgettes* 10%, carottes* 8%, concentré de tomates*, tomates concassées*, poivrons rouges* et verts*, huile d'olive vierge extra*, sel, sucre*, épaississants: gomme xanthane et gomme guar, jus de citron concentré*, poivre*, origan*, romarin*, thym*, basilic*. Présence possible de poisson, oeuf et gluten. *ingrédients issus de l'agriculture biologique., Au four à micro-ondes: percez l'opercule de chaque compartiment. Centrez la barquette dans le four afin qu'elle ne touche pas les parois. Faîtes réchauffer 2 minutes à puissance maximale. Au bain-marie: plonger la barquette fermée dans l'eau frémissante pendant 10 minutes. Passez-la sous l'eau froide pendant quelques secondes avant de retirer l'opercule pour éviter toute projection à l'ouverture., A conserver à température ambiante.]|"
11,87€ / Kg"|"
3,56 €"
168|Filet de saumon, sauce aneth et duo de riz, certifié AB|La barquette de 300g|[Origine : FRANCE, Plat cuisiné à base de riz blanc et riz rouge, de filet de saumon sauce à l'aneth et à l'arôme naturel d'aneth, issu de l'agriculture biologique., Au four à micro-ondes : percez l'opercule de chaque compartiment. Centrez la barquette dans le four afin qu'elle ne touche pas les parois. Faîtes réchauffer 2 minutes à puissance maximale. Au bain-marie : plonger la barquette fermée dans l'eau frémissante pendant 10 minutes. Passez-la sous l'eau froide pendant quelques secondes avant de retirer l'opercule pour éviter toute projection à l'ouverture. Ne pas mettre au four traditionnel. Malgré tous nos contrôles, une arête peut exceptionnellement se retrouver dans ce produit., Riz blanc*  et rouge* précuits 46% (riz blanc*, riz rouge*, eau, huile de colza*, sel), filet de saumon* 18%, eau, carottes* 6%, crème fraîche*, farines de blé* et de riz*, margarine* (huiles et graisses végétales de tournesol* et de palme*, eau, sel, lécithine de tournesol, jus de carotte*, jus de citron concentré*), poudre de lait écrémé*, protéines de lait*, vinaigre d'alcool*, sel, épaississants: gomme xanthane et gomme guar, fécule de pomme de terre*, extrait de citron* 0,17% (jus et alcoolat de citron), arôme naturel (contient sulfites), jus de citron concentré* 0,11%, aneth déshydraté* 0,06%, poivre*, arôme naturel aneth 0,01%. Présence possible d'oeuf. *ingrédients issus de l'agriculture biologique., Valeur énergétique en Joules :  653kj, Valeur énergétique en Kcal : 156kcal, Glucides : 19g, Lipides : 5,5g, Protides :6,7g, A conserver à température ambiante. Conditionné sous atmosphère protectrice.]|"
13,63€ / Kg"|"
4,09 €"
169|Filet de saumon, sauce aneth et duo de riz, certifié AB|La barquette de 300g|[Origine : FRANCE, Plat cuisiné à base de riz blanc et riz rouge, de filet de saumon sauce à l'aneth et à l'arôme naturel d'aneth, issu de l'agriculture biologique., Au four à micro-ondes : percez l'opercule de chaque compartiment. Centrez la barquette dans le four afin qu'elle ne touche pas les parois. Faîtes réchauffer 2 minutes à puissance maximale. Au bain-marie : plonger la barquette fermée dans l'eau frémissante pendant 10 minutes. Passez-la sous l'eau froide pendant quelques secondes avant de retirer l'opercule pour éviter toute projection à l'ouverture. Ne pas mettre au four traditionnel. Malgré tous nos contrôles, une arête peut exceptionnellement se retrouver dans ce produit., Riz blanc*  et rouge* précuits 46% (riz blanc*, riz rouge*, eau, huile de colza*, sel), filet de saumon* 18%, eau, carottes* 6%, crème fraîche*, farines de blé* et de riz*, margarine* (huiles et graisses végétales de tournesol* et de palme*, eau, sel, lécithine de tournesol, jus de carotte*, jus de citron concentré*), poudre de lait écrémé*, protéines de lait*, vinaigre d'alcool*, sel, épaississants: gomme xanthane et gomme guar, fécule de pomme de terre*, extrait de citron* 0,17% (jus et alcoolat de citron), arôme naturel (contient sulfites), jus de citron concentré* 0,11%, aneth déshydraté* 0,06%, poivre*, arôme naturel aneth 0,01%. Présence possible d'oeuf. *ingrédients issus de l'agriculture biologique., Valeur énergétique en Joules :  653kj, Valeur énergétique en Kcal : 156kcal, Glucides : 19g, Lipides : 5,5g, Protides :6,7g, A conserver à température ambiante. Conditionné sous atmosphère protectrice.]|"
13,63€ / Kg"|"
4,09 €"
170|Haricots verts extra-fins monoprix bio|Le bocal de 180g net égoutté|[Origine : FRANCE, Haricots verts extra fins issus de l'agriculture biologique., Rincez à l'eau froide et égouttez. Réchauffez à feu doux avec du beurre ou un jus de viande, saupoudrez de persil haché et assaisonnez à votre convenance. Froids : en salade., Haricots verts*, eau, sel. *Ingrédient issu de l'agriculture biologique., Valeur énergétique en Joules :  108kj, Valeur énergétique en Kcal : 26kcal, Glucides : 3g, Lipides : 0,2g, Protides :1,6g, A conserver à l'abri de la chaleur, de l'humidité et de la lumière.]|"
9,11€ / Kg"|"
1,64 €"
171|Haricots verts extra-fins monoprix bio|Le bocal de 180g net égoutté|[Origine : FRANCE, Haricots verts extra fins issus de l'agriculture biologique., Rincez à l'eau froide et égouttez. Réchauffez à feu doux avec du beurre ou un jus de viande, saupoudrez de persil haché et assaisonnez à votre convenance. Froids : en salade., Haricots verts*, eau, sel. *Ingrédient issu de l'agriculture biologique., Valeur énergétique en Joules :  108kj, Valeur énergétique en Kcal : 26kcal, Glucides : 3g, Lipides : 0,2g, Protides :1,6g, A conserver à l'abri de la chaleur, de l'humidité et de la lumière.]|"
9,11€ / Kg"|"
1,64 €"
172|Maïs doux en grains, sous vide, bio|La boîte de 300g|[Origine : FRANCE, Chaud : réchauffez le à feu doux dans une casserole avec une noix de beurre. Servez avec des grillades, des rôtis et volailles ou du poisson. Froid : mélangez le à d'autres légumes pour constituer des salades rafraîchissantes et originales (tomates,poivrons, pointes d'asperges, céleri etc)., Maïs en grains*, eau, sel. * Ingrédients issus de l'agriculture biologique., Valeur énergétique en Joules :  377Kj, Valeur énergétique en Kcal : 90Kcal, Glucides : 12g, Lipides : 2,4g, Protides :2,9g, A conserver à température ambiante.]|"
5,23€ / Kg"|"
1,49 €"
173|Maïs doux en grains, sous vide, bio|La boîte de 300g|[Origine : FRANCE, Chaud : réchauffez le à feu doux dans une casserole avec une noix de beurre. Servez avec des grillades, des rôtis et volailles ou du poisson. Froid : mélangez le à d'autres légumes pour constituer des salades rafraîchissantes et originales (tomates,poivrons, pointes d'asperges, céleri etc)., Maïs en grains*, eau, sel. * Ingrédients issus de l'agriculture biologique., Valeur énergétique en Joules :  377Kj, Valeur énergétique en Kcal : 90Kcal, Glucides : 12g, Lipides : 2,4g, Protides :2,9g, A conserver à température ambiante.]|"
5,23€ / Kg"|"
1,49 €"
174|Petits pois extra-fins et jeunes carottes à l'étuvée, certifié AB|Le bocal de 420g net égoutté|[Origine : FRANCE, Versez le contenu du bocal dans une casserole et faites chauffer à feu doux sans bouillir. Assaisonnez selon le goût., Légumes : petits pois extra-fins* (50% minimum), jeunes carottes* (30% minimum). Jus : eau, sucre de canne*, sel, arôme naturel. *ingrédients issus de l'agriculture biologique., Valeur énergétique en Joules :  217kj, Valeur énergétique en Kcal : 52kcal, Glucides : 7,5gg, Lipides : 0,3g, Protides :2,6g, A conserver à l'abri de la chaleur, de l'humidité et de la lumière.]|"
5,30€ / Kg"|"
3,50 €"
175|Petits pois extra-fins et jeunes carottes à l'étuvée, certifié AB|Le bocal de 420g net égoutté|[Origine : FRANCE, Versez le contenu du bocal dans une casserole et faites chauffer à feu doux sans bouillir. Assaisonnez selon le goût., Légumes : petits pois extra-fins* (50% minimum), jeunes carottes* (30% minimum). Jus : eau, sucre de canne*, sel, arôme naturel. *ingrédients issus de l'agriculture biologique., Valeur énergétique en Joules :  217kj, Valeur énergétique en Kcal : 52kcal, Glucides : 7,5gg, Lipides : 0,3g, Protides :2,6g, A conserver à l'abri de la chaleur, de l'humidité et de la lumière.]|"
5,30€ / Kg"|"
3,50 €"
176|Pulpe de tomates|Le pot de 400g|[Origine : FRANCE, Cette pulpe de tomates vous permettra de réaliser une sauce délicieuse pour accompagner vos pâtes, ou garnir une tarte salée., Verser la pulpe telle quelle sur les plats à assaisonner ou la faire réchauffer au bain-marie (bocal ouvert) une dizaine de minutes. Certifié AB., pulpe de tomates* 99,4%, sel. *ingrédient issu de l'agriculture biologique., Valeur énergétique en Joules :  161Kj, Valeur énergétique en Kcal : 38Kcal, Glucides : 7,3g, Lipides : 0,3g, Protides :1,5g, A conserver à température ambiante.]|"
4,53€ / Kg"|"
1,81 €"
177|Pulpe de tomates|Le pot de 400g|[Origine : FRANCE, Cette pulpe de tomates vous permettra de réaliser une sauce délicieuse pour accompagner vos pâtes, ou garnir une tarte salée., Verser la pulpe telle quelle sur les plats à assaisonner ou la faire réchauffer au bain-marie (bocal ouvert) une dizaine de minutes. Certifié AB., pulpe de tomates* 99,4%, sel. *ingrédient issu de l'agriculture biologique., Valeur énergétique en Joules :  161Kj, Valeur énergétique en Kcal : 38Kcal, Glucides : 7,3g, Lipides : 0,3g, Protides :1,5g, A conserver à température ambiante.]|"
4,53€ / Kg"|"
1,81 €"
178|Ratatouille à l'huile d'olive vierge et aux herbes aromatiques|Le bocal de 630g|[Origine : FRANCE, Versez le contenu du bocal dans une casserole. Faites réchauffer le tout à feu doux pendant 10 minutes. Remuez en cours de cuisson. Servez chaud., Tomates* 30%, courgettes* 26%, aubergines* 12%, poivrons rouges* 12%, oignons*, huile de tournesol*, concentré de tomate* 2,8%, huile d'olive vierge extra* 1,4%, sel, pulpe d'ail*, herbes aromatiques 0,4% (thym*, origan*, basilic* 0,08%), jus de citron concentré*. *Ingrédients issus de l'agriculture biologique., Valeur énergétique en Joules :  271kg, Valeur énergétique en Kcal : 65kcal, Glucides : 3,5g, Lipides : 5g, Protides :0,7g, Après ouverture, à conserver au réfrigérateur et à consommer rapidement.]|"
5,90€ / Kg"|"
3,72 €"
179|Ratatouille à l'huile d'olive vierge et aux herbes aromatiques|Le bocal de 630g|[Origine : FRANCE, Versez le contenu du bocal dans une casserole. Faites réchauffer le tout à feu doux pendant 10 minutes. Remuez en cours de cuisson. Servez chaud., Tomates* 30%, courgettes* 26%, aubergines* 12%, poivrons rouges* 12%, oignons*, huile de tournesol*, concentré de tomate* 2,8%, huile d'olive vierge extra* 1,4%, sel, pulpe d'ail*, herbes aromatiques 0,4% (thym*, origan*, basilic* 0,08%), jus de citron concentré*. *Ingrédients issus de l'agriculture biologique., Valeur énergétique en Joules :  271kg, Valeur énergétique en Kcal : 65kcal, Glucides : 3,5g, Lipides : 5g, Protides :0,7g, Après ouverture, à conserver au réfrigérateur et à consommer rapidement.]|"
5,90€ / Kg"|"
3,72 €"
180|Ravioli pur boeuf, certifié AB|La barquette de 300g|[Origine : FRANCE, Au four à micro-ondes : percez l'opercule de chaque compartiment. Centrez la barquette dans le four afin qu'elle ne touche pas les parois. Faites réchauffer 2 minutes à puissance maximale. Au bain-marie : plonger la barquette fermée dans l'eau frémissante pendant 10 minutes. Passez-la sous l'eau froide pendant quelques secondes avant de retirer l'opercule pour éviter toute projection à l'ouverture., Ravioli précuits* 43% (pâte 26% (semoule de blé dur*, eau, oeufs*), farce 17% (viande de boeuf* 9,5%, couscous*, coulis de tomate*, tomates*, oignons*, sel, huile de tournesol*, arômes naturels), eau, huile de colza*, sel), eau, concentré de tomates*5,8%, tomates concassées* 4,9%, carottes* 1,6%, oignons* 1,6%, huile de colza*, sel, sucre*, fécule de pomme de terre*, ail déshydraté*, épaississants : gomme xanthane et gomme guar, poivre, origan*, persil*, basilic*, paprika*. Présence possible depoisson. *Ingrédients issus de l'agriculture biologique., Valeur énergétique en Joules :  394KJ, Valeur énergétique en Kcal : 94KCAL, Glucides : 13g, Lipides : 2,3g, Protides :4,1g, A conserver à température ambiante. Conditionné sous atmosphère protectrice.]|"
8,47€ / Kg"|"
2,54 €"
181|Ravioli pur boeuf, certifié AB|La barquette de 300g|[Origine : FRANCE, Au four à micro-ondes : percez l'opercule de chaque compartiment. Centrez la barquette dans le four afin qu'elle ne touche pas les parois. Faites réchauffer 2 minutes à puissance maximale. Au bain-marie : plonger la barquette fermée dans l'eau frémissante pendant 10 minutes. Passez-la sous l'eau froide pendant quelques secondes avant de retirer l'opercule pour éviter toute projection à l'ouverture., Ravioli précuits* 43% (pâte 26% (semoule de blé dur*, eau, oeufs*), farce 17% (viande de boeuf* 9,5%, couscous*, coulis de tomate*, tomates*, oignons*, sel, huile de tournesol*, arômes naturels), eau, huile de colza*, sel), eau, concentré de tomates*5,8%, tomates concassées* 4,9%, carottes* 1,6%, oignons* 1,6%, huile de colza*, sel, sucre*, fécule de pomme de terre*, ail déshydraté*, épaississants : gomme xanthane et gomme guar, poivre, origan*, persil*, basilic*, paprika*. Présence possible depoisson. *Ingrédients issus de l'agriculture biologique., Valeur énergétique en Joules :  394KJ, Valeur énergétique en Kcal : 94KCAL, Glucides : 13g, Lipides : 2,3g, Protides :4,1g, A conserver à température ambiante. Conditionné sous atmosphère protectrice.]|"
8,47€ / Kg"|"
2,54 €"
182|Terrine de campagne|Le pot de 180g|[Origine : FRANCE, Gorde de porc*52%, foie de porc*32%, épaule de porc*7%, lait*, oeufs*, sel, Cognac*, épice et aromates*. *ingrédients issus de l'agriculture biologique, Valeur énergétique en Joules :  1305Kj, Valeur énergétique en Kcal : 315Kcal, Glucides : 0,8g, Lipides : 28g, Protides :15g]|"
12,50€ / Kg"|"
2,25 €"
183|Terrine de campagne|Le pot de 180g|[Origine : FRANCE, Gorde de porc*52%, foie de porc*32%, épaule de porc*7%, lait*, oeufs*, sel, Cognac*, épice et aromates*. *ingrédients issus de l'agriculture biologique, Valeur énergétique en Joules :  1305Kj, Valeur énergétique en Kcal : 315Kcal, Glucides : 0,8g, Lipides : 28g, Protides :15g]|"
12,50€ / Kg"|"
2,25 €"
184|Terrine de fois de volaille au cognac|Le pot de 180g|[Origine : FRANCE, Gorge de porc*, foie de volaille* 37%, lait*, oeufs*, sel, cognac*1% et aromates*.  *ingrédients issus de l'Agriculture Biologique., Valeur énergétique en Joules :  1378Kj, Valeur énergétique en Kcal : 333Kcal, Glucides : 0,6g, Lipides : 31g, Protides :13g]|"
12,50€ / Kg"|"
2,25 €"
185|Terrine de fois de volaille au cognac|Le pot de 180g|[Origine : FRANCE, Gorge de porc*, foie de volaille* 37%, lait*, oeufs*, sel, cognac*1% et aromates*.  *ingrédients issus de l'Agriculture Biologique., Valeur énergétique en Joules :  1378Kj, Valeur énergétique en Kcal : 333Kcal, Glucides : 0,6g, Lipides : 31g, Protides :13g]|"
12,50€ / Kg"|"
2,25 €"
186|Tomates entières pelées, au jus|La boîte de 400g|[Origine : FRANCE, Tomates entières pelées* 60%, jus de tomates* 39%, sel, correcteur d'acidité: E330. * ingrédients issus de l'agriculture biologique., Pour préparer toutes vos sauces et plats à base de tomates., A conserver à température ambiante, à l'abri de l'humidité et des fortes variations de température.]|"
2,38€ / Kg"|"
0,95 €"
187|Tomates entières pelées, au jus|La boîte de 400g|[Origine : FRANCE, Tomates entières pelées* 60%, jus de tomates* 39%, sel, correcteur d'acidité: E330. * ingrédients issus de l'agriculture biologique., Pour préparer toutes vos sauces et plats à base de tomates., A conserver à température ambiante, à l'abri de l'humidité et des fortes variations de température.]|"
2,38€ / Kg"|"
0,95 €"
188|Amande Cuisine Bio|La boite de 200ml|[Origine : FRANCE, Valeur énergétique en Joules :  357kj, Valeur énergétique en Kcal : 87kcal, Glucides : 1,7g, Lipides : 8,0g, Protides :0,6g]|"
10,75€ / L"|"
2,15 €"
189|Amande Cuisine Bio|La boite de 200ml|[Origine : FRANCE, Valeur énergétique en Joules :  357kj, Valeur énergétique en Kcal : 87kcal, Glucides : 1,7g, Lipides : 8,0g, Protides :0,6g]|"
10,75€ / L"|"
2,15 €"
190|Avoine cuisine|Le pack de 200ml|[Origine : ITALIE, L'avoine cuisine Bjorg est une excellente alternative à la crème classique., Elle accompagnera aussi bien vos recettes salées que sucrées (quiches, gratins, sauces, desserts, gâteaux, etc). Bien agiter avant utilisation., Eau, *avoine (8%), *huile de tournesol pressÍe Å froid, Ípaissants : gomme de guar et gomme de xanthane, sel marin, Valeur énergétique en Joules :  395kj, Valeur énergétique en Kcal : 95kcal, Glucides : 5,8g, Lipides : 7,6g, Protides :0,6g, À conserver au frais après ouverture et à consommer rapidement .]|"
8,65€ / L"|"
1,73 €"
191|Avoine cuisine|Le pack de 200ml|[Origine : ITALIE, L'avoine cuisine Bjorg est une excellente alternative à la crème classique., Elle accompagnera aussi bien vos recettes salées que sucrées (quiches, gratins, sauces, desserts, gâteaux, etc). Bien agiter avant utilisation., Eau, *avoine (8%), *huile de tournesol pressÍe Å froid, Ípaissants : gomme de guar et gomme de xanthane, sel marin, Valeur énergétique en Joules :  395kj, Valeur énergétique en Kcal : 95kcal, Glucides : 5,8g, Lipides : 7,6g, Protides :0,6g, À conserver au frais après ouverture et à consommer rapidement .]|"
8,65€ / L"|"
1,73 €"
192|Filet de saumon, certifié AB|La boîte de 125g|[Origine : FRANCE, 100% biologique, il est fabriqué avec des poissons ayant grandi dans une eau de qualité, et vous offre le goût subtil et naturel d'une chair bien ferme.*100% des ingrédients d'origine agricole ont été obtenus selon les règles de la production biologique., Laissez-le s'inviter dans vos repas : servez-le en plat principal avec l'accompagnement de votre choix ou avec une salade verte pour une entrée fraîcheur., Filet de saumon Atlantique* (72%), eau, sel. *100% des ingrédients d'origine agricole ont été obtenus selon les règles de la production biologique., Valeur énergétique en Joules :  721Kj, Valeur énergétique en Kcal : 173Kcal, Glucides : 0,6g, Lipides : 10,3g, Protides :194g, A conserver au frais après ouverture et à consommer rapidement.]|"
43,04€ / Kg"|"
5,38 €"
193|Filet de saumon, certifié AB|La boîte de 125g|[Origine : FRANCE, 100% biologique, il est fabriqué avec des poissons ayant grandi dans une eau de qualité, et vous offre le goût subtil et naturel d'une chair bien ferme.*100% des ingrédients d'origine agricole ont été obtenus selon les règles de la production biologique., Laissez-le s'inviter dans vos repas : servez-le en plat principal avec l'accompagnement de votre choix ou avec une salade verte pour une entrée fraîcheur., Filet de saumon Atlantique* (72%), eau, sel. *100% des ingrédients d'origine agricole ont été obtenus selon les règles de la production biologique., Valeur énergétique en Joules :  721Kj, Valeur énergétique en Kcal : 173Kcal, Glucides : 0,6g, Lipides : 10,3g, Protides :194g, A conserver au frais après ouverture et à consommer rapidement.]|"
43,04€ / Kg"|"
5,38 €"
194|Lentilles carottes, bio|Le sachet de 250g|[Origine : FRANCE, Ce plat cuisiné, 100% biologique, est à la fois très pratiques et particulièrement savoureux. Riche en protéines et en fibres., Laissez vous tenter par ce délicieux mélange de lentilles et de carottes.  pour 2 personnes. a réchauffer au micro ondes ou au bain marie., Lentilles vertes précuites*(60%), carottes précuites (38%), sel marin de l'atlantique non raffiné, huile de tournesol non hydrogénée*. * 100 % des ingrédients d'origine agricole ont été obtenus selon les règles de la production biologique. Sans conservateur et sans colorant., Valeur énergétique en Joules :  285Kj, Valeur énergétique en Kcal : 68Kc, Glucides : 7.1g, Lipides : 1.5g, Protides :6.4g, A conserver dans un endroit frais et sec.]|"
12,84€ / Kg"|"
3,21 €"
195|Lentilles carottes, bio|Le sachet de 250g|[Origine : FRANCE, Ce plat cuisiné, 100% biologique, est à la fois très pratiques et particulièrement savoureux. Riche en protéines et en fibres., Laissez vous tenter par ce délicieux mélange de lentilles et de carottes.  pour 2 personnes. a réchauffer au micro ondes ou au bain marie., Lentilles vertes précuites*(60%), carottes précuites (38%), sel marin de l'atlantique non raffiné, huile de tournesol non hydrogénée*. * 100 % des ingrédients d'origine agricole ont été obtenus selon les règles de la production biologique. Sans conservateur et sans colorant., Valeur énergétique en Joules :  285Kj, Valeur énergétique en Kcal : 68Kc, Glucides : 7.1g, Lipides : 1.5g, Protides :6.4g, A conserver dans un endroit frais et sec.]|"
12,84€ / Kg"|"
3,21 €"
196|Quinoa pois chiches, certifié AB|Le sachet de 250g|[Origine : FRANCE, Variez les plaisirs avec le Quinoa, cette graine riche en fibres découverte il y a plus de 6000 ans par les Incas. Avec le Quinoa Pois chiches Bjorg, profitez des bienfaits de l'association céréales et légumineuse dans un plat 100% végétal, riche enprotéines, véritable alternative à la viande. Bjorg sélectionne des ingrédients bio et met en oeuvre son savoir faire pour vous proposer des recettes Purs Plaisirs, sans conservateur ni colorant, qui subliment naturellement les goûts., Au micro-ondes : ouvrez le haut du sachet, placez au micro-ondes pendant 2min. à puissance maximale. Sortez le sachet par les coins pour ne pas vous brûler. A la poêle : réchauffer 3 cuillères à soupe d'eau dans une poêle. Ajouter le contenu du sachet. Couvrir et laisser cuire à feu doux jusqu'à totale absorption de l'eau.  Micro-ondes. Poêle., Quinoa précuit* (35%), pois chiches précuits* (22%), boulgour précuit*, riz complet précuit*, riz rouge précuit*, sel marin de l'Atlantique non raffiné, huile de tournesol non hydrogéné*. *100% des ingrédients d'origine agricole ont été obtenus selonles règles de la production biologique. Sans conservateur, ni colorant., Valeur énergétique en Joules :  622Kj, Valeur énergétique en Kcal : 148Kc, Glucides : 23.9g, Lipides : 3.2g, Protides :5.7g, A conserver à l'abri de la chaleur et de l'humidité. A conserver au froid après ouverture et à consommer rapidement.]|"
12,84€ / Kg"|"
3,21 €"
197|Quinoa pois chiches, certifié AB|Le sachet de 250g|[Origine : FRANCE, Variez les plaisirs avec le Quinoa, cette graine riche en fibres découverte il y a plus de 6000 ans par les Incas. Avec le Quinoa Pois chiches Bjorg, profitez des bienfaits de l'association céréales et légumineuse dans un plat 100% végétal, riche enprotéines, véritable alternative à la viande. Bjorg sélectionne des ingrédients bio et met en oeuvre son savoir faire pour vous proposer des recettes Purs Plaisirs, sans conservateur ni colorant, qui subliment naturellement les goûts., Au micro-ondes : ouvrez le haut du sachet, placez au micro-ondes pendant 2min. à puissance maximale. Sortez le sachet par les coins pour ne pas vous brûler. A la poêle : réchauffer 3 cuillères à soupe d'eau dans une poêle. Ajouter le contenu du sachet. Couvrir et laisser cuire à feu doux jusqu'à totale absorption de l'eau.  Micro-ondes. Poêle., Quinoa précuit* (35%), pois chiches précuits* (22%), boulgour précuit*, riz complet précuit*, riz rouge précuit*, sel marin de l'Atlantique non raffiné, huile de tournesol non hydrogéné*. *100% des ingrédients d'origine agricole ont été obtenus selonles règles de la production biologique. Sans conservateur, ni colorant., Valeur énergétique en Joules :  622Kj, Valeur énergétique en Kcal : 148Kc, Glucides : 23.9g, Lipides : 3.2g, Protides :5.7g, A conserver à l'abri de la chaleur et de l'humidité. A conserver au froid après ouverture et à consommer rapidement.]|"
12,84€ / Kg"|"
3,21 €"
198|Riz soja à legumes doypack bio|Le sachet de 250g|[Origine : FRANCE, Laissez-vous tenter par ce mélange de céréales, légumineuses et légumes, qui se consomme comme un plat cuisiné, riche en fibres et protéines., Au micro-ondes : ouvrez le haut du sachet, placez le au micro-ondes pendant 1 min 30. Sortez le sachet par les coins pour ne pas vous brûler. Au bain-marie : placez le sachet fermé dans l'eau frémissante pendant 5 min., Riz complet précuit* (38%), fèves de soja précuites* (34%), légumes* (24%) (tomates*, petits pois*, carottes*, oignons*), huile d'olive vierge extra*, sel de l'Atlantique non raffiné, ail*, thym*. *100% des ingrédients d'origine agricole ont été obtenus selon les règles de la production biologique., Valeur énergétique en Joules :  1021kj, Valeur énergétique en Kcal : 244kcal, Glucides : 24g, Lipides : 7,8g, Protides :14,8, A conserver au réfrigérateur après ouverture et à consommer rapidement.]|"
8,08€ / Kg"|"
2,02 €"
199|Terrine d'aubergine à tartiner, certifié AB|La boîte de 125g|[Origine : FRANCE, Pour profiter du meilleur de la nature Bjorg élabore ses recettes pour vous offrir des vertus nutritionnelles uniques., Levure alimentaire, eau, aubergines grillées (*aubergines 18%, *huile de tournesol, *vinaigre, *épices, *herbes aromatiques), huile de palmiste non hydrogénée, *tofu (eau, *fèves de soja), *purée de tomates, *flocons de pommes de terre, huile d'olive*, sel marin, *sauce de soja (eau, *fèves de soja, sel), *ail, *thym, *épices. *100% des ingrédients d'origine agricole ont été obtenus selon les règles de la production biologique. Sans arôme artificiel, sans colorant., Valeur énergétique en Joules :  695Kj, Valeur énergétique en Kcal : 165Kc, Glucides : 4g, Lipides : 14,2g, Protides :6g, Pratique grâce à sa capsule refermable, la Terrine Aubergine se conserve au réfrigérateur après ouverture.]|"
24,48€ / Kg"|"
3,06 €"
200|Terrine d'aubergine à tartiner, certifié AB|La boîte de 125g|[Origine : FRANCE, Pour profiter du meilleur de la nature Bjorg élabore ses recettes pour vous offrir des vertus nutritionnelles uniques., Levure alimentaire, eau, aubergines grillées (*aubergines 18%, *huile de tournesol, *vinaigre, *épices, *herbes aromatiques), huile de palmiste non hydrogénée, *tofu (eau, *fèves de soja), *purée de tomates, *flocons de pommes de terre, huile d'olive*, sel marin, *sauce de soja (eau, *fèves de soja, sel), *ail, *thym, *épices. *100% des ingrédients d'origine agricole ont été obtenus selon les règles de la production biologique. Sans arôme artificiel, sans colorant., Valeur énergétique en Joules :  695Kj, Valeur énergétique en Kcal : 165Kc, Glucides : 4g, Lipides : 14,2g, Protides :6g, Pratique grâce à sa capsule refermable, la Terrine Aubergine se conserve au réfrigérateur après ouverture.]|"
24,48€ / Kg"|"
3,06 €"
201|Terrine provençale, spécialité végétale à tartiner|La boîte de 125g|[Origine : FRANCE, Bjorg fait le choix de l'agriculture biologique, un mode de culture qui utilise des méthodes naturelles et un mode de transformation qui s'interdit tout arôme artificiel ou colorant. Pour profiter du meilleur de la nature Bjorg élabore ses recettes pour vous offrir des vertus nutritionnelles uniques., Levure, eau, *matière grasse végétale (palme), *herbes de Provence 7,2% (*thym, *sarriette, *romarin, *laurier, *basilic, *fleur de lavande), *amidon de pomme de terre, *poireau, *huile de tournesol, sel marin, *ail, *poivre, *céleri. *100% des ingrédients d'origine agricole ont été obtenus selon les règles de la production biologique., Valeur énergétique en Joules :  884Kj, Valeur énergétique en Kcal : 213Kcal, Glucides : 9g, Lipides : 17g, Protides :6g, Pratique grâce à sa capsule refermable, la Terrine Provençale se conserve au réfrigérateur après ouverture.]|"
26,24€ / Kg"|"
3,28 €"
202|Terrine provençale, spécialité végétale à tartiner|La boîte de 125g|[Origine : FRANCE, Bjorg fait le choix de l'agriculture biologique, un mode de culture qui utilise des méthodes naturelles et un mode de transformation qui s'interdit tout arôme artificiel ou colorant. Pour profiter du meilleur de la nature Bjorg élabore ses recettes pour vous offrir des vertus nutritionnelles uniques., Levure, eau, *matière grasse végétale (palme), *herbes de Provence 7,2% (*thym, *sarriette, *romarin, *laurier, *basilic, *fleur de lavande), *amidon de pomme de terre, *poireau, *huile de tournesol, sel marin, *ail, *poivre, *céleri. *100% des ingrédients d'origine agricole ont été obtenus selon les règles de la production biologique., Valeur énergétique en Joules :  884Kj, Valeur énergétique en Kcal : 213Kcal, Glucides : 9g, Lipides : 17g, Protides :6g, Pratique grâce à sa capsule refermable, la Terrine Provençale se conserve au réfrigérateur après ouverture.]|"
26,24€ / Kg"|"
3,28 €"
203|Terrine veg legumes du soleil bio|La boite de 125g|[Origine : ALLEMAGNE, Spécialité végétale à tartiner aux légumes., Levure*, huile de tournesol*, poivrons rouges* (12.5%), eau, amidon de pomme de terre*, purÍe de tomates* (8%), aubergines* (4.5%), courgettes* (4.5%), tomates* (3%), huile d?olive*, sel de mer, oignons*, Ípices* (ail en poudre*, paprika*, poivre blanc*), fines herbes* (origan*, romarin*, thym*), Valeur énergétique en Joules :  870, Valeur énergétique en Kcal : 210, Glucides : 9, Lipides : 16.5, Protides :4.5, Après ouverture, à conserver au réfrigérateur et à consommer rapidement.]|"
29,12€ / Kg"|"
3,64 €"
204|Terrine veg legumes du soleil bio|La boite de 125g|[Origine : ALLEMAGNE, Spécialité végétale à tartiner aux légumes., Levure*, huile de tournesol*, poivrons rouges* (12.5%), eau, amidon de pomme de terre*, purÍe de tomates* (8%), aubergines* (4.5%), courgettes* (4.5%), tomates* (3%), huile d?olive*, sel de mer, oignons*, Ípices* (ail en poudre*, paprika*, poivre blanc*), fines herbes* (origan*, romarin*, thym*), Valeur énergétique en Joules :  870, Valeur énergétique en Kcal : 210, Glucides : 9, Lipides : 16.5, Protides :4.5, Après ouverture, à conserver au réfrigérateur et à consommer rapidement.]|"
29,12€ / Kg"|"
3,64 €"
205|Mais sans sucre ajouté, certifié AB|Les 2 boîtes de 140g|[Origine : FRANCE, Le maïs Bio Bonduelle est issu de semences Bio et rigoureusement sélectionnées. Cultivé sans engrais chimique. Cueilli juste au bon moment, naturellement sucré, croquant et juteux., Maïs doux en grains (agriculture UE)*, eau, sel. *produits issus de l'agriculture biologique. Contient les sucres naturels du maïs. Sans conservateur.]|"
7,89€ / Kg"|"
2,21 €"
206|Mais sans sucre ajouté, certifié AB|Les 2 boîtes de 140g|[Origine : FRANCE, Le maïs Bio Bonduelle est issu de semences Bio et rigoureusement sélectionnées. Cultivé sans engrais chimique. Cueilli juste au bon moment, naturellement sucré, croquant et juteux., Maïs doux en grains (agriculture UE)*, eau, sel. *produits issus de l'agriculture biologique. Contient les sucres naturels du maïs. Sans conservateur.]|"
7,89€ / Kg"|"
2,21 €"
207|Boulghour à la tunisienne, cuisiné au raz-el-hanout, certifié AB|Le sachet de 220g|[Origine : FRANCE, Le Boulghour à la Tunisienne Céréal Bio est un mélange délicieusement relevé et savoureux de boulghour de blé, pois chiches et soja, associé à la saveur sucrée des raisins secs., Au micro-ondes : placez dans le four à micro-ondes le sachet ouvert en haut pendant 2 minutes (puissance maximale). Sortez le sachet par les coins pour ne pas vous brûler. Verser le contenu dans une assiette. Au bain marie : plongez le sachet dans l'eau frémissante pendant 10 minutes., Boulghour de blé* 27,5%, eau, courgette*, concassé de tomate*, carotte*, oignon*, pois chiches précuits* 4% (pois chiches*, eau, sel marin, sucre de canne*, vinaigre de pomme*), protéines de soja* 4%, huile de tournesol*, raisins secs* 2,5%, huile d'olive*, jus de citron*, sel marin, ail*, épices* en poudre (raz-el-hanout* (curcuma*, muscade*, cannelle*, poivre gris*, fenouil*, girofle*, laurier*, gingembre*, piment fort*), cumin*). *Ingrédients agricoles issus de l'agriculture biologique : 100%., Valeur énergétique en Joules :  698kj, Valeur énergétique en Kcal : 167kcal, Glucides : 19,4g, Lipides : 5,6g, Protides :6,0g, A conserver à l'abri de la chaleur et de l'humidité. A conserver au réfrigérateur deux jours maximum après son ouverture.]|"
12,73€ / Kg"|"
2,80 €"
208|Boulghour à la tunisienne, cuisiné au raz-el-hanout, certifié AB|Le sachet de 220g|[Origine : FRANCE, Le Boulghour à la Tunisienne Céréal Bio est un mélange délicieusement relevé et savoureux de boulghour de blé, pois chiches et soja, associé à la saveur sucrée des raisins secs., Au micro-ondes : placez dans le four à micro-ondes le sachet ouvert en haut pendant 2 minutes (puissance maximale). Sortez le sachet par les coins pour ne pas vous brûler. Verser le contenu dans une assiette. Au bain marie : plongez le sachet dans l'eau frémissante pendant 10 minutes., Boulghour de blé* 27,5%, eau, courgette*, concassé de tomate*, carotte*, oignon*, pois chiches précuits* 4% (pois chiches*, eau, sel marin, sucre de canne*, vinaigre de pomme*), protéines de soja* 4%, huile de tournesol*, raisins secs* 2,5%, huile d'olive*, jus de citron*, sel marin, ail*, épices* en poudre (raz-el-hanout* (curcuma*, muscade*, cannelle*, poivre gris*, fenouil*, girofle*, laurier*, gingembre*, piment fort*), cumin*). *Ingrédients agricoles issus de l'agriculture biologique : 100%., Valeur énergétique en Joules :  698kj, Valeur énergétique en Kcal : 167kcal, Glucides : 19,4g, Lipides : 5,6g, Protides :6,0g, A conserver à l'abri de la chaleur et de l'humidité. A conserver au réfrigérateur deux jours maximum après son ouverture.]|"
12,73€ / Kg"|"
2,80 €"
209|Boulghour d'orge, riz rouge et lentilles vertes|Le paquet de 250g|[Origine : FRANCE, Découvrez le boulghour d'orge, riz rouge et lentilles vertes Céréal Bio, qui associe dans sa recette la douceur du boulghour d'orge, le croquant du riz rouge & le goût franc des lentilles vertes. Céréal Bio, invente pour vous Bio Express : une gammede produits bio et gourmands, prêts en un rien de temps., 1-2 personnes. Micro-ondes : placer le sachet ouvert en haut pendant 2 minutes à puissance maximale. Au bain-marie : plongez le sachet fermé pendant 10 minutes dans l'eau frémissante., Eau, boulghour d'orge* 30,5%, lentilles vertes* 6,5%, huile d'olive*, riz rouge complet* 4%, sel marin. *Ingrédients agricoles issus de l'agriculture biologique., Valeur énergétique en Joules :  715kj, Valeur énergétique en Kcal : 171kcal, Glucides : 21,3g, Lipides : 6,1g, Protides :4,8g, A conserver au réfrigérateur deux jours maximum après son ouverture. A conserver à l'abri de la chaleur et de l'humidité. Conditionné sous atmosphère protectrice.]|"
10,80€ / Kg"|"
2,70 €"
210|Cappellettis Tofu - épinards, sauce tomate, emmental chèvre, certifié AB|Le sachet de 220g|[Origine : FRANCE, Découvrez les Cappellettis Tofu, Epinards : une association de pâtes farcies, riches et savoureuses, alliées à la douceur du Tofu.Relevé d'une sauce tomate, emmental et chèvre, c'est un plat généreux qui s'adresse aux gourmands en quête d'équilibre., 1 personne. Au micro-ondes : placer le sachet ouvert en haut pendant 2 minutes à puissance maximale. Au bain-marie : plonger le sachet fermé pendant 10 minutes dans de l'eau frémissante., Eau, concassé et concentré de tomate* 25%, pâte* (semoule de blé dur*, eau, poudre d'épinard* 0,2%), oignons*, tofu* 2,5% (eau, soja* 0,7%, gélifiants (sulfate de calcium, Nigari)), huile de de tournesol*, fromages* (emmental* 1,5%, fromage de chèvre* 0,7%), sel, farine de blé*, épinards* 0,9%, sucre de canne*, épices* et aromates* (basilic*, herbes de Provence* (dont romarin*, marjolaine*, sarriette*, origan*, hysope*), ciboulette*, ail*, poivre gris* poudre), levure. *ingrédients agricoles issus de l'agriculture biologique: 100%. Sans conservateur. Sans colorant. Sans viande., Valeur énergétique en Joules :  426Kj, Valeur énergétique en Kcal : 101Kcal, Glucides : 13,9g, Lipides : 3,1g, Protides :4,4g, A conserver au réfrigérateur deux jours maximum après son ouverture. A conserver à l'abri de la chaleur et de l'humidité. Conditionné sous atmosphère protectrice.]|"
12,23€ / Kg"|"
2,69 €"
211|Cappellettis Tofu - épinards, sauce tomate, emmental chèvre, certifié AB|Le sachet de 220g|[Origine : FRANCE, Découvrez les Cappellettis Tofu, Epinards : une association de pâtes farcies, riches et savoureuses, alliées à la douceur du Tofu.Relevé d'une sauce tomate, emmental et chèvre, c'est un plat généreux qui s'adresse aux gourmands en quête d'équilibre., 1 personne. Au micro-ondes : placer le sachet ouvert en haut pendant 2 minutes à puissance maximale. Au bain-marie : plonger le sachet fermé pendant 10 minutes dans de l'eau frémissante., Eau, concassé et concentré de tomate* 25%, pâte* (semoule de blé dur*, eau, poudre d'épinard* 0,2%), oignons*, tofu* 2,5% (eau, soja* 0,7%, gélifiants (sulfate de calcium, Nigari)), huile de de tournesol*, fromages* (emmental* 1,5%, fromage de chèvre* 0,7%), sel, farine de blé*, épinards* 0,9%, sucre de canne*, épices* et aromates* (basilic*, herbes de Provence* (dont romarin*, marjolaine*, sarriette*, origan*, hysope*), ciboulette*, ail*, poivre gris* poudre), levure. *ingrédients agricoles issus de l'agriculture biologique: 100%. Sans conservateur. Sans colorant. Sans viande., Valeur énergétique en Joules :  426Kj, Valeur énergétique en Kcal : 101Kcal, Glucides : 13,9g, Lipides : 3,1g, Protides :4,4g, A conserver au réfrigérateur deux jours maximum après son ouverture. A conserver à l'abri de la chaleur et de l'humidité. Conditionné sous atmosphère protectrice.]|"
12,23€ / Kg"|"
2,69 €"
212|Concasse de Riz au soja et 4 épices|Le sachet de 220g|[Origine : FRANCE, Croquant et fondant à la fois, ce plat est délicatement relevé d'épices. Céréal bio vous garantit un dépaysement réussi pour vos papilles., Au micro-ondes : placer le sachet ouvert en haut pendant 2min à puissance maximale. Au bain marie : plonger le sachet fermé pendant 10min dans de l'eau frémissante., Eau, boulghour de riz complet* 21%, carottes* 19,5%, oignons*, huile d'olive*, sauce soja* (eau, graines de soja*, blé*, sel marin, ferment : aspergillus oryzae), farine de soja* 4%, petits pois* 3%, sésame complet* toasté 1,5%, coriandre* feuille, sel marin, épices* (coriandre*, citronnelle*, gingembre*, cannelle*), épaississant : gomme guar. *ingrédients issus de l'agriculture biologique., Valeur énergétique en Joules :  658kj, Valeur énergétique en Kcal : 157kcal, Glucides : 18g, Lipides : 6,1g, Protides :5,1g, A conserver au réfrigérateur deux jours maximum après son ouverture. A conserver à l'abri de la chaleur et de l'humidité. Conditionné sous atmosphère protectrice.]|"
14,36€ / Kg"|"
3,16 €"
213|Concasse de Riz au soja et 4 épices|Le sachet de 220g|[Origine : FRANCE, Croquant et fondant à la fois, ce plat est délicatement relevé d'épices. Céréal bio vous garantit un dépaysement réussi pour vos papilles., Au micro-ondes : placer le sachet ouvert en haut pendant 2min à puissance maximale. Au bain marie : plonger le sachet fermé pendant 10min dans de l'eau frémissante., Eau, boulghour de riz complet* 21%, carottes* 19,5%, oignons*, huile d'olive*, sauce soja* (eau, graines de soja*, blé*, sel marin, ferment : aspergillus oryzae), farine de soja* 4%, petits pois* 3%, sésame complet* toasté 1,5%, coriandre* feuille, sel marin, épices* (coriandre*, citronnelle*, gingembre*, cannelle*), épaississant : gomme guar. *ingrédients issus de l'agriculture biologique., Valeur énergétique en Joules :  658kj, Valeur énergétique en Kcal : 157kcal, Glucides : 18g, Lipides : 6,1g, Protides :5,1g, A conserver au réfrigérateur deux jours maximum après son ouverture. A conserver à l'abri de la chaleur et de l'humidité. Conditionné sous atmosphère protectrice.]|"
14,36€ / Kg"|"
3,16 €"
214|Galettes aux céréales, epeautre et boulghour aux petits légumes, certifié AB|Les 2 galettes, 200g|[Origine : FRANCE, Manger bio, c'est vouloir prendre soin de soi, des siens et de l'environnement. Parce qu'on peut vouloir manger sain, varié et bon, sans consacrer trop de temps à la préparation des repas, Céreal Bio, avec Bio express, s'adapte aux rythmes de vie d'aujourd'hui et vous propose une gamme de produits bio, gourmands, prêts en un rien de temps. Profitez du savoir-faire de Céréal pour remettre les céréales, avec leur grande diversité, leur richesse en goût et leurs qualités nutritionnelles, au coeur de vos repas., Les galettes se réchauffent hors de leur emballage et sans ajout de matière grasse. A la poêle : trois minutes de chaque côté à feu moyen. Au four : pendant 8 minutes à 210°C., Boulghour de blé précuit* (45,5%) (eau, boulghour de blé*), Légumes* (20%) (carotte*, oignons* frais et poudre, concentré de tomate*, poivrons rouges*, céleri rave*), Epeautre précuit* (12,5%) (eau, epeautre*), Flocons de blé complet* et d'avoine complète*, Huiles de palme* et de tournesol*, Farine de riz*, Ail*, Raisins secs*, Sel marin non raffiné, Gluten de blé*, Épices en poudre* (cumin*, curcuma*, coriandre*, gingembre*, cannelle*, fenugrec*, poivre noir*, muscade*, girofle*). *ingrédientsagricoles issus de l'agriculture biologique :100%, Valeur énergétique en Joules :  909Kj, Valeur énergétique en Kcal : 217Kcal, Glucides : 25,5g, Lipides : 10,1g, Protides :6,4g]|"
16,80€ / Kg"|"
3,36 €"
215|Galettes aux céréales, epeautre et boulghour aux petits légumes, certifié AB|Les 2 galettes, 200g|[Origine : FRANCE, Manger bio, c'est vouloir prendre soin de soi, des siens et de l'environnement. Parce qu'on peut vouloir manger sain, varié et bon, sans consacrer trop de temps à la préparation des repas, Céreal Bio, avec Bio express, s'adapte aux rythmes de vie d'aujourd'hui et vous propose une gamme de produits bio, gourmands, prêts en un rien de temps. Profitez du savoir-faire de Céréal pour remettre les céréales, avec leur grande diversité, leur richesse en goût et leurs qualités nutritionnelles, au coeur de vos repas., Les galettes se réchauffent hors de leur emballage et sans ajout de matière grasse. A la poêle : trois minutes de chaque côté à feu moyen. Au four : pendant 8 minutes à 210°C., Boulghour de blé précuit* (45,5%) (eau, boulghour de blé*), Légumes* (20%) (carotte*, oignons* frais et poudre, concentré de tomate*, poivrons rouges*, céleri rave*), Epeautre précuit* (12,5%) (eau, epeautre*), Flocons de blé complet* et d'avoine complète*, Huiles de palme* et de tournesol*, Farine de riz*, Ail*, Raisins secs*, Sel marin non raffiné, Gluten de blé*, Épices en poudre* (cumin*, curcuma*, coriandre*, gingembre*, cannelle*, fenugrec*, poivre noir*, muscade*, girofle*). *ingrédientsagricoles issus de l'agriculture biologique :100%, Valeur énergétique en Joules :  909Kj, Valeur énergétique en Kcal : 217Kcal, Glucides : 25,5g, Lipides : 10,1g, Protides :6,4g]|"
16,80€ / Kg"|"
3,36 €"
216|Galettes de céréales au quinoa et boulghour à la tomate, certifié AB|Les 2 galettes, 200g|[Origine : FRANCE, Découvrez le délicieux mariage du quinoa, du boulghour et des tomates dans ces galettes délicatement relevées d'épices douces.Fondantes à souhait, c'est accompagnées de délicieux légumes ou crudités qu'elles vous dévoilent toute la subtilité de leurssaveurs., Les galettes se réchauffent hors de leur emballage et sans ajout de matière grasse. A la poêle : 3 minutes de chaque côté à feu moyen. Au four : pendant 8 minutes à 210°C., Boulghour de blé précuit* 46,5% (eau, boulghour de blé*), quinoa précuit* 12% (quinoa*, eau), flocons de blé complet* et d'avoine complète*, poivrons rouges*, oignons*, huiles de tournesol oléique*, concentré de tomate* 3,5%, huile de tournesol*, farine de riz*, maïs*, cumin*, paprika doux*, coriandre*, origan*, ail* et ail* déshydraté, sel marin, gluten de blé*, cacao maigre* en poudre, betterave* en poudre. *ingrédients agricoles issus de l'agriculture biologique : 100%. Sans conservateur. Sans colorant., Valeur énergétique en Joules :  943kj, Valeur énergétique en Kcal : 225kcal, Glucides : 24,8g, Lipides : 11,3g, Protides :6,1g]|"
16,50€ / Kg"|"
3,30 €"
217|Galettes de céréales au quinoa et boulghour à la tomate, certifié AB|Les 2 galettes, 200g|[Origine : FRANCE, Découvrez le délicieux mariage du quinoa, du boulghour et des tomates dans ces galettes délicatement relevées d'épices douces.Fondantes à souhait, c'est accompagnées de délicieux légumes ou crudités qu'elles vous dévoilent toute la subtilité de leurssaveurs., Les galettes se réchauffent hors de leur emballage et sans ajout de matière grasse. A la poêle : 3 minutes de chaque côté à feu moyen. Au four : pendant 8 minutes à 210°C., Boulghour de blé précuit* 46,5% (eau, boulghour de blé*), quinoa précuit* 12% (quinoa*, eau), flocons de blé complet* et d'avoine complète*, poivrons rouges*, oignons*, huiles de tournesol oléique*, concentré de tomate* 3,5%, huile de tournesol*, farine de riz*, maïs*, cumin*, paprika doux*, coriandre*, origan*, ail* et ail* déshydraté, sel marin, gluten de blé*, cacao maigre* en poudre, betterave* en poudre. *ingrédients agricoles issus de l'agriculture biologique : 100%. Sans conservateur. Sans colorant., Valeur énergétique en Joules :  943kj, Valeur énergétique en Kcal : 225kcal, Glucides : 24,8g, Lipides : 11,3g, Protides :6,1g]|"
16,50€ / Kg"|"
3,30 €"
218|Galettes de céréales au sarrasin et boulghour au comté, certifié AB|Les 2 galettes, 200g|[Origine : FRANCE, Découvrez la richesse aromatique du sarrasin et du boulghour au Comté dans cette galette fondante à souhait.C'est accompagnées de délicieux légumes ou crudités que les galettes sarrasin boulghour au comté vous dévoileront toute la subtilité de leurssaveurs. Les galettes Sarrasin et boulghour au Comté Céréal Bio contribuent à une alimentation équilibrée : elles sont source de protéines végétales et riches en fibres., Les galettes se réchauffent hors de leur emballage et sans ajout de matière grasse. A la poêle : trois minutes de chaque côté à feu moyen. Au four : pendant 8 minutes à 210°C., Boulghour de blé* précuit 48% (eau, boulghour de blé*), sarrasin* grillé précuit 18,5% (eau, sarrasin* grillé), fromages* râpés 12% dont Comté* 6,5%, huile de tournesol oléique*, flocons de blé*, complet, oignons*, flocons d'avoine* complète, huile de tournesol*, farine de riz*, sel marin. Fabriqué dans un atelier qui utilise du céleri, des noix et du sésame. *Ingrédients agricoles issus de l'agriculture biologique. Sans conservateur, sans colorant (conformément à la réglementation en vigueur sur le mode de production biologique)., Valeur énergétique en Joules :  1083Kj, Valeur énergétique en Kcal : 259Kcal, Glucides : 24,7g, Lipides : 14,1g, Protides :8,3g]|"
15,20€ / Kg"|"
3,04 €"
219|Petit cuisiné, orge, aubergines et soja|Le sachet de 250g|[Origine : FRANCE, Céréal Bio vous propose de redécouvrir la douceur de l'orge et la richesse du soja.Finement cuisiné avec des aubergines fondantes et délicatement assaisonné, ce plat ravira vos papilles. Le secret de cette recette saine et équilibrée ? Une harmonie parfaite entre soja, céréales et légumes., 1 personne. Au micro-onde : Placer le sachet ouvert en haut pendant 2 minutes à puissance maximale. Au bain marie : plonger le sachet fermé pendant 10 minutes dans de l'eau frémissante., Eau, orge mondé* 20,5%, aubergines* 19%, tomate* 11,5%, oignons* 9,5%, farine de soja* 7,5%, huile d'olive*, concentré de tomate* 3,5%, farine de blé*, sucre de canne*, sel marin, persil*, ail*, poudre, cumin.  * Ingrédients agricoles issus de l'agriculture biologique. Sans conservateur*, sans colorant*. *Conformément à la réglementation européenne., Valeur énergétique en Joules :  423kj, Valeur énergétique en Kcal : 101kcal, Glucides : 10,4g, Lipides : 4,2g, Protides :3,2g, A conserver au réfrigérateur deux jours maximum après son ouverture. A conserver à l'abri de la chaleur et de l'humidité. Conditionné sous atmosphère protectrice.]|"
12,68€ / Kg"|"
3,17 €"
220|Petit cuisiné, orge, aubergines et soja|Le sachet de 250g|[Origine : FRANCE, Céréal Bio vous propose de redécouvrir la douceur de l'orge et la richesse du soja.Finement cuisiné avec des aubergines fondantes et délicatement assaisonné, ce plat ravira vos papilles. Le secret de cette recette saine et équilibrée ? Une harmonie parfaite entre soja, céréales et légumes., 1 personne. Au micro-onde : Placer le sachet ouvert en haut pendant 2 minutes à puissance maximale. Au bain marie : plonger le sachet fermé pendant 10 minutes dans de l'eau frémissante., Eau, orge mondé* 20,5%, aubergines* 19%, tomate* 11,5%, oignons* 9,5%, farine de soja* 7,5%, huile d'olive*, concentré de tomate* 3,5%, farine de blé*, sucre de canne*, sel marin, persil*, ail*, poudre, cumin.  * Ingrédients agricoles issus de l'agriculture biologique. Sans conservateur*, sans colorant*. *Conformément à la réglementation européenne., Valeur énergétique en Joules :  423kj, Valeur énergétique en Kcal : 101kcal, Glucides : 10,4g, Lipides : 4,2g, Protides :3,2g, A conserver au réfrigérateur deux jours maximum après son ouverture. A conserver à l'abri de la chaleur et de l'humidité. Conditionné sous atmosphère protectrice.]|"
12,68€ / Kg"|"
3,17 €"
221|Petit cuisiné lentilles, riz et soja, certifié AB|Le sachet de 220g|[Origine : FRANCE, Au micro-ondes : placez le sachet ouvert en haut pendant 2 minutes à puissance maximale. Au bain marie : plongez le sachet fermé pendant 10 minutes dans de l'eau frémissante. Plat sans viande pour 1 personne., Carotte*, eau, lentilles vertes* 14%, riz basmati complet* 12%, oignons*, huile dolive*, farine de soja* 6%, sauce soja* (eau, graines de soja*, blé*, ferment : Aspergillus oryzae), sel marin. * Ingrédients agricoles issus de l'agriculture biologique., Valeur énergétique en Joules :  646Kj, Valeur énergétique en Kcal : 154Kcal, Glucides : 17,2g, Lipides : 6,3g, Protides :7,1g, A conserver dans un endroit frais et sec.]|"
9,64€ / Kg"|"
2,12 €"
222|Petit cuisiné lentilles, riz et soja, certifié AB|Le sachet de 220g|[Origine : FRANCE, Au micro-ondes : placez le sachet ouvert en haut pendant 2 minutes à puissance maximale. Au bain marie : plongez le sachet fermé pendant 10 minutes dans de l'eau frémissante. Plat sans viande pour 1 personne., Carotte*, eau, lentilles vertes* 14%, riz basmati complet* 12%, oignons*, huile dolive*, farine de soja* 6%, sauce soja* (eau, graines de soja*, blé*, ferment : Aspergillus oryzae), sel marin. * Ingrédients agricoles issus de l'agriculture biologique., Valeur énergétique en Joules :  646Kj, Valeur énergétique en Kcal : 154Kcal, Glucides : 17,2g, Lipides : 6,3g, Protides :7,1g, A conserver dans un endroit frais et sec.]|"
9,64€ / Kg"|"
2,12 €"
223|Quinoa et boulghour à l'indienne, certifié AB|Le sachet de 220g|[Origine : ITALIE, Valeur énergétique en Joules :  624kj, Valeur énergétique en Kcal : 150kcal, Glucides : 12,8g, Lipides : 6,5g, Protides :6,5g]|"
14,41€ / Kg"|"
3,17 €"
224|Quinoa et boulghour à l'indienne, certifié AB|Le sachet de 220g|[Origine : ITALIE, Valeur énergétique en Joules :  624kj, Valeur énergétique en Kcal : 150kcal, Glucides : 12,8g, Lipides : 6,5g, Protides :6,5g]|"
14,41€ / Kg"|"
3,17 €"
225|Raviolis tofu aux tomates et basilic, certifié AB|Le sachet de 220g|[Origine : FRANCE, Manger bio, c' est vouloir prendre soin de soi,des siens et de l'environnement. Parce qu'on peut vouloir manger sain, varié et bon, sans consacrer trop de temps à la préparation des repas, Céréale Bio, avec Bio express, s'adapte aux rythmes de vie d'aujourd'hui et vous propose une gamme de produits bio, gourmands, prêts en un rien de temps. Profitez du savoir-faire de Céréale Bio pour remettre les Céréales et le soja au coeur de vos assiettes., Au micro-ondes : Placez dans le four à micro-ondes le sachet ouvert en haut pendant 2 minutes (puissance maximale). Sortez le sachet par les coins pour ne pas vous brûler. Versez les raviolis et la sauce dans une assiette. A la casserole : Ouvrez lesachet et versez les raviolis dans la casserole. Faites réchauffer 5 mn à feu doux en remuant de temps en temps., Eau, concentré de tomate* 17,5%, pâte, semoule de blé dur*, eau), tofu* 6% (eau, soja 1,5%), oignons*, huiles de tournesol* et d'olive, champignons de Paris*, sel marin, sucre de canne roux*, épices et aromates* (basilic 0,5%, ail*, herbes de Provence*, poivre gris*, laurier*, curcuma*, macis*, persil*), farines de blé et de riz*, levure et extraire de levure, céleri*. *Ingrédients agricoles issus de l'agriculture Biologique : 100%., Valeur énergétique en Joules :  401, Valeur énergétique en Kcal : 95, Glucides : 13,3g, Lipides : 3,3g, Protides :3,1g, A conserver au réfrigérateur deux jours maximum après son ouverture. A conserver à l'abri de la chaleur et de l'humidité.]|"
8,40€ / Kg"|"
2,10 €"
226|Raviolis tofu aux tomates et basilic, certifié AB|Le sachet de 220g|[Origine : FRANCE, Manger bio, c' est vouloir prendre soin de soi,des siens et de l'environnement. Parce qu'on peut vouloir manger sain, varié et bon, sans consacrer trop de temps à la préparation des repas, Céréale Bio, avec Bio express, s'adapte aux rythmes de vie d'aujourd'hui et vous propose une gamme de produits bio, gourmands, prêts en un rien de temps. Profitez du savoir-faire de Céréale Bio pour remettre les Céréales et le soja au coeur de vos assiettes., Au micro-ondes : Placez dans le four à micro-ondes le sachet ouvert en haut pendant 2 minutes (puissance maximale). Sortez le sachet par les coins pour ne pas vous brûler. Versez les raviolis et la sauce dans une assiette. A la casserole : Ouvrez lesachet et versez les raviolis dans la casserole. Faites réchauffer 5 mn à feu doux en remuant de temps en temps., Eau, concentré de tomate* 17,5%, pâte, semoule de blé dur*, eau), tofu* 6% (eau, soja 1,5%), oignons*, huiles de tournesol* et d'olive, champignons de Paris*, sel marin, sucre de canne roux*, épices et aromates* (basilic 0,5%, ail*, herbes de Provence*, poivre gris*, laurier*, curcuma*, macis*, persil*), farines de blé et de riz*, levure et extraire de levure, céleri*. *Ingrédients agricoles issus de l'agriculture Biologique : 100%., Valeur énergétique en Joules :  401, Valeur énergétique en Kcal : 95, Glucides : 13,3g, Lipides : 3,3g, Protides :3,1g, A conserver au réfrigérateur deux jours maximum après son ouverture. A conserver à l'abri de la chaleur et de l'humidité.]|"
8,40€ / Kg"|"
2,10 €"
227|Risotto Orge et Riz au soja et aux champignons|Le sachet de 220g|[Origine : FRANCE, Céréal Bio vous invite à découvrir les saveurs parfumées de son risotto. Savoureux, il s'adresse à tous les adeptes de petits plats gourmands prêts à déguster., Au micro-ondes : avant d'ouvrir le sachet, le malaxer pour aérer le riz. Ouvrir le sachet et ajouter environ 50ml d'eau froide. Faire réchauffer 2 min au four à micro-ondes à 900-100W ou 3 min à 700W. Sortir le sachet du micro-ondes en le tenant parles coins afin de ne pas vous brûler. Mélanger le riz et laisser reposer 1 min. Verser le riz dans une assiette et le remuer avant de déguster., Eau, champignons* 17%, riz* 15%, orge* mondé 15%, oignons*, farine de soja* 3%, crème*, arômes naturels (céleri), sauce soja* (eau, graines de soja*, blé, sel marin, ferment : Aspergillus oryzae), parmesan*, sel marin, ail*, persil*. *ingrédients issus de l'agriculture biologique., Valeur énergétique en Joules :  574kj, Valeur énergétique en Kcal : 136kcal, Glucides : 24,1g, Lipides : 1,5g, Protides :4,5g, A conserver au réfrigérateur deux jours maximum après son ouverture. A conserver à l'abri de la chaleur et de l'humidité. Conditionné sous atmosphère protectrice.]|"
15,80€ / Kg"|"
3,16 €"
228|Risotto Orge et Riz au soja et aux champignons|Le sachet de 220g|[Origine : FRANCE, Céréal Bio vous invite à découvrir les saveurs parfumées de son risotto. Savoureux, il s'adresse à tous les adeptes de petits plats gourmands prêts à déguster., Au micro-ondes : avant d'ouvrir le sachet, le malaxer pour aérer le riz. Ouvrir le sachet et ajouter environ 50ml d'eau froide. Faire réchauffer 2 min au four à micro-ondes à 900-100W ou 3 min à 700W. Sortir le sachet du micro-ondes en le tenant parles coins afin de ne pas vous brûler. Mélanger le riz et laisser reposer 1 min. Verser le riz dans une assiette et le remuer avant de déguster., Eau, champignons* 17%, riz* 15%, orge* mondé 15%, oignons*, farine de soja* 3%, crème*, arômes naturels (céleri), sauce soja* (eau, graines de soja*, blé, sel marin, ferment : Aspergillus oryzae), parmesan*, sel marin, ail*, persil*. *ingrédients issus de l'agriculture biologique., Valeur énergétique en Joules :  574kj, Valeur énergétique en Kcal : 136kcal, Glucides : 24,1g, Lipides : 1,5g, Protides :4,5g, A conserver au réfrigérateur deux jours maximum après son ouverture. A conserver à l'abri de la chaleur et de l'humidité. Conditionné sous atmosphère protectrice.]|"
15,80€ / Kg"|"
3,16 €"
229|Salade de lentilles, épeautre, tofu et petites légumes|Le paquet de 220g|[Origine : FRANCE, Découvrez le goût unique et la fraîcheur de la salade lentilles Céréal Bio. Céréal Bio a revisité pour vous la traditionnelle salade de lentilles aux petits légumes émincés en y ajoutant le croquant de l'épeautre et le goût subtil et original du tofufumé. Relevée par de la moutarde et du vinaigre de cidre, cette salade vous apportera tout sa saveur lors de votre pause déjeuner., A consommer froid., Eau, lentilles vertes* 11%, tomate* 10,5%, haricots verts* 10%, épeautre*, précuit 8,5%, carotte* 6%, tofu fumé* 5% (tofu* (eau, soja* dépelliculé 1,5%, gélifiant : nigari), sauce de soja* (eau, soja*, sel marin, alcool*, ferment : aspergillus oryzae), sel marin, ail*, coriandre*, muscade*, poivre*), échalote*, moutarde* 3,5% (eau, graines de moutarde*, vinaigre de cidre*, sel), persil*, vinaigre de cidre* 1,5%, huile d'olive*, sauce de soja* (eau, soja*, blé*, sel marin, ferment : aspergillus oryzae), sel marin, poivre blanc*. Ingrédients issus de l'agriculture biologique., Valeur énergétique en Joules :  381kj, Valeur énergétique en Kcal : 91kcal, Glucides : 9,2g, Lipides : 2,6g, Protides :5g, A conserver au réfrigérateur deux jours maximum après son ouverture. Conserver à l'abri de la chaleur et de l'humidité. Conditionné sous atmosphère protectrice.]|"
12,68€ / Kg"|"
2,79 €"
230|Thon de ligne à l'huile d'olive vierge extra bio|Le boîte de 104g net égoutté|[Origine : FRANCE, Pêché à la ligne, ce thon doit sa chair fine et moelleuse à sa capture sélective qui préserve la qualité du poisson et l'environnement. Pour encore plus de saveurs, il est nappé d'huile d'olive vierge extra issue de l'agriculture biologique., Thon, huile d'olive vierge extra*, sel. *34% des ingrédients d'origine agricole sont issus de l'agriculture biologique., Valeur énergétique en Joules :  1075kj, Valeur énergétique en Kcal : 255kcal, Glucides : traces, Lipides : 17g, Protides :26g]|"
25,13€ / Kg"|"
4,02 €"
231|Marrons entiers bio cuits à la vapeur|Le bocal de 230g|[Origine : FRANCE, Accompagnement de viandes, volailles, gibiers, poissons, salades etc. Peut être utilisé pour les farces, soupes et desserts. Verser le contenu dans le jus de viande 5 min avant de la sortir du four., Marrons*. *Produit issu de l'agriculture biologique. Sans adjonction d'eau, ni de sel. Sans conservateur., Valeur énergétique en Joules :  702kj, Valeur énergétique en Kcal : 166kcal, Glucides : 32,9%, Lipides : 1,00%, Protides :2,8%, Conserver à température ambiante.]|"
22,61€ / Kg"|"
5,20 €"
232|Marrons entiers bio cuits à la vapeur|Le bocal de 230g|[Origine : FRANCE, Accompagnement de viandes, volailles, gibiers, poissons, salades etc. Peut être utilisé pour les farces, soupes et desserts. Verser le contenu dans le jus de viande 5 min avant de la sortir du four., Marrons*. *Produit issu de l'agriculture biologique. Sans adjonction d'eau, ni de sel. Sans conservateur., Valeur énergétique en Joules :  702kj, Valeur énergétique en Kcal : 166kcal, Glucides : 32,9%, Lipides : 1,00%, Protides :2,8%, Conserver à température ambiante.]|"
22,61€ / Kg"|"
5,20 €"
233|Couscous aux légumes du soleil recette marocaine|Le sachet de 220g|[Origine : FRANCE, Bio, rapide et savoureux ! Voyagez au pays des saveurs et découvrez ce couscous aux légumes du soleil, plat typique de la cuisine marocaine, mariant les graines de couscous à de petits légumes assaisonnés aux saveurs orientales de cumin et de coriandre. A consommer selon vos envies, en plat principal ou pour accompagner vos viandes et vos poissons en y ajoutant une note exotique., 1 à 2 personnes. Au micro-ondes : malaxer le sachet pour répartir la semoule de façon homogène. Ouvrir le haut du sachet et réchauffer 1 à 2 minutes au four à micro-ondes à 750 W. Sortir le sachet par les coins pour ne pas vous brûler. Verser la semoule dans une assiette. A la poêle ou au wok : faire revenir le contenu du sachet dans 2 cuillères à soupe d'eau pendant 5 minutes à feu doux., Eau, semoule semi-complète de blé dur* 30%, morceaux de légumes* 25,5% (courgettes*, carottes*, poivrons rouges*), double concentré de tomate*, huile d'olive* vierge extra, huile de tournesol*, sel marin, sucre brut de canne*, épices*, purée d'ail*.Peut contenir des traces de gluten, soja, sésame et oeuf. *Produits issus de l'agriculture biologique., Valeur énergétique en Joules :  614kj, Valeur énergétique en Kcal : 146kcal, Glucides : 23,6g, Lipides : 3,3g, Protides :4g, A conserver à température ambiante. Après ouverture, à conserver au frais et à consommer rapidement. Ce produit est conditionné sous atmosphère protectrice.]|"
14,05€ / Kg"|"
3,09 €"
234|Couscous aux légumes du soleil recette marocaine|Le sachet de 220g|[Origine : FRANCE, Bio, rapide et savoureux ! Voyagez au pays des saveurs et découvrez ce couscous aux légumes du soleil, plat typique de la cuisine marocaine, mariant les graines de couscous à de petits légumes assaisonnés aux saveurs orientales de cumin et de coriandre. A consommer selon vos envies, en plat principal ou pour accompagner vos viandes et vos poissons en y ajoutant une note exotique., 1 à 2 personnes. Au micro-ondes : malaxer le sachet pour répartir la semoule de façon homogène. Ouvrir le haut du sachet et réchauffer 1 à 2 minutes au four à micro-ondes à 750 W. Sortir le sachet par les coins pour ne pas vous brûler. Verser la semoule dans une assiette. A la poêle ou au wok : faire revenir le contenu du sachet dans 2 cuillères à soupe d'eau pendant 5 minutes à feu doux., Eau, semoule semi-complète de blé dur* 30%, morceaux de légumes* 25,5% (courgettes*, carottes*, poivrons rouges*), double concentré de tomate*, huile d'olive* vierge extra, huile de tournesol*, sel marin, sucre brut de canne*, épices*, purée d'ail*.Peut contenir des traces de gluten, soja, sésame et oeuf. *Produits issus de l'agriculture biologique., Valeur énergétique en Joules :  614kj, Valeur énergétique en Kcal : 146kcal, Glucides : 23,6g, Lipides : 3,3g, Protides :4g, A conserver à température ambiante. Après ouverture, à conserver au frais et à consommer rapidement. Ce produit est conditionné sous atmosphère protectrice.]|"
14,05€ / Kg"|"
3,09 €"
235|Amandes grillées et salées|Le paquet de 120g|[Origine : FRANCE, Valeur énergétique en Joules :  2602kj, Valeur énergétique en Kcal : 630kcal, Glucides : 7,2g, Lipides : 55g, Protides :21g]|"
23,75€ / Kg"|"
2,85 €"
236|Amandes grillées et salées|Le paquet de 120g|[Origine : FRANCE, Valeur énergétique en Joules :  2602kj, Valeur énergétique en Kcal : 630kcal, Glucides : 7,2g, Lipides : 55g, Protides :21g]|"
23,75€ / Kg"|"
2,85 €"
237|Boulgour au légumes du soleil, certifié AB|Le sachet de 240g|[Origine : FRANCE, Monoprix a sélectionné pour vous, avec des entreprises partenaires, des produits issus de l'agriculture biologique. Leurs modes de production et de transformation sont contrôlés et certifiés par un organisme indépendant conformément à la réglementation en vigueur., Eau, boulgour* (25%), oignon* (11,4%), poivron rouge* (11,4%), courgettes* (8,6%), huile de tournesol*, jus de citron*, sel, huile d'olive vierge extra* (0,6%), piment doux*, poivre*, ail*. *Ingrédients issus de l'agriculture biologique., 1 personne. Ouvrez le haut du sachet sur 2cm. Réchauffez 2 minutes au micro-ondes à 750W. Laissez refroidir le sachet 30 secondes, puis prenez-le avec précaution par les bords pour ne pas vous brûler. Ouvrez-le entièrement et mélangez., A conserver à température ambiante. Après ouverture, conserver au réfrigérateur et consommer rapidement.]|"
9,67€ / Kg"|"
2,32 €"
238|Boulgour au légumes du soleil, certifié AB|Le sachet de 240g|[Origine : FRANCE, Monoprix a sélectionné pour vous, avec des entreprises partenaires, des produits issus de l'agriculture biologique. Leurs modes de production et de transformation sont contrôlés et certifiés par un organisme indépendant conformément à la réglementation en vigueur., Eau, boulgour* (25%), oignon* (11,4%), poivron rouge* (11,4%), courgettes* (8,6%), huile de tournesol*, jus de citron*, sel, huile d'olive vierge extra* (0,6%), piment doux*, poivre*, ail*. *Ingrédients issus de l'agriculture biologique., 1 personne. Ouvrez le haut du sachet sur 2cm. Réchauffez 2 minutes au micro-ondes à 750W. Laissez refroidir le sachet 30 secondes, puis prenez-le avec précaution par les bords pour ne pas vous brûler. Ouvrez-le entièrement et mélangez., A conserver à température ambiante. Après ouverture, conserver au réfrigérateur et consommer rapidement.]|"
9,67€ / Kg"|"
2,32 €"
239|Boulgour gros grain bio|La boîte de 500g|[Origine : FRANCE, Dosage pour 1 personne : 60g de boulgour. Cuisson créole : faites bouillir un grand volume d'eau salée et ajoutez une demi cuillère à café d'huile. Versez le boulgour en pluie et laissez cuire à découvert 8 minutes environ, à feu moyen. Arrêtez le feu, laissez gonfler 5 minutes puis égouttez. Cuisson pilaf : faites revenir un volume de boulgour dans un peu de matière grasse, ajoutez deux volumes et demi d'eau chaude salée. Couvrez et laissez cuire à feu doux jusqu'à absorption complète de l'eauen remuant de temps en temps. Laissez reposer 1 à 2 min., Blé dur issu de l'agriculture biologique., Valeur énergétique en Joules :  1403Kj, Valeur énergétique en Kcal : 331KCal, Glucides : 67g, Lipides : 1,8g, Protides :12g, A conserver au sec, au frais et à l'abri de la lumière. Conditionné sous atmosphère protectrice.]|"
5,28€ / Kg"|"
2,64 €"
240|Boulgour gros grain bio|La boîte de 500g|[Origine : FRANCE, Dosage pour 1 personne : 60g de boulgour. Cuisson créole : faites bouillir un grand volume d'eau salée et ajoutez une demi cuillère à café d'huile. Versez le boulgour en pluie et laissez cuire à découvert 8 minutes environ, à feu moyen. Arrêtez le feu, laissez gonfler 5 minutes puis égouttez. Cuisson pilaf : faites revenir un volume de boulgour dans un peu de matière grasse, ajoutez deux volumes et demi d'eau chaude salée. Couvrez et laissez cuire à feu doux jusqu'à absorption complète de l'eauen remuant de temps en temps. Laissez reposer 1 à 2 min., Blé dur issu de l'agriculture biologique., Valeur énergétique en Joules :  1403Kj, Valeur énergétique en Kcal : 331KCal, Glucides : 67g, Lipides : 1,8g, Protides :12g, A conserver au sec, au frais et à l'abri de la lumière. Conditionné sous atmosphère protectrice.]|"
5,28€ / Kg"|"
2,64 €"
241|Coquillettes au blé intégral, certifié AB|Le paquet de 500g|[Origine : FRANCE, Cuisson à l'eau bouillante salée. Al Dente: 6 à 7 minutes. Fondantes: 8 minutes., Semoule de blé dur complet issu de l'agriculture biologique. Traces éventuelles d'oeufs., Valeur énergétique en Joules :  1504Kj, Valeur énergétique en Kcal : 355Kcal, Glucides : 70g, Lipides : 2,5g, Protides :13g, A conserver dans un endroit frais et sec.]|"
2,12€ / Kg"|"
1,06 €"
242|Coquillettes au blé intégral, certifié AB|Le paquet de 500g|[Origine : FRANCE, Cuisson à l'eau bouillante salée. Al Dente: 6 à 7 minutes. Fondantes: 8 minutes., Semoule de blé dur complet issu de l'agriculture biologique. Traces éventuelles d'oeufs., Valeur énergétique en Joules :  1504Kj, Valeur énergétique en Kcal : 355Kcal, Glucides : 70g, Lipides : 2,5g, Protides :13g, A conserver dans un endroit frais et sec.]|"
2,12€ / Kg"|"
1,06 €"
243|Farfalle au blé intégral, pâtes alimentaires Bio|Le paquet de 500g|[Origine : FRANCE, Source de fibres. A base de grains de blé entiers., Cuisson à l'eau bouillante salée. Al Dente: 11 à 12 min. Fondantes: 14min., Semoule de blé dur complet issu de l'agriculture biologique. Traces éventuelles d'oeufs., Valeur énergétique en Joules :  1504Kj, Valeur énergétique en Kcal : 355Kc, Glucides : 70g, Lipides : 2.5g, Protides :13g, A conserver dans un endroit frais et sec.]|"
2,94€ / Kg"|"
1,47 €"
244|Farfalle au blé intégral, pâtes alimentaires Bio|Le paquet de 500g|[Origine : FRANCE, Source de fibres. A base de grains de blé entiers., Cuisson à l'eau bouillante salée. Al Dente: 11 à 12 min. Fondantes: 14min., Semoule de blé dur complet issu de l'agriculture biologique. Traces éventuelles d'oeufs., Valeur énergétique en Joules :  1504Kj, Valeur énergétique en Kcal : 355Kc, Glucides : 70g, Lipides : 2.5g, Protides :13g, A conserver dans un endroit frais et sec.]|"
2,94€ / Kg"|"
1,47 €"
245|Lentilles corail, certifié AB|Le paquet de 500g|[Origine : FRANCE, Lentilles corail issues de l'agriculture biologique., Prévoir 80 g par personne. Rincez les lentilles. A la casserole : versez les lentilles dans un grand volume d'eau froide. Portez à ébullition et laissez cuire à petits bouillons pendant 10 minutes en remuant de temps en temps., Lentilles corail issues de l'agriculture biologique. Traces de blé., Valeur énergétique en Joules :  1320kj, Valeur énergétique en Kcal : 313kcal, Glucides : 42g, Lipides : 1,7g, Protides :23g, A conserver dans un endroit frais et sec. Produit conditionné sous atmosphère protectrice.]|"
7,40€ / Kg"|"
3,70 €"
246|Lentilles corail, certifié AB|Le paquet de 500g|[Origine : FRANCE, Lentilles corail issues de l'agriculture biologique., Prévoir 80 g par personne. Rincez les lentilles. A la casserole : versez les lentilles dans un grand volume d'eau froide. Portez à ébullition et laissez cuire à petits bouillons pendant 10 minutes en remuant de temps en temps., Lentilles corail issues de l'agriculture biologique. Traces de blé., Valeur énergétique en Joules :  1320kj, Valeur énergétique en Kcal : 313kcal, Glucides : 42g, Lipides : 1,7g, Protides :23g, A conserver dans un endroit frais et sec. Produit conditionné sous atmosphère protectrice.]|"
7,40€ / Kg"|"
3,70 €"
247|Lentilles vertes riche en fibre|La boîte de 500g|[Origine : FRANCE, Lentilles vertes issues de l'agriculture biologique., Prévoir 80 g par personne. Rincez les lentilles. A la casserole : versez les lentilles dans un grand volume d'eau froide. Portez à ébullition et laissez cuire à petits bouillons entre 25 à 30 minutes en remuant de temps à autre. A l'autocuiseur : versez les lentilles dans l'eau froide et cuire pendant 10 à 15 minutes après la mise en route de la soupape. Egouttez bien et assaisonnez à votre goût., Lentilles vertes issues de l'agriculture biologique., Valeur énergétique en Joules :  1251kj, Valeur énergétique en Kcal : 298kcal, Glucides : 33g, Lipides : 1,3g, Protides :26g, A conserver dans un endroit frais et sec. Produit conditionné sous atmosphère protectrice.]|"
5,10€ / Kg"|"
2,55 €"
248|Lentilles vertes riche en fibre|La boîte de 500g|[Origine : FRANCE, Lentilles vertes issues de l'agriculture biologique., Prévoir 80 g par personne. Rincez les lentilles. A la casserole : versez les lentilles dans un grand volume d'eau froide. Portez à ébullition et laissez cuire à petits bouillons entre 25 à 30 minutes en remuant de temps à autre. A l'autocuiseur : versez les lentilles dans l'eau froide et cuire pendant 10 à 15 minutes après la mise en route de la soupape. Egouttez bien et assaisonnez à votre goût., Lentilles vertes issues de l'agriculture biologique., Valeur énergétique en Joules :  1251kj, Valeur énergétique en Kcal : 298kcal, Glucides : 33g, Lipides : 1,3g, Protides :26g, A conserver dans un endroit frais et sec. Produit conditionné sous atmosphère protectrice.]|"
5,10€ / Kg"|"
2,55 €"
249|Mélange 5 céréales cuisson en 10 minutes|Le paquet de 250 g|[Origine : FRANCE, Monoprix a sélectionné pour vous, avec des entreprises partenaires, des produits issus de l'agriculture biologique. Leurs modes de production et de transformation sont contrôlés et certifiés par un organisme indépendant conformément à la réglementation en vigueur., Epeautre* 35%, orge* 28%, riz long complet* 22%, blé Kamut* 10%, avoine* 5%. *Ingrédients issus de l'agriculture biologique., Comme pour les pâtes et le riz. Faites bouillir une grande quantité d'eau dans une casserole. Ajoutez le sel dans l'eau bouillante et versez les céréales. Après 10 minutes égouttez et assaisonnez selon votre goût., Conserver le produit à l'abri de la lumière, dans un endroit frais, sec, propre et sans odeurs.]|"
7,20€ / Kg"|"
1,80 €"
250|Mélange 5 céréales cuisson en 10 minutes|Le paquet de 250 g|[Origine : FRANCE, Monoprix a sélectionné pour vous, avec des entreprises partenaires, des produits issus de l'agriculture biologique. Leurs modes de production et de transformation sont contrôlés et certifiés par un organisme indépendant conformément à la réglementation en vigueur., Epeautre* 35%, orge* 28%, riz long complet* 22%, blé Kamut* 10%, avoine* 5%. *Ingrédients issus de l'agriculture biologique., Comme pour les pâtes et le riz. Faites bouillir une grande quantité d'eau dans une casserole. Ajoutez le sel dans l'eau bouillante et versez les céréales. Après 10 minutes égouttez et assaisonnez selon votre goût., Conserver le produit à l'abri de la lumière, dans un endroit frais, sec, propre et sans odeurs.]|"
7,20€ / Kg"|"
1,80 €"
251|Mélange quinoa boulgour, cuisson rapide, certifié AB|Le paquet de 250g|[Origine : FRANCE, Monoprix a sélectionné pour vous, avec des entreprises partenaires, des produits issus de l'agriculture biologique. Leurs modes de production et de transformation sont contrôlés et certifiés par un organisme indépendant conformément à la réglementation en vigueur., Boulgour de blé dur* 80%, quinoa* 20%. *Ingrédients issus de l'agriculture biologique., Comme pour les pâtes et le riz. Faites bouillir une grande quantité d'eau dans une casserole. Ajoutez le sel dans l'eau bouillante et versez les céréales. Après 10 minutes égouttez et assaisonnez selon votre goût., Conserver le produit à l'abri de la lumière, dans un endroit frais, sec, propre et sans odeurs.]|"
5,88€ / Kg"|"
1,47 €"
252|Mélange quinoa boulgour, cuisson rapide, certifié AB|Le paquet de 250g|[Origine : FRANCE, Monoprix a sélectionné pour vous, avec des entreprises partenaires, des produits issus de l'agriculture biologique. Leurs modes de production et de transformation sont contrôlés et certifiés par un organisme indépendant conformément à la réglementation en vigueur., Boulgour de blé dur* 80%, quinoa* 20%. *Ingrédients issus de l'agriculture biologique., Comme pour les pâtes et le riz. Faites bouillir une grande quantité d'eau dans une casserole. Ajoutez le sel dans l'eau bouillante et versez les céréales. Après 10 minutes égouttez et assaisonnez selon votre goût., Conserver le produit à l'abri de la lumière, dans un endroit frais, sec, propre et sans odeurs.]|"
5,88€ / Kg"|"
1,47 €"
253|Mix apéro graines grillées et raisins secs|Le paquet de 120g|[Origine : FRANCE, Valeur énergétique en Joules :  2051kj, Valeur énergétique en Kcal : 492kcal, Glucides : 38g, Lipides : 31g, Protides :12g]|"
17,75€ / Kg"|"
2,13 €"
254|Mix apéro graines grillées et raisins secs|Le paquet de 120g|[Origine : FRANCE, Valeur énergétique en Joules :  2051kj, Valeur énergétique en Kcal : 492kcal, Glucides : 38g, Lipides : 31g, Protides :12g]|"
17,75€ / Kg"|"
2,13 €"
255|Noix de cajou grillées et salées|Le paquet de 120g|[Origine : FRANCE, Valeur énergétique en Joules :  2576kj, Valeur énergétique en Kcal : 622kcal, Glucides : 20g, Lipides : 50g, Protides :20g]|"
19,50€ / Kg"|"
2,34 €"
256|Noix de cajou grillées et salées|Le paquet de 120g|[Origine : FRANCE, Valeur énergétique en Joules :  2576kj, Valeur énergétique en Kcal : 622kcal, Glucides : 20g, Lipides : 50g, Protides :20g]|"
19,50€ / Kg"|"
2,34 €"
257|Penne au blé intégral, pâtes alimentaires, certifié AB|Le paquet de 500g|[Origine : FRANCE, Source de fibres. A base de grains de blé entiers., Cuisson à l'eau bouillante salée. Al dente : 9 à 10 min. Fondantes : 11 min. Casserole., Semoule de blé dur complet issu de l'agriculture biologique. Traces éventuelles d'oeufs., Valeur énergétique en Joules :  1504Kj, Valeur énergétique en Kcal : 355KCal, Glucides : 70g, Lipides : 2,5g, Protides :13g, A conserver dans un endroit frais et sec.]|"
2,58€ / Kg"|"
1,29 €"
258|Penne au blé intégral, pâtes alimentaires, certifié AB|Le paquet de 500g|[Origine : FRANCE, Source de fibres. A base de grains de blé entiers., Cuisson à l'eau bouillante salée. Al dente : 9 à 10 min. Fondantes : 11 min. Casserole., Semoule de blé dur complet issu de l'agriculture biologique. Traces éventuelles d'oeufs., Valeur énergétique en Joules :  1504Kj, Valeur énergétique en Kcal : 355KCal, Glucides : 70g, Lipides : 2,5g, Protides :13g, A conserver dans un endroit frais et sec.]|"
2,58€ / Kg"|"
1,29 €"
259|Quinoa royal|La boîte de 500g|[Origine : FRANCE, Dosage pour 1 personne : 60g de quinoa. Cuisson créole : faites bouillir un grand volume d'eau salée et ajoutez une demi cuillère à café d'huile. Versez le quinoa en pluie et laissez cuire à découvert 8 minutes environ, à feu moyen. Arrêtez le feu, laissez gonfler 5 minutes puis égouttez. Cuisson pilaf : faites revenir un volume de quinoa dans un peu de matière grasse, ajoutez deux volumes et demi d'eau chaude salée. Couvrez et laissez cuire à feu doux jusqu'à absorption complète de l'eau en remuant de temps en temps. Laissez reposer 1 à 2 min., 100% quinoa blanc*. Présence possible de gluten et de soja. *ingrédients issu de l'agriculture biologique et du commerce équitable., Valeur énergétique en Kcal : 373, Glucides : 67g, Lipides : 6,3g, Protides :12g, A conserver au frais et au sec. Conditionné sous atmosphère protectrice.]|"
8,30€ / Kg"|"
4,15 €"
260|Quinoa royal|La boîte de 500g|[Origine : FRANCE, Dosage pour 1 personne : 60g de quinoa. Cuisson créole : faites bouillir un grand volume d'eau salée et ajoutez une demi cuillère à café d'huile. Versez le quinoa en pluie et laissez cuire à découvert 8 minutes environ, à feu moyen. Arrêtez le feu, laissez gonfler 5 minutes puis égouttez. Cuisson pilaf : faites revenir un volume de quinoa dans un peu de matière grasse, ajoutez deux volumes et demi d'eau chaude salée. Couvrez et laissez cuire à feu doux jusqu'à absorption complète de l'eau en remuant de temps en temps. Laissez reposer 1 à 2 min., 100% quinoa blanc*. Présence possible de gluten et de soja. *ingrédients issu de l'agriculture biologique et du commerce équitable., Valeur énergétique en Kcal : 373, Glucides : 67g, Lipides : 6,3g, Protides :12g, A conserver au frais et au sec. Conditionné sous atmosphère protectrice.]|"
8,30€ / Kg"|"
4,15 €"
261|Riz basmati, certifié AB|Le paquet de 500g|[Origine : THAILANDE, Riz basmati long grain de qualité supérieure issu de l'agriculture biologique., Versez le riz dans un grand volume d'eau bouillante salée. Laissez cuire à feu doux 10 minutes pour un riz ferme et 12 minutes pour un riz plus moelleux. Egouttez et servez., Riz basmati long grain de qualité supérieure issu de l'agriculture biologique., Valeur énergétique en Joules :  1485kj, Valeur énergétique en Kcal : 350kcal, Glucides : 78g, Lipides : 0,6g, Protides :7,6g, A conserver au sec, à l'abri de la chaleur et de la lumière. Bien refermer le sachet après utilisation. Conditionne sous atmosphère protectrice.]|"
5,00€ / Kg"|"
2,50 €"
262|Riz basmati, certifié AB|Le paquet de 500g|[Origine : THAILANDE, Riz basmati long grain de qualité supérieure issu de l'agriculture biologique., Versez le riz dans un grand volume d'eau bouillante salée. Laissez cuire à feu doux 10 minutes pour un riz ferme et 12 minutes pour un riz plus moelleux. Egouttez et servez., Riz basmati long grain de qualité supérieure issu de l'agriculture biologique., Valeur énergétique en Joules :  1485kj, Valeur énergétique en Kcal : 350kcal, Glucides : 78g, Lipides : 0,6g, Protides :7,6g, A conserver au sec, à l'abri de la chaleur et de la lumière. Bien refermer le sachet après utilisation. Conditionne sous atmosphère protectrice.]|"
5,00€ / Kg"|"
2,50 €"
263|Riz long blanc, certifié AB|Le paquet de 500g|[Origine : FRANCE, Riz long blanc.    Issu de l'agriculture biologique., à conserver dans un endroit sec et frais; à protéger de la chaleur]|"
3,72€ / Kg"|"
1,86 €"
264|Riz long blanc, certifié AB|Le paquet de 500g|[Origine : FRANCE, Riz long blanc.    Issu de l'agriculture biologique., à conserver dans un endroit sec et frais; à protéger de la chaleur]|"
3,72€ / Kg"|"
1,86 €"
265|Riz long complet, certifié AB|Le paquet de 500g|[Origine : FRANCE, Monoprix a sélectionné pour vous, avec des entreprises partenaires, des produits issus de l'agriculture biologique. Leurs modes de production et de transformation sont contrôlés et certifiés par un organisme indépendant, conformément à la règlementation en vigueur. Les producteurs emploient des fertilisants respectueux de l'environnement et pratiquent la rotation des cultures afin de garder des sols vivants et une fertilité durable., Plongez 60g de riz par personne dans de l'eau bouillante un peu salée. Laissez cuire à couvert et à feu moyen pendant 25 minutes environ., Riz long complet*. *Issu de l'agriculture biologique., Valeur énergétique en Joules :  1414, Valeur énergétique en Kcal : 333, Glucides : 71g, Lipides : 2,2g, Protides :7,4g, Conservez à l'abri de la chaleur et de l'humidté.]|"
3,36€ / Kg"|"
1,68 €"
266|Riz long complet, certifié AB|Le paquet de 500g|[Origine : FRANCE, Monoprix a sélectionné pour vous, avec des entreprises partenaires, des produits issus de l'agriculture biologique. Leurs modes de production et de transformation sont contrôlés et certifiés par un organisme indépendant, conformément à la règlementation en vigueur. Les producteurs emploient des fertilisants respectueux de l'environnement et pratiquent la rotation des cultures afin de garder des sols vivants et une fertilité durable., Plongez 60g de riz par personne dans de l'eau bouillante un peu salée. Laissez cuire à couvert et à feu moyen pendant 25 minutes environ., Riz long complet*. *Issu de l'agriculture biologique., Valeur énergétique en Joules :  1414, Valeur énergétique en Kcal : 333, Glucides : 71g, Lipides : 2,2g, Protides :7,4g, Conservez à l'abri de la chaleur et de l'humidté.]|"
3,36€ / Kg"|"
1,68 €"
267|Riz thaï, certifié AB|Le paquet de 500g|[Origine : THAILANDE, Riz thaï long grain de qualité supérieure issu de l'agriculture biologique., Versez le riz dans un grand volume d'eau bouillante salée. Laissez cuire à feu doux 10 minutes pour un riz ferme et 12 minutes pour un riz plus moelleux. Egouttez et servez., Riz thaï long grain de qualité supérieure issu de l'agriculture biologique., Valeur énergétique en Joules :  1474kj, Valeur énergétique en Kcal : 347kcal, Glucides : 77g, Lipides : 0,8g, Protides :7,4g, A conserver au sec, à l'abri de la chaleur et de la lumière. Bien refermer le sachet après utilisation. Conditionne sous atmosphère protectrice.]|"
5,00€ / Kg"|"
2,50 €"
268|Riz thaï, certifié AB|Le paquet de 500g|[Origine : THAILANDE, Riz thaï long grain de qualité supérieure issu de l'agriculture biologique., Versez le riz dans un grand volume d'eau bouillante salée. Laissez cuire à feu doux 10 minutes pour un riz ferme et 12 minutes pour un riz plus moelleux. Egouttez et servez., Riz thaï long grain de qualité supérieure issu de l'agriculture biologique., Valeur énergétique en Joules :  1474kj, Valeur énergétique en Kcal : 347kcal, Glucides : 77g, Lipides : 0,8g, Protides :7,4g, A conserver au sec, à l'abri de la chaleur et de la lumière. Bien refermer le sachet après utilisation. Conditionne sous atmosphère protectrice.]|"
5,00€ / Kg"|"
2,50 €"
269|Spaghetti, pâtes alimentaires de qualité supérieure, certifié AB|Le paquet de 500g|[Origine : FRANCE, Monoprix a sélectionner pour vous, avec des entreprises partenaires, des produits issus de l'agriculture biologique. Leurs modes de production et de transformation sont contrôlés et certifiés par un organisme indépendant conformément à la réglementation en vigueur. Les producteurs emploient des fertilisants respectueux de l'environnement et pratiquent la rotation des cultures afin de garder des sols vivants et une fertilité durable., Versez les pâtes dans un grand volume d'eau bouillante salée (1 litre d'eau pour 100g de pâtes). Remuez, puis laissez cuire à découvert 7 à 8 min. Egouttez, assaisonnez selon votre goût., Semoule de blé dur* de qualité supérieure. Présence possible d'oeuf, de soja et de lait. *Ingrédient issu de l'agriculture biologique., Valeur énergétique en Joules :  1445Kj, Valeur énergétique en Kcal : 341Kcal, Glucides : 70g, Lipides : 1,7g, Protides :11,3g, A conserver à l'abri du soleil et de l'humidité.]|"
2,90€ / Kg"|"
1,45 €"
270|Spaghetti, pâtes alimentaires de qualité supérieure, certifié AB|Le paquet de 500g|[Origine : FRANCE, Monoprix a sélectionner pour vous, avec des entreprises partenaires, des produits issus de l'agriculture biologique. Leurs modes de production et de transformation sont contrôlés et certifiés par un organisme indépendant conformément à la réglementation en vigueur. Les producteurs emploient des fertilisants respectueux de l'environnement et pratiquent la rotation des cultures afin de garder des sols vivants et une fertilité durable., Versez les pâtes dans un grand volume d'eau bouillante salée (1 litre d'eau pour 100g de pâtes). Remuez, puis laissez cuire à découvert 7 à 8 min. Egouttez, assaisonnez selon votre goût., Semoule de blé dur* de qualité supérieure. Présence possible d'oeuf, de soja et de lait. *Ingrédient issu de l'agriculture biologique., Valeur énergétique en Joules :  1445Kj, Valeur énergétique en Kcal : 341Kcal, Glucides : 70g, Lipides : 1,7g, Protides :11,3g, A conserver à l'abri du soleil et de l'humidité.]|"
2,90€ / Kg"|"
1,45 €"
271|Spaghetti complets|Le paquet de 500g|[Origine : FRANCE, Ces spaghetti complets sont fabriqués à partir de semoule de blé dur complète. Celle-ci est obtenue à partir de grains de blé dont l'enveloppe protectrice, concentrant de nombreux éléments nutritionnels, a été conservée. De là viennent leur goût de céréales prononcé et leur belle couleur brune, qui en font un accompagnement original et facile à préparer pour tous vos plats., Versez les pâtes dans un grand volume d'eau bouillante salée (1 litre d'eau pour 80 g de pâtes). Remuez en cours de cuisson tout en maintenant l'ébullition. Egouttez. Temps de cuisson : 9 à 11 minutes. Pour les rendre encore plus savoureuses, vous pouvez accompagner ces pâtes issues de l'agriculture biologique d'une simple noix de beurre,ou les agrémenter par exemple de quelques légumes cuisinés (courgettes, aubergines, ratatouille...). Quantité moyenne de pâtes crues suggérée par personne : 80g., Semoule complète de blé dur issue de l'agriculture biologique., Valeur énergétique en Joules :  1521kj, Valeur énergétique en Kcal : 359kc, Glucides : 72g, Lipides : 2,5g, Protides :12g, A conserver à l'abri de la chaleur et de l'humidité]|"
2,88€ / Kg"|"
1,44 €"
272|Spaghetti complets|Le paquet de 500g|[Origine : FRANCE, Ces spaghetti complets sont fabriqués à partir de semoule de blé dur complète. Celle-ci est obtenue à partir de grains de blé dont l'enveloppe protectrice, concentrant de nombreux éléments nutritionnels, a été conservée. De là viennent leur goût de céréales prononcé et leur belle couleur brune, qui en font un accompagnement original et facile à préparer pour tous vos plats., Versez les pâtes dans un grand volume d'eau bouillante salée (1 litre d'eau pour 80 g de pâtes). Remuez en cours de cuisson tout en maintenant l'ébullition. Egouttez. Temps de cuisson : 9 à 11 minutes. Pour les rendre encore plus savoureuses, vous pouvez accompagner ces pâtes issues de l'agriculture biologique d'une simple noix de beurre,ou les agrémenter par exemple de quelques légumes cuisinés (courgettes, aubergines, ratatouille...). Quantité moyenne de pâtes crues suggérée par personne : 80g., Semoule complète de blé dur issue de l'agriculture biologique., Valeur énergétique en Joules :  1521kj, Valeur énergétique en Kcal : 359kc, Glucides : 72g, Lipides : 2,5g, Protides :12g, A conserver à l'abri de la chaleur et de l'humidité]|"
2,88€ / Kg"|"
1,44 €"
273|Tagliatelles, pâtes alimentaires de qualité supérieure, certifié AB|Le paquet de 500g|[Origine : FRANCE, Monoprix a sélectionner pour vous, avec des entreprises partenaires, des produits issus de l'agriculture biologique. Leurs modes de production et de transformation sont contrôlés et certifiés par un organisme indépendant conformément à la réglementation en vigueur. Les producteurs emploient des fertilisants respectueux de l'environnement et pratiquent la rotation des cultures afin de garder des sols vivants et une fertilité durable., Versez les pâtes dans un grand volume d'eau bouillante salée (1 litre d'eau pour 100g de pâtes). Remuez, puis laissez cuire à découvert 5 à 7 min. Egouttez, assaisonnez selon votre goût., Semoule de blé dur* de qualité supérieure. Présence possible d'oeuf, de soja et de lait. *Ingrédient issu de l'agriculture biologique., Valeur énergétique en Joules :  1445Kj, Valeur énergétique en Kcal : 341Kcal, Glucides : 70g, Lipides : 1,7g, Protides :11,3g, A conserver à l'abri du soleil et de l'humidité.]|"
2,94€ / Kg"|"
1,47 €"
274|Tagliatelles, pâtes alimentaires de qualité supérieure, certifié AB|Le paquet de 500g|[Origine : FRANCE, Monoprix a sélectionner pour vous, avec des entreprises partenaires, des produits issus de l'agriculture biologique. Leurs modes de production et de transformation sont contrôlés et certifiés par un organisme indépendant conformément à la réglementation en vigueur. Les producteurs emploient des fertilisants respectueux de l'environnement et pratiquent la rotation des cultures afin de garder des sols vivants et une fertilité durable., Versez les pâtes dans un grand volume d'eau bouillante salée (1 litre d'eau pour 100g de pâtes). Remuez, puis laissez cuire à découvert 5 à 7 min. Egouttez, assaisonnez selon votre goût., Semoule de blé dur* de qualité supérieure. Présence possible d'oeuf, de soja et de lait. *Ingrédient issu de l'agriculture biologique., Valeur énergétique en Joules :  1445Kj, Valeur énergétique en Kcal : 341Kcal, Glucides : 70g, Lipides : 1,7g, Protides :11,3g, A conserver à l'abri du soleil et de l'humidité.]|"
2,94€ / Kg"|"
1,47 €"
275|Torsades au blé intégral, pâtes alimentaires, certifié AB|Le paquet de 500g|[Origine : FRANCE, Source de fibres. A base de grains de blé entiers., Cuisson à l'eau bouillante salée. Al dente : 6 à 7 min. Fondantes : 8 min. Casserole., Semoule de blé dur complet issu de l'agriculture biologique. Traces éventuelles d'oeufs., Valeur énergétique en Joules :  1504Kj, Valeur énergétique en Kcal : 355KCal, Glucides : 70g, Lipides : 2,5g, Protides :13g, A conserver dans un endroit frais et sec.]|"
2,58€ / Kg"|"
1,29 €"
276|Torsades au blé intégral, pâtes alimentaires, certifié AB|Le paquet de 500g|[Origine : FRANCE, Source de fibres. A base de grains de blé entiers., Cuisson à l'eau bouillante salée. Al dente : 6 à 7 min. Fondantes : 8 min. Casserole., Semoule de blé dur complet issu de l'agriculture biologique. Traces éventuelles d'oeufs., Valeur énergétique en Joules :  1504Kj, Valeur énergétique en Kcal : 355KCal, Glucides : 70g, Lipides : 2,5g, Protides :13g, A conserver dans un endroit frais et sec.]|"
2,58€ / Kg"|"
1,29 €"
277|Purée de pommes de terre|Les 2 sachets, 194g|[Origine : FRANCE, Délicatement parfumée au romarin, la Purée de Pommes de Terre Bjorg est savoureuse, onctueuse et se prépare avec succès en un tour de main.... A la fois simple et raffinée, la Purée de Pommes de Terre Bjorg est l'accompagnement idéal pour toutes vosviandes, et fera le bonheur des petits comme des grands. Source de protéines végétales et sans matières grasses, la Purée de Pommes de Terre Bjorg constitue un accompagnement facile et rapide à cuisiner., *Pommes de terre (99,9%), *extrait de romarin. *100% des ingrédients d'origine agricole ont été obtenus selon les règles de la production biologique., Valeur énergétique en Joules :  1357Kj, Valeur énergétique en Kcal : 319,3Kcal, Glucides : 71g, Lipides : 0,1g, Protides :8,6g, A conserver dans un endroit frais et sec.]|"
16,34€ / Kg"|"
3,17 €"
278|Purée de pommes de terre|Les 2 sachets, 194g|[Origine : FRANCE, Délicatement parfumée au romarin, la Purée de Pommes de Terre Bjorg est savoureuse, onctueuse et se prépare avec succès en un tour de main.... A la fois simple et raffinée, la Purée de Pommes de Terre Bjorg est l'accompagnement idéal pour toutes vosviandes, et fera le bonheur des petits comme des grands. Source de protéines végétales et sans matières grasses, la Purée de Pommes de Terre Bjorg constitue un accompagnement facile et rapide à cuisiner., *Pommes de terre (99,9%), *extrait de romarin. *100% des ingrédients d'origine agricole ont été obtenus selon les règles de la production biologique., Valeur énergétique en Joules :  1357Kj, Valeur énergétique en Kcal : 319,3Kcal, Glucides : 71g, Lipides : 0,1g, Protides :8,6g, A conserver dans un endroit frais et sec.]|"
16,34€ / Kg"|"
3,17 €"
279|Quinoa, tomates et olives, certifié AB|Le sachet de 250g|[Origine : FRANCE, Ce plat cuisiné, 100% biologique, est à la fois très pratiques et particulièrement savoureux., Mélange de quinoa blond rouge, de tomates séchées, d'olives et d'herbes de Provence. Pour 2 personnes. A réchauffer au micro-ondes ou au bain-marie., *Quinoa blond précuit (50%), *quinoa rouge précuit (35%), *concentré de tomate (4,3%), *oignons,*olives noires (2,3%), *tomates séchées (2,3%), *huile d'olive, sel fin, *herbes de Provence (0,3%), *ail, *poivre. *100 % des ingrédients d'origine agricole ont été obtenus selon les règles de la production biologique. Sans conservateur et sans colorant., Valeur énergétique en Joules :  769, Valeur énergétique en Kcal : 183, Glucides : 28.2, Lipides : 5.4, Protides :5.3, A conserver dans un endroit frais et sec.]|"
12,60€ / Kg"|"
3,15 €"
280|Quinoa, tomates et olives, certifié AB|Le sachet de 250g|[Origine : FRANCE, Ce plat cuisiné, 100% biologique, est à la fois très pratiques et particulièrement savoureux., Mélange de quinoa blond rouge, de tomates séchées, d'olives et d'herbes de Provence. Pour 2 personnes. A réchauffer au micro-ondes ou au bain-marie., *Quinoa blond précuit (50%), *quinoa rouge précuit (35%), *concentré de tomate (4,3%), *oignons,*olives noires (2,3%), *tomates séchées (2,3%), *huile d'olive, sel fin, *herbes de Provence (0,3%), *ail, *poivre. *100 % des ingrédients d'origine agricole ont été obtenus selon les règles de la production biologique. Sans conservateur et sans colorant., Valeur énergétique en Joules :  769, Valeur énergétique en Kcal : 183, Glucides : 28.2, Lipides : 5.4, Protides :5.3, A conserver dans un endroit frais et sec.]|"
12,60€ / Kg"|"
3,15 €"
281|Quinoa Lentilles|Le sachet de 250g|[Origine : FRANCE, Laissez-vous tenter par ce délicieux mélange de quinoa et de lentilles et profitez des bienfaits nutritionnels de l'association d'une céréale et d'une légumineuse.Ce plat est à la fois très pratique et particulièrement savoureux., Au micro-ondes : ouvrez le haut du sachet, placez-le au micro-ondes pendant 2 minutes à puissance maximale. Sortez le sachet par les coins pour ne pas vous brûler. A la poêle : faites chauffer 3 cuillères à soupe d'eau dans un poêle. Ajoutez le contenu du sachet. Couvrez et laissez cuire à feu doux jusqu'à totale absorption de l'eau., Quinoa précuit* (49%), lentilles précuites* (49%), sel marin de l'Atlantique non raffiné, huile de tournesol non hydrogénée*. *100% des ingrédients d'origine agricole ont été obtenus selon les règles de la production biologique., Valeur énergétique en Joules :  527kj, Valeur énergétique en Kcal : 124kcal, Glucides : 16,9g, Lipides : 2,8g, Protides :8g, A conserver à l'abri des rayons du soleil, et dans un endroit frais et sec. Après ouverture, à conserver au réfrigérateur et à consommer rapidement.]|"
12,92€ / Kg"|"
3,23 €"
282|Quinoa Lentilles|Le sachet de 250g|[Origine : FRANCE, Laissez-vous tenter par ce délicieux mélange de quinoa et de lentilles et profitez des bienfaits nutritionnels de l'association d'une céréale et d'une légumineuse.Ce plat est à la fois très pratique et particulièrement savoureux., Au micro-ondes : ouvrez le haut du sachet, placez-le au micro-ondes pendant 2 minutes à puissance maximale. Sortez le sachet par les coins pour ne pas vous brûler. A la poêle : faites chauffer 3 cuillères à soupe d'eau dans un poêle. Ajoutez le contenu du sachet. Couvrez et laissez cuire à feu doux jusqu'à totale absorption de l'eau., Quinoa précuit* (49%), lentilles précuites* (49%), sel marin de l'Atlantique non raffiné, huile de tournesol non hydrogénée*. *100% des ingrédients d'origine agricole ont été obtenus selon les règles de la production biologique., Valeur énergétique en Joules :  527kj, Valeur énergétique en Kcal : 124kcal, Glucides : 16,9g, Lipides : 2,8g, Protides :8g, A conserver à l'abri des rayons du soleil, et dans un endroit frais et sec. Après ouverture, à conserver au réfrigérateur et à consommer rapidement.]|"
12,92€ / Kg"|"
3,23 €"
283|Tofu nature, sachets fraîcheur, certifié AB|La boîte de 400g|[Origine : FRANCE, Utilisé traditionnellement dans la cuisine asiatique, le Tofu est élaboré à partir de fèves de soja. Une portion de 100g de Tofu Nature Bjorg vous apporte 14g des 25g de protéines de soja qui, consommées quotidiennement dans le cadre d'une I alimentation pauvre en acides gras saturés, vous aident à contrôler votre taux de cholestérol et favorisent une bonne santé cardio-vasculaire. Sans cholestérol et source d'Oméga 3, il vous apporte du magnésium et du fer, ce qui en fait une alternative idéaleà la viande ou au fromage., Grâce à son goût discret et subtil, le Tofu Nature s'intègre facilement à toutes vos recettes : en cubes dans vos salades, sauté avec des légumes, des pâtes... émietté dans une sauce bolognaise, dans vos farces et vos quiches., Eau, *fèves de soja (32%), agents de coagulation : chlorure de magnésium (Nigari), sulfate de calcium. *ingrédient d'origine agicole obtenu selon les règles de la production biologique., Valeur énergétique en Joules :  548kj, Valeur énergétique en Kcal : 131kcal, Glucides : 0,5g, Lipides : 7,8g, Protides :14g, A conserver au frais après ouverture et à consommer rapidement.]|"
7,18€ / Kg"|"
2,87 €"
284|Tofu nature, sachets fraîcheur, certifié AB|La boîte de 400g|[Origine : FRANCE, Utilisé traditionnellement dans la cuisine asiatique, le Tofu est élaboré à partir de fèves de soja. Une portion de 100g de Tofu Nature Bjorg vous apporte 14g des 25g de protéines de soja qui, consommées quotidiennement dans le cadre d'une I alimentation pauvre en acides gras saturés, vous aident à contrôler votre taux de cholestérol et favorisent une bonne santé cardio-vasculaire. Sans cholestérol et source d'Oméga 3, il vous apporte du magnésium et du fer, ce qui en fait une alternative idéaleà la viande ou au fromage., Grâce à son goût discret et subtil, le Tofu Nature s'intègre facilement à toutes vos recettes : en cubes dans vos salades, sauté avec des légumes, des pâtes... émietté dans une sauce bolognaise, dans vos farces et vos quiches., Eau, *fèves de soja (32%), agents de coagulation : chlorure de magnésium (Nigari), sulfate de calcium. *ingrédient d'origine agicole obtenu selon les règles de la production biologique., Valeur énergétique en Joules :  548kj, Valeur énergétique en Kcal : 131kcal, Glucides : 0,5g, Lipides : 7,8g, Protides :14g, A conserver au frais après ouverture et à consommer rapidement.]|"
7,18€ / Kg"|"
2,87 €"
285|Trio de ble doypack  bjorg bio|Le sachet de 400g|[Origine : FRANCE, Découvrez ce mélange de variétés de blé toutes prêtes à être consommées pour les grands et les petits. Cest un accompagnement à agrémenter selon votre envie, 100% biologique, riche en fibres et sources de protéines., 4 personnes. Au micro-ondes : ouvrez le haut du sachet, placez au micro-ondes pendant 1 min 30. Sortez le sachet par les coins pour ne pas vous brûler. Au bain-marie : placez le sachet fermé dans leau frémissante pendant 5 min., BlÍ mondÍ* prÍcuit (42,8%), Boulghour* prÍcuit (32,1%), Epeautre* prÍcuit (21,8%), vinaigre de vin*, huile d?olive* extra vierge extraite Å froid, sel de l?Atlantique., Valeur énergétique en Joules :  699, Valeur énergétique en Kcal : 166, Glucides : 28.3, Lipides : 2.1, Protides :5.6, Après ouverture, à conserver au réfrigérateur et à consommer rapidement.]|"
6,93€ / Kg"|"
2,77 €"
286|Trio de ble doypack  bjorg bio|Le sachet de 400g|[Origine : FRANCE, Découvrez ce mélange de variétés de blé toutes prêtes à être consommées pour les grands et les petits. Cest un accompagnement à agrémenter selon votre envie, 100% biologique, riche en fibres et sources de protéines., 4 personnes. Au micro-ondes : ouvrez le haut du sachet, placez au micro-ondes pendant 1 min 30. Sortez le sachet par les coins pour ne pas vous brûler. Au bain-marie : placez le sachet fermé dans leau frémissante pendant 5 min., BlÍ mondÍ* prÍcuit (42,8%), Boulghour* prÍcuit (32,1%), Epeautre* prÍcuit (21,8%), vinaigre de vin*, huile d?olive* extra vierge extraite Å froid, sel de l?Atlantique., Valeur énergétique en Joules :  699, Valeur énergétique en Kcal : 166, Glucides : 28.3, Lipides : 2.1, Protides :5.6, Après ouverture, à conserver au réfrigérateur et à consommer rapidement.]|"
6,93€ / Kg"|"
2,77 €"
287|Trio de riz complet, rouge, basmati bio|Le sachet de 400g|[Origine : FRANCE, Ce mélange de riz, tout prêt à être consommé pour les grands et les petits, est un accompagnement à agrémenter selon votre envie., Pour 4 personnes. Au micro-ondes : ouvrez le haut du sachet, placez au micro-ondes pendant 1 mn 30. Sortez le sachet par les coins pour ne pas vous brûler. Au bain-marie : placez le sachet fermé dans leau frémissante pendant 5 mn., Riz complet* prÍcuit (81,5%), Riz rouge* prÍcuit (8%), Riz basmati* prÍcuit (8%), vinaigre de vin*, huile d?olive* extra vierge extraite Å froid, sel de l?Atlantique, Valeur énergétique en Joules :  668, Valeur énergétique en Kcal : 158, Glucides : 30.5, Lipides : 2, Protides :3.4, Après ouverture, à conserver au réfrigérateur et à consommer rapidement.]|"
6,93€ / Kg"|"
2,77 €"
288|Trio de riz complet, rouge, basmati bio|Le sachet de 400g|[Origine : FRANCE, Ce mélange de riz, tout prêt à être consommé pour les grands et les petits, est un accompagnement à agrémenter selon votre envie., Pour 4 personnes. Au micro-ondes : ouvrez le haut du sachet, placez au micro-ondes pendant 1 mn 30. Sortez le sachet par les coins pour ne pas vous brûler. Au bain-marie : placez le sachet fermé dans leau frémissante pendant 5 mn., Riz complet* prÍcuit (81,5%), Riz rouge* prÍcuit (8%), Riz basmati* prÍcuit (8%), vinaigre de vin*, huile d?olive* extra vierge extraite Å froid, sel de l?Atlantique, Valeur énergétique en Joules :  668, Valeur énergétique en Kcal : 158, Glucides : 30.5, Lipides : 2, Protides :3.4, Après ouverture, à conserver au réfrigérateur et à consommer rapidement.]|"
6,93€ / Kg"|"
2,77 €"
289|Boulghour fin, graine déjà cuite, certifié AB|Le sachet de 250g|[Origine : FRANCE, Manger bio, c'est vouloir prendre soin de soi, des siens et de l'en vironnement. Parce qu'on peut vouloir manger sain, varié et bon, sans consacrer trop de temps à la préparation des repas, Céreal bio avec bio express, s'adapte aux rythmes de vie d'aujourd'hui et vous propose une gamme de produits bio, gourmands, prêts en un rien de temps. Profitez du savoir-faire de Céreal pour remettre les céréales, avec leur grande diversité,leur richesse en goût et leurs vertus nutritionnelles, au coeur de vos repas., Au micro-ondes : Placez dans le four micro-ondes, le sachet ouvert en haut pendant 2 minutes puissance maximale). Sortez le sachet par les coins pour ne pas vous brûler. Versez le Boulghour dans une assiette en l'égrainant a la fourchette. Au bain-marie : Plongez le sachet fermé dans l'eau fremissante pendant 10 minutes. A la poêle : Faites revenir le contenu du sachet dans 2 cuillerées à soupe d'eau pendant 2 minutes à petit feu., Eau, Boulghour Fin de ble* (41,5%), Huile d'olive*, Sel marin. *ingrédients agricoles issus de l'agriculture biologique: 100%, Valeur énergétique en Joules :  691Kj, Valeur énergétique en Kcal : 164Kcal, Glucides : 28,5g, Lipides : 3,2g, Protides :5,3g, A conserver au réfrigérateur deux jours maximum après son ouverture. A conserver à l'abri de la chaleur et de l'humidité.]|"
9,32€ / Kg"|"
2,33 €"
290|Boulghour fin, graine déjà cuite, certifié AB|Le sachet de 250g|[Origine : FRANCE, Manger bio, c'est vouloir prendre soin de soi, des siens et de l'en vironnement. Parce qu'on peut vouloir manger sain, varié et bon, sans consacrer trop de temps à la préparation des repas, Céreal bio avec bio express, s'adapte aux rythmes de vie d'aujourd'hui et vous propose une gamme de produits bio, gourmands, prêts en un rien de temps. Profitez du savoir-faire de Céreal pour remettre les céréales, avec leur grande diversité,leur richesse en goût et leurs vertus nutritionnelles, au coeur de vos repas., Au micro-ondes : Placez dans le four micro-ondes, le sachet ouvert en haut pendant 2 minutes puissance maximale). Sortez le sachet par les coins pour ne pas vous brûler. Versez le Boulghour dans une assiette en l'égrainant a la fourchette. Au bain-marie : Plongez le sachet fermé dans l'eau fremissante pendant 10 minutes. A la poêle : Faites revenir le contenu du sachet dans 2 cuillerées à soupe d'eau pendant 2 minutes à petit feu., Eau, Boulghour Fin de ble* (41,5%), Huile d'olive*, Sel marin. *ingrédients agricoles issus de l'agriculture biologique: 100%, Valeur énergétique en Joules :  691Kj, Valeur énergétique en Kcal : 164Kcal, Glucides : 28,5g, Lipides : 3,2g, Protides :5,3g, A conserver au réfrigérateur deux jours maximum après son ouverture. A conserver à l'abri de la chaleur et de l'humidité.]|"
9,32€ / Kg"|"
2,33 €"
291|concassé de céréales au blé, épeautre & blé de kamut,certifié AB prètes a réchauffer|Le sachet de 220g|[Origine : FRANCE, Valeur énergétique en Joules :  676kj, Valeur énergétique en Kcal : 160kcal, Glucides : 28,1g, Lipides : 2,6g, Protides :6g]|"
11,14€ / Kg"|"
2,45 €"
292|concassé de céréales au blé, épeautre & blé de kamut,certifié AB prètes a réchauffer|Le sachet de 220g|[Origine : FRANCE, Valeur énergétique en Joules :  676kj, Valeur énergétique en Kcal : 160kcal, Glucides : 28,1g, Lipides : 2,6g, Protides :6g]|"
11,14€ / Kg"|"
2,45 €"
293|Mélange du levant riz, soja et sésame|Le sachet de 220g|[Origine : FRANCE, Valeur énergétique en Joules :  899kj, Valeur énergétique en Kcal : 215kcal, Glucides : 18,6g, Lipides : 9,4g, Protides :10,2g]|"
12,64€ / Kg"|"
2,78 €"
294|Mélange du levant riz, soja et sésame|Le sachet de 220g|[Origine : FRANCE, Valeur énergétique en Joules :  899kj, Valeur énergétique en Kcal : 215kcal, Glucides : 18,6g, Lipides : 9,4g, Protides :10,2g]|"
12,64€ / Kg"|"
2,78 €"
295|Riz à l'asiatique|Le doy pack de 220g|[Origine : FRANCE, Valeur énergétique en Joules :  680kj, Valeur énergétique en Kcal : 162kcal, Glucides : 24g, Lipides : 3,2g, Protides :4,4g]|"
14,00€ / Kg"|"
3,08 €"
296|Tofou nature prêt à cuisiner, certifié AB|La boîte de 250g|[Origine : FRANCE, Le Tofu, issu du caillé frais de jus de soja, grâce à un processus naturel d fabrication, conserve toutes les richesses nutritionnelles de la graine., Tofu* (eau, soja* dépelliculé 29%, gélifiants (sulfate de calcium, nigari)). *ingrédients agricoles issus de l'agriculture biologique: 100%. Soja de filière France non OGM*. Sans conservateur, sans colorant., Valeur énergétique en Joules :  642Kj, Valeur énergétique en Kcal : 154Kcal, Glucides : 1,2g, Lipides : 10,1g, Protides :14,6g]|"
11,76€ / Kg"|"
2,94 €"
297|Tofou nature prêt à cuisiner, certifié AB|La boîte de 250g|[Origine : FRANCE, Le Tofu, issu du caillé frais de jus de soja, grâce à un processus naturel d fabrication, conserve toutes les richesses nutritionnelles de la graine., Tofu* (eau, soja* dépelliculé 29%, gélifiants (sulfate de calcium, nigari)). *ingrédients agricoles issus de l'agriculture biologique: 100%. Soja de filière France non OGM*. Sans conservateur, sans colorant., Valeur énergétique en Joules :  642Kj, Valeur énergétique en Kcal : 154Kcal, Glucides : 1,2g, Lipides : 10,1g, Protides :14,6g]|"
11,76€ / Kg"|"
2,94 €"
298|Spaghetti bio, quinoa, persil et ail|le paquet de 500g|[Origine : FRANCE, Semoule supérieure 1/2 complète de blé* dur, quinoa* 10%, persil* 3%, ail* 1%. *Produits issus de l'agriculture biologique., Valeur énergétique en Joules :  1566, Valeur énergétique en Kcal : 374,1, Glucides : 75,9, Lipides : 2,2, Protides :11,5, à conserver à l'abri de l'humidité, à protéger de la chaleur]|"
6,16€ / Kg"|"
3,08 €"
299|Spaghetti bio, quinoa, persil et ail|le paquet de 500g|[Origine : FRANCE, Semoule supérieure 1/2 complète de blé* dur, quinoa* 10%, persil* 3%, ail* 1%. *Produits issus de l'agriculture biologique., Valeur énergétique en Joules :  1566, Valeur énergétique en Kcal : 374,1, Glucides : 75,9, Lipides : 2,2, Protides :11,5, à conserver à l'abri de l'humidité, à protéger de la chaleur]|"
6,16€ / Kg"|"
3,08 €"
300|Spaghetti bio|Le paquet de 500g|[Origine : ITALIE, SEMOULE DE BLñ DUR DE QUALITñ SUPñRIEURE DE PRODUCTION BIOLOGIQUE, Valeur énergétique en Joules :  1499kj, Valeur énergétique en Kcal : 353kcal, Glucides : 73,4g, Lipides : 1g, Protides :11,4g]|"
6,54€ / Kg"|"
3,27 €"
301|Spaghetti bio|Le paquet de 500g|[Origine : ITALIE, SEMOULE DE BLñ DUR DE QUALITñ SUPñRIEURE DE PRODUCTION BIOLOGIQUE, Valeur énergétique en Joules :  1499kj, Valeur énergétique en Kcal : 353kcal, Glucides : 73,4g, Lipides : 1g, Protides :11,4g]|"
6,54€ / Kg"|"
3,27 €"
302|Fusilli|Le paquet de 500g|[Origine : ITALIE, Pâtes sans gluten., 1 personne = 100 g de pâtes. Temps de cuisson : 11-13 minutes., Farine de maïs, farine de millet, farine de riz, sirop de sucre de canne., Valeur énergétique en Joules :  1539kj, Valeur énergétique en Kcal : 363kcal, Glucides : 78g, Lipides : 1,5g, Protides :8,3g, A conserver dans un lieu frais et sec.]|"
8,94€ / Kg"|"
4,47 €"
303|Huile d'olive vierge extra, certifié AB|La bouteille de 25cl|[Origine : FRANCE, Huile d'olive de catégorie supérieure obtenue directement des olives et uniquement par des procédés mécaniques., Huile végétale pour friture et assaisonnement. Température maximale conseillée en friture : 180°C., Huile d'olive vierge extra issue de l'agriculture biologique., Valeur énergétique en Joules :  3700Kj, Valeur énergétique en Kcal : 900Kcal, Glucides : 0g, Lipides : 100g, Protides :0g, A conserver à l'abri de la lumière et de la chaleur. Bien reboucher après usage.]|"
11,84€ / L"|"
2,96 €"
304|Huile d'olive vierge extra, certifié AB|La bouteille de 25cl|[Origine : FRANCE, Huile d'olive de catégorie supérieure obtenue directement des olives et uniquement par des procédés mécaniques., Huile végétale pour friture et assaisonnement. Température maximale conseillée en friture : 180°C., Huile d'olive vierge extra issue de l'agriculture biologique., Valeur énergétique en Joules :  3700Kj, Valeur énergétique en Kcal : 900Kcal, Glucides : 0g, Lipides : 100g, Protides :0g, A conserver à l'abri de la lumière et de la chaleur. Bien reboucher après usage.]|"
11,84€ / L"|"
2,96 €"
305|Huile d'olive vierge extra issue de l'agriculture biologique|La bouteille de 75cl|[Origine : ESPAGNE, Monoprix a sélectionné pour vous, avec des entreprises partenaires, des produits issus de l'agriculture biologique. Leurs modes de production et de transformation sont contrôlés et certifiés par un organisme indépendant. Les producteurs emploient notamment des engrais naturels et pratiquent la rotation des cultures afin de garder des sols vivants et une fertilité durable. L'environnement est ainsi préservé., Huile d'olive vierge extra* de catégorie supérieure obtenue directement des olives et uniquement par des procédés mécaniques. *ingrédient issu de l'agriculture biologique, Valeur énergétique en Joules :  3700Kj, Valeur énergétique en Kcal : 885KCal, Glucides : 0g, Lipides : 100g, Protides :0g, à conserver à l'abri de la lumière et de la chaleur Bien reboucher après usage]|"
10,77€ / L"|"
8,08 €"
306|Huile d'olive vierge extra issue de l'agriculture biologique|La bouteille de 75cl|[Origine : ESPAGNE, Monoprix a sélectionné pour vous, avec des entreprises partenaires, des produits issus de l'agriculture biologique. Leurs modes de production et de transformation sont contrôlés et certifiés par un organisme indépendant. Les producteurs emploient notamment des engrais naturels et pratiquent la rotation des cultures afin de garder des sols vivants et une fertilité durable. L'environnement est ainsi préservé., Huile d'olive vierge extra* de catégorie supérieure obtenue directement des olives et uniquement par des procédés mécaniques. *ingrédient issu de l'agriculture biologique, Valeur énergétique en Joules :  3700Kj, Valeur énergétique en Kcal : 885KCal, Glucides : 0g, Lipides : 100g, Protides :0g, à conserver à l'abri de la lumière et de la chaleur Bien reboucher après usage]|"
10,77€ / L"|"
8,08 €"
307|Vinaigre de cidre|La bouteille de 50cl|[Origine : FRANCE, Monoprix a sélectionné pour vous, avec des entreprises partenaires, des produits issus de l'agriculture biologique. Leurs modes de production et de transformation sont contrôlés et certifiés par un organisme indépendant conformément à la réglementation en vigueur. Les producteurs emploient des  fertilisants respectueux de l'environnement et pratiquent la rotation des cultures afin de garder des sols vivants et une fertilité durable., Vous pourrez utiliser ce vinaigre de cidre pour réaliser des sauces vinaigrettes savoureuses., Vinaigre de cidre issu de l'agriculture biologique., A conserver à température ambiante.]|"
4,34€ / L"|"
2,17 €"
308|Vinaigre de cidre|La bouteille de 50cl|[Origine : FRANCE, Monoprix a sélectionné pour vous, avec des entreprises partenaires, des produits issus de l'agriculture biologique. Leurs modes de production et de transformation sont contrôlés et certifiés par un organisme indépendant conformément à la réglementation en vigueur. Les producteurs emploient des  fertilisants respectueux de l'environnement et pratiquent la rotation des cultures afin de garder des sols vivants et une fertilité durable., Vous pourrez utiliser ce vinaigre de cidre pour réaliser des sauces vinaigrettes savoureuses., Vinaigre de cidre issu de l'agriculture biologique., A conserver à température ambiante.]|"
4,34€ / L"|"
2,17 €"
309|Huile d'olive vierge extra bio, extrait à froid|La bouteille de 75cl|[Origine : FRANCE, C'est la qualité des olives et du processus de fabrication qui apporte tout le goût subtil et raffiné de cette huile.Notre huile d'olive vierge extrait Bjorg est riche en acides gras insaturés. De plus, elle est obtenue par une extraction à froid (excluant tout traitement chimique et opération de raffinage), une fois ses olives soigneusement récoltées., Huile d'olive de catégorie supérieure obtenue directement des olives et uniquement par des procédés mécaniques., Valeur énergétique en Joules :  3700Kj, Valeur énergétique en Kcal : 885KCal, Glucides : 0g, Lipides : 100g, Protides :0g, A conserver dans un endroit frais et sec.]|"
11,53€ / L"|"
8,65 €"
310|Huile d'olive vierge extra bio, extrait à froid|La bouteille de 75cl|[Origine : FRANCE, C'est la qualité des olives et du processus de fabrication qui apporte tout le goût subtil et raffiné de cette huile.Notre huile d'olive vierge extrait Bjorg est riche en acides gras insaturés. De plus, elle est obtenue par une extraction à froid (excluant tout traitement chimique et opération de raffinage), une fois ses olives soigneusement récoltées., Huile d'olive de catégorie supérieure obtenue directement des olives et uniquement par des procédés mécaniques., Valeur énergétique en Joules :  3700Kj, Valeur énergétique en Kcal : 885KCal, Glucides : 0g, Lipides : 100g, Protides :0g, A conserver dans un endroit frais et sec.]|"
11,53€ / L"|"
8,65 €"
311|Huile d'olive vierge extra issue de l'agriculture biologique|La bouteille de 75cl|[Origine : FRANCE, Depuis 1893, de nombreuses générations ont travaillé avec passion pour préserver la Tradition des Huiles d'Olive Carapelli. Ainsi la sélection des huiles les plus précieuses a permis d'élaborer ces notes parfumées et ces saveurs si spécifiques. Carapelli Bio est une Huile d'Olive Vierge Extra obtenue de la pression exclusive d'olives biologiques, cultivées et récoltées conformément aux critères de l'agriculture biologique., Délicatement piquante, l'Huile d'Olive Bio Vierge Extra de Carapelli s'adresse aux amateurs d'une cuisine saine et savoureuse. Sa richesse aromatique naturelle s'adapte parfaitement aux salades et marinades, et est idéale pour parfumer délicatement les poissons ou les légumes vapeurs., Valeur énergétique en Joules :  3378kj, Valeur énergétique en Kcal : 822kcal, Glucides : 0g, Lipides : 91,3g, Protides :0g, A conserver à l'abri de la lumière et de la chaleur.]|"
10,15€ / L"|"
7,61 €"
312|Huile d'olive vierge extra issue de l'agriculture biologique|La bouteille de 75cl|[Origine : FRANCE, Depuis 1893, de nombreuses générations ont travaillé avec passion pour préserver la Tradition des Huiles d'Olive Carapelli. Ainsi la sélection des huiles les plus précieuses a permis d'élaborer ces notes parfumées et ces saveurs si spécifiques. Carapelli Bio est une Huile d'Olive Vierge Extra obtenue de la pression exclusive d'olives biologiques, cultivées et récoltées conformément aux critères de l'agriculture biologique., Délicatement piquante, l'Huile d'Olive Bio Vierge Extra de Carapelli s'adresse aux amateurs d'une cuisine saine et savoureuse. Sa richesse aromatique naturelle s'adapte parfaitement aux salades et marinades, et est idéale pour parfumer délicatement les poissons ou les légumes vapeurs., Valeur énergétique en Joules :  3378kj, Valeur énergétique en Kcal : 822kcal, Glucides : 0g, Lipides : 91,3g, Protides :0g, A conserver à l'abri de la lumière et de la chaleur.]|"
10,15€ / L"|"
7,61 €"
313|Sauce soja ,recette traditionnelle asiatique|La  bouteille de 125ml|"[Origine : FRANCE, La sauce soja , traditionnelle appelée ""shoyu"" est un condiment aromatique issu de la fermentation conjuguée du soja et du blé dans de l'eau salé.Une maturation de 12 mois lui confére son exceptionnelle qualité gustative., A conserver au frais après ouverture.]"|"
22,48€ / L"|"
2,81 €"
314|Sauce soja ,recette traditionnelle asiatique|La  bouteille de 125ml|"[Origine : FRANCE, La sauce soja , traditionnelle appelée ""shoyu"" est un condiment aromatique issu de la fermentation conjuguée du soja et du blé dans de l'eau salé.Une maturation de 12 mois lui confére son exceptionnelle qualité gustative., A conserver au frais après ouverture.]"|"
22,48€ / L"|"
2,81 €"
315|Huile vierge de noix de coco bio|Le bocal de 314ml|[Origine : FRANCE, Extraite de la pulpe dans les quatre jours suivant la récolte, l'huile vierge de noix de coco biologique La Tourangelle participe à vos défenses naturelles., 100% huile vierge de noix de coco bio]|"
23,11€ / Kg"|"
6,68 €"
316|Huile vierge de noix de coco bio|Le bocal de 314ml|[Origine : FRANCE, Extraite de la pulpe dans les quatre jours suivant la récolte, l'huile vierge de noix de coco biologique La Tourangelle participe à vos défenses naturelles., 100% huile vierge de noix de coco bio]|"
23,11€ / Kg"|"
6,68 €"
317|Sauce salade sans huile prêt à l'emploi|La bouteille de 50cl|[Origine : FRANCE, Une sauce salade Sans Huile, le secret ? Un savoureux  mélange de vinaigre, moutarde, aromates issus de l'agriculture Biologique et de l'acacia, fibre alimentaire 100% naturelle pour  apporter à votre salade douceur et équilibre au quotidien. Moins de 5 calories par portion !, Bien agiter avant utilisation, eau. jus de pommes,  vinaigre de pommes 18%, moutarde forte de Dijon (eau, vinaigre d'alcool, graines de moutarde,  sel marin), moutarde  à  l'ancienne 7% (eau. graines de moutarde, vinaigre de cidre, sel marin), épaississants (farine de graines de guar, gomme arabique, gomme, sel de mer non  raffiné, jus de citron concentré, farine de coco, extrait de levure, arômes naturels, acidifiant (acide lactique), curcuma, Valeur énergétique en Joules :  130kj, Valeur énergétique en Kcal : 31kcal, Glucides : 3,5g, Lipides : 1,5g, Protides :1,5g, Se conserve un mois au réfrigérateur après ouverture]|"
10,12€ / L"|"
5,06 €"
318|Sauce salade sans huile prêt à l'emploi|La bouteille de 50cl|[Origine : FRANCE, Une sauce salade Sans Huile, le secret ? Un savoureux  mélange de vinaigre, moutarde, aromates issus de l'agriculture Biologique et de l'acacia, fibre alimentaire 100% naturelle pour  apporter à votre salade douceur et équilibre au quotidien. Moins de 5 calories par portion !, Bien agiter avant utilisation, eau. jus de pommes,  vinaigre de pommes 18%, moutarde forte de Dijon (eau, vinaigre d'alcool, graines de moutarde,  sel marin), moutarde  à  l'ancienne 7% (eau. graines de moutarde, vinaigre de cidre, sel marin), épaississants (farine de graines de guar, gomme arabique, gomme, sel de mer non  raffiné, jus de citron concentré, farine de coco, extrait de levure, arômes naturels, acidifiant (acide lactique), curcuma, Valeur énergétique en Joules :  130kj, Valeur énergétique en Kcal : 31kcal, Glucides : 3,5g, Lipides : 1,5g, Protides :1,5g, Se conserve un mois au réfrigérateur après ouverture]|"
10,12€ / L"|"
5,06 €"
319|Huile d'olive, certifié AB|La brique de 1L|[Origine : FRANCE, Au coeur du régime méditerranéen. 5kg d'olives pressées pour 1l d'huile., Ardente et intensément fruitée. Idéale pour salades et crudités., Huile de catégorie supérieure obtenue directement des olives et uniquement par des procédés mécaniques. Produit issu de l'agriculture biologique.]|"
9,80€ / L"|"
9,80 €"
320|Huile d'olive, certifié AB|La brique de 1L|[Origine : FRANCE, Au coeur du régime méditerranéen. 5kg d'olives pressées pour 1l d'huile., Ardente et intensément fruitée. Idéale pour salades et crudités., Huile de catégorie supérieure obtenue directement des olives et uniquement par des procédés mécaniques. Produit issu de l'agriculture biologique.]|"
9,80€ / L"|"
9,80 €"
321|Huile d'olive vierge extra bio|La brique de 50cl|[Origine : FRANCE, Une huile d'olive biologique d'origine espagnole au profil gustatif ardent et fruité, né de la sélection de plusieurs variétés d'olives., Une huile de caractère, idéale pour salades et crudités, nature ou avec un filet de citron. En cuisson sur les légumes du soleil., Huile de catégorie supérieure obtenue directement des olives et uniquement par des procédés mécaniques. Huile d'olive vierge extra biologique.]|"
11,52€ / L"|"
5,76 €"
322|Huile d'olive vierge extra bio|La brique de 50cl|[Origine : FRANCE, Une huile d'olive biologique d'origine espagnole au profil gustatif ardent et fruité, né de la sélection de plusieurs variétés d'olives., Une huile de caractère, idéale pour salades et crudités, nature ou avec un filet de citron. En cuisson sur les légumes du soleil., Huile de catégorie supérieure obtenue directement des olives et uniquement par des procédés mécaniques. Huile d'olive vierge extra biologique.]|"
11,52€ / L"|"
5,76 €"
323|Huile d'olive vierge extra biologique|La bouteille de 1 litre|[Origine : TUNISIE, Huile d'olive vierge extra Biologique, Glucides : 0g, Lipides : 14g, Protides :0g]|"
8,10€ / L"|"
7,41 €"
324|Huile d'olive vierge extra biologique|La bouteille de 1 litre|[Origine : TUNISIE, Huile d'olive vierge extra Biologique, Glucides : 0g, Lipides : 14g, Protides :0g]|"
8,10€ / L"|"
7,41 €"
325|Sel marin gris de cuisine de Guérande|Le sachet biodégradable et compostable de 1kg|[Origine : FRANCE, Emballage biodégradable et compostable (matière + encre). Garanti récolté traditionnellement tous les jours d'été à la main, sur les salines antiques du bassin de Guérande., Sel marin non lavé, non raffiné, sans aucun produit d'adjonction., Tenir au sec.]|"
1,86€ / Kg"|"
1,86 €"
326|Sel marin gris de cuisine de Guérande|Le sachet biodégradable et compostable de 1kg|[Origine : FRANCE, Emballage biodégradable et compostable (matière + encre). Garanti récolté traditionnellement tous les jours d'été à la main, sur les salines antiques du bassin de Guérande., Sel marin non lavé, non raffiné, sans aucun produit d'adjonction., Tenir au sec.]|"
1,86€ / Kg"|"
1,86 €"
327|Mayonnaise à la moutarde de Dijon, certifié AB|Le pot de 238g|[Origine : FRANCE, Cette mayonnaise, préparée et élaborée avec des produits issus de l'agriculture biologique, a reçu la certification par Certisys BE-1., Huile de tournesol*, jaune d'oeufs*, eau, moutarde de Dijon*3% (vinaigre de cidre*, graines de moutarde*, eau ,sel, acidifiant: E330, vinaigre d'alcool*, sucre de canne*, sel, arômes naturels, épaississant : gomme de xanthane. *ingrédients issus de l'agriculture biologique., Valeur énergétique en Joules :  3014Kj, Valeur énergétique en Kcal : 733Kcal, Glucides : 1,9g, Lipides : 80g, Protides :1,3g, Après ouverture, à conserver au réfrigérateur et à consommer rapidement.]|"
6,77€ / Kg"|"
1,59 €"
328|Mayonnaise à la moutarde de Dijon, certifié AB|Le pot de 238g|[Origine : FRANCE, Cette mayonnaise, préparée et élaborée avec des produits issus de l'agriculture biologique, a reçu la certification par Certisys BE-1., Huile de tournesol*, jaune d'oeufs*, eau, moutarde de Dijon*3% (vinaigre de cidre*, graines de moutarde*, eau ,sel, acidifiant: E330, vinaigre d'alcool*, sucre de canne*, sel, arômes naturels, épaississant : gomme de xanthane. *ingrédients issus de l'agriculture biologique., Valeur énergétique en Joules :  3014Kj, Valeur énergétique en Kcal : 733Kcal, Glucides : 1,9g, Lipides : 80g, Protides :1,3g, Après ouverture, à conserver au réfrigérateur et à consommer rapidement.]|"
6,77€ / Kg"|"
1,59 €"
329|Moutarde à l'ancienne au vinaigre de cidre|Le pot de 200g|[Origine : FRANCE, Nous avons sélectionné pour vous des produits issus de l'agriculture biologique répondant à des normes strictes qui fixent leur mode de production., Vinaigre de cidre 50%* , graines et téguments de moutarde* , eau , sel marin non raffiné.Ingrédient issu de l'agriculture biologique.]|"
6,40€ / Kg"|"
1,28 €"
330|Moutarde à l'ancienne au vinaigre de cidre|Le pot de 200g|[Origine : FRANCE, Nous avons sélectionné pour vous des produits issus de l'agriculture biologique répondant à des normes strictes qui fixent leur mode de production., Vinaigre de cidre 50%* , graines et téguments de moutarde* , eau , sel marin non raffiné.Ingrédient issu de l'agriculture biologique.]|"
6,40€ / Kg"|"
1,28 €"
331|Moutarde de Dijon, certifié AB|Le pot de 210g|[Origine : FRANCE, Eau, graines de moutarde*, vinaigre d'alcool*, sel. *Ingrédients issus de l'agriculture biologique., Valeur énergétique en Joules :  610Kj, Valeur énergétique en Kcal : 147Kcal, Glucides : 5,5g, Lipides : 10,5g, Protides :7,5g, Après ouverture, se conserve un mois au réfrigérateur.]|"
5,38€ / Kg"|"
1,13 €"
332|Moutarde de Dijon, certifié AB|Le pot de 210g|[Origine : FRANCE, Eau, graines de moutarde*, vinaigre d'alcool*, sel. *Ingrédients issus de l'agriculture biologique., Valeur énergétique en Joules :  610Kj, Valeur énergétique en Kcal : 147Kcal, Glucides : 5,5g, Lipides : 10,5g, Protides :7,5g, Après ouverture, se conserve un mois au réfrigérateur.]|"
5,38€ / Kg"|"
1,13 €"
333|Sauce bolognaise, certifié AB|Le pot de 200g|[Origine : FRANCE, Réchauffée à feu doux dans une casserole ou au bain-marie., Pulpe de tomate* 34%, viande de boeuf* 19%, concentré de tomate*, eau, oignons*, carottes* 2,9%, céleri*, huile d'olive vierge extra extraite à froid, sucre de canne* non raffiné, ail*, sel de mer, basilic*, origan*, thym* 0,016%. Ingrédients issus de l'agriculture biologique., Valeur énergétique en Joules :  339Kj, Valeur énergétique en Kcal : 81kcal, Glucides : 5,5g, Lipides : 4g, Protides :5,7g, Conserver à température ambiante, à l'abri de la chaleur et de l'humidité. Après ouverture, conserver au frais et consommer rapidement.]|"
9,20€ / Kg"|"
1,84 €"
334|Sauce bolognaise, certifié AB|Le pot de 200g|[Origine : FRANCE, Réchauffée à feu doux dans une casserole ou au bain-marie., Pulpe de tomate* 34%, viande de boeuf* 19%, concentré de tomate*, eau, oignons*, carottes* 2,9%, céleri*, huile d'olive vierge extra extraite à froid, sucre de canne* non raffiné, ail*, sel de mer, basilic*, origan*, thym* 0,016%. Ingrédients issus de l'agriculture biologique., Valeur énergétique en Joules :  339Kj, Valeur énergétique en Kcal : 81kcal, Glucides : 5,5g, Lipides : 4g, Protides :5,7g, Conserver à température ambiante, à l'abri de la chaleur et de l'humidité. Après ouverture, conserver au frais et consommer rapidement.]|"
9,20€ / Kg"|"
1,84 €"
335|Sauce tomate au basilic, certifié AB|Le pot de 200g|[Origine : FRANCE, Réchauffée à feu doux dans une casserole ou au bain-marie., Pulpe de tomates* 72%, concentré de tomate* 10%, oignons*, carottes* 4%, huile d'olive* vierge extra extraite à froid, basilic* 1,6%, sel de mer, ail*, sucre de canne* non raffiné. * ingrédients issus de l'agriculture biologique., Valeur énergétique en Joules :  208Kj, Valeur énergétique en Kcal : 50kcal, Glucides : 5,8g, Lipides : 2,3g, Protides :1,5g, Conserver à température ambiante, à l'abri de la chaleur et de l'humidité. Après ouverture, conserver au frais et consommer rapidement.]|"
6,80€ / Kg"|"
1,36 €"
336|Sauce tomate au basilic, certifié AB|Le pot de 200g|[Origine : FRANCE, Réchauffée à feu doux dans une casserole ou au bain-marie., Pulpe de tomates* 72%, concentré de tomate* 10%, oignons*, carottes* 4%, huile d'olive* vierge extra extraite à froid, basilic* 1,6%, sel de mer, ail*, sucre de canne* non raffiné. * ingrédients issus de l'agriculture biologique., Valeur énergétique en Joules :  208Kj, Valeur énergétique en Kcal : 50kcal, Glucides : 5,8g, Lipides : 2,3g, Protides :1,5g, Conserver à température ambiante, à l'abri de la chaleur et de l'humidité. Après ouverture, conserver au frais et consommer rapidement.]|"
6,80€ / Kg"|"
1,36 €"
337|Tomato ketchup|Le flacon de 280g|[Origine : FRANCE, Eau, purée de tomates double concentrée* 30,4%, sucre de canne*, vinaigre d'alcool*, amidon de tapioca*, sel, arôme naturel, arôme naturel de poivre avec autres arômes naturels, arôme naturel d'oignon. Traces de moutarde. * Ingrédients issus de l'agriculture biologique. Sans conservateur. Sans colorant., Valeur énergétique en Joules :  474kj, Valeur énergétique en Kcal : 112kcal, Glucides : 25g, Lipides : 0,1g, Protides :1,5g, Avant ouverture, se conserve 1 mois au réfrigérateur. Bien agiter avant emploi.]|"
7,12€ / L"|"
1,78 €"
338|Tomato ketchup|Le flacon de 280g|[Origine : FRANCE, Eau, purée de tomates double concentrée* 30,4%, sucre de canne*, vinaigre d'alcool*, amidon de tapioca*, sel, arôme naturel, arôme naturel de poivre avec autres arômes naturels, arôme naturel d'oignon. Traces de moutarde. * Ingrédients issus de l'agriculture biologique. Sans conservateur. Sans colorant., Valeur énergétique en Joules :  474kj, Valeur énergétique en Kcal : 112kcal, Glucides : 25g, Lipides : 0,1g, Protides :1,5g, Avant ouverture, se conserve 1 mois au réfrigérateur. Bien agiter avant emploi.]|"
7,12€ / L"|"
1,78 €"
339|Velouté de carottes et lentilles corail à la crème fraiche|Le pack de 2 brik de 25cl|[Origine : FRANCE, Valeur énergétique en Joules :  179kj, Valeur énergétique en Kcal : 43kcal, Glucides : 4,7g, Lipides : 1,3g, Protides :2,1g]|"
4,06€ / L"|"
2,03 €"
340|Velouté de carottes et lentilles corail à la crème fraiche|Le pack de 2 brik de 25cl|[Origine : FRANCE, Valeur énergétique en Joules :  179kj, Valeur énergétique en Kcal : 43kcal, Glucides : 4,7g, Lipides : 1,3g, Protides :2,1g]|"
4,06€ / L"|"
2,03 €"
341|Bouillon aux légumes|Les 6 bouillons de 11g|[Origine : FRANCE, Utilisez un cube par demi-litre d'eau bouillante. Le laisser fondre doucement jusqu'à ébullition du liquide., Sel marin, extrait de levure, *maltodextrines de maïs, *condiments, *légumes : 9% (*carottes, *poireaux, *oignons, *céleri), *huile de palme non hydrogénée, *amidon de pommes de terre, *amidon de maïs, *épices, *huile de tournesol, *aromates. *100% des ingrédients d'origine agricole ont été obtenus selon les règles de l'agriculture biologique. Sans glutamate ajouté. Sans conservateur., A conserver dans un endroit frais et sec.]|"
27,22€ / Kg"|"
1,96 €"
342|Bouillon aux légumes|Les 6 bouillons de 11g|[Origine : FRANCE, Utilisez un cube par demi-litre d'eau bouillante. Le laisser fondre doucement jusqu'à ébullition du liquide., Sel marin, extrait de levure, *maltodextrines de maïs, *condiments, *légumes : 9% (*carottes, *poireaux, *oignons, *céleri), *huile de palme non hydrogénée, *amidon de pommes de terre, *amidon de maïs, *épices, *huile de tournesol, *aromates. *100% des ingrédients d'origine agricole ont été obtenus selon les règles de l'agriculture biologique. Sans glutamate ajouté. Sans conservateur., A conserver dans un endroit frais et sec.]|"
27,22€ / Kg"|"
1,96 €"
343|Mouliné campagnard, potage de légumes variés biologique|la brique de 1l|[Origine : FRANCE, Retrouvez dans le mouliné Campagnard Bjorg toute la saveur et les bienfaits des légumes. Pommes de terre, carottes, poireaux, choux-fleurs, céleri... se savourent dans ce potage 100% biologique*., Eau, *légumes : 45% (pommes de terre : 14%, carottes : 14%, céleri-rave : 5%, oignons : 4%, choux-fleurs : 4%, poireaux : 3%, haricots verts : 1%), *amidon de blé, *huile d'olive vierge, sel, arômes naturels (extrait de levure, huile de tournesol). *100% des ingrédients d'origine agricole ont été obtenus selon les règles de la production biologique., Valeur énergétique en Joules :  110, Valeur énergétique en Kcal : 26,3, Glucides : 3,7, Lipides : 1, Protides :0,6, Après ouverture, à conserver au réfrigérateur.]|"
3,36€ / L"|"
3,36 €"
344|Mouliné campagnard, potage de légumes variés biologique|la brique de 1l|[Origine : FRANCE, Retrouvez dans le mouliné Campagnard Bjorg toute la saveur et les bienfaits des légumes. Pommes de terre, carottes, poireaux, choux-fleurs, céleri... se savourent dans ce potage 100% biologique*., Eau, *légumes : 45% (pommes de terre : 14%, carottes : 14%, céleri-rave : 5%, oignons : 4%, choux-fleurs : 4%, poireaux : 3%, haricots verts : 1%), *amidon de blé, *huile d'olive vierge, sel, arômes naturels (extrait de levure, huile de tournesol). *100% des ingrédients d'origine agricole ont été obtenus selon les règles de la production biologique., Valeur énergétique en Joules :  110, Valeur énergétique en Kcal : 26,3, Glucides : 3,7, Lipides : 1, Protides :0,6, Après ouverture, à conserver au réfrigérateur.]|"
3,36€ / L"|"
3,36 €"
345|Potage aux legumes verts|Les 2 briques de 25cl|[Origine : FRANCE, Le Régal de Légumes Verts bio est riche en fibres, sans féculent et à faible teneur en matières grasses. Faites le pleins de légumes et régalez vous avec le bon goût des légumes verts., *Légumes : 55% dont 37% de légumes verts (*courgettes 13,5%, *brocolis, oignons, *épinards 5,4%, *carottes, *poireaux 4,3%, *haricots verts, *céleri-rave, *cerfeuil), eau, *huile d'olive vierge extra, sel, extrait de levure, arôme naturel, *thym, arôme naturel de poivre. *100% des ingrédients d'origine agricole ont été obtenus selon les règles de la production biologique., Après ouverture, à conserver au réfrigérateur et à consommer rapidement.]|"
6,00€ / L"|"
3,00 €"
346|Potage aux legumes verts|Les 2 briques de 25cl|[Origine : FRANCE, Le Régal de Légumes Verts bio est riche en fibres, sans féculent et à faible teneur en matières grasses. Faites le pleins de légumes et régalez vous avec le bon goût des légumes verts., *Légumes : 55% dont 37% de légumes verts (*courgettes 13,5%, *brocolis, oignons, *épinards 5,4%, *carottes, *poireaux 4,3%, *haricots verts, *céleri-rave, *cerfeuil), eau, *huile d'olive vierge extra, sel, extrait de levure, arôme naturel, *thym, arôme naturel de poivre. *100% des ingrédients d'origine agricole ont été obtenus selon les règles de la production biologique., Après ouverture, à conserver au réfrigérateur et à consommer rapidement.]|"
6,00€ / L"|"
3,00 €"
347|Sauce soja gratin|La brique de 20cl|[Origine : FRANCE, Cette délicieuse sauce est facile à digérer et convient particulièrement aux personnes intolérantes aux lactose. Elle apportera de l'onctuosité et relèvera subtilement vos plats., Bien agiter avant utilisation. Cette sauce est un atout indispensable pour réussir vos gratins, pâtes, pommes de terre et légumes., *Tonyu (eau, *fèves de soja 7,6%), *farine de blé, *huiles végétales non hydrogénées (*palme et *tournesol), *amidon de blé, émulsifiant : lécithine de *tournesol, sel, *noix de muscade, épaississants : gomme guar, gomme xanthane, arômes naturel. *100% des ingrédients d'origine agricole ont été obtenus selon les règles de la production biologique., Valeur énergétique en Joules :  433, Valeur énergétique en Kcal : 104, Glucides : 8.7, Lipides : 6, Protides :3.7, A conserver au réfrigérateur après ouverture et à consommer rapidement.]|"
7,70€ / L"|"
1,54 €"
348|Sauce soja gratin|La brique de 20cl|[Origine : FRANCE, Cette délicieuse sauce est facile à digérer et convient particulièrement aux personnes intolérantes aux lactose. Elle apportera de l'onctuosité et relèvera subtilement vos plats., Bien agiter avant utilisation. Cette sauce est un atout indispensable pour réussir vos gratins, pâtes, pommes de terre et légumes., *Tonyu (eau, *fèves de soja 7,6%), *farine de blé, *huiles végétales non hydrogénées (*palme et *tournesol), *amidon de blé, émulsifiant : lécithine de *tournesol, sel, *noix de muscade, épaississants : gomme guar, gomme xanthane, arômes naturel. *100% des ingrédients d'origine agricole ont été obtenus selon les règles de la production biologique., Valeur énergétique en Joules :  433, Valeur énergétique en Kcal : 104, Glucides : 8.7, Lipides : 6, Protides :3.7, A conserver au réfrigérateur après ouverture et à consommer rapidement.]|"
7,70€ / L"|"
1,54 €"
349|Soja Cuisine bio|Lait 3 briquettes, 60cl|[Origine : FRANCE, Valeur énergétique en Joules :  785kj, Valeur énergétique en Kcal : 190kcal, Glucides : 3g, Lipides : 18g, Protides :3,5g]|"
5,67€ / L"|"
3,40 €"
350|Soja cuisine bio, préparation culinaire à base de soja stérilisée UHT|La brique de 250ml|[Origine : FRANCE, Source d'oméga 3, soja cuisine est facile à digérer et convient particulièrement aux personnes intolérantes au lactose. Il contient 40% de matières grasses en moins qu'une crème classique.Le Soja Cuisine Bjorg est élaboré à partir d'une fève de sojabiologique garantie sans OGM, cultivée en Italie., Bien agiter avant utilisation. S'utilise comme une crème classique dans vos préparations salées et sucrées (quiche, gratin, sauce, gâteau, dessert etc.)., Tonyu* (eau, *fèves de soja décortiquées (6,5%), *huile de colza, *huile de tournesol, *sirop de blé, émulsifiant : lécithine de soja, stabilisants : gomme de guar et gomme xanthane, sel marin, arômes naturels, antioxydant : extrait riche en tocophérols. *96% des ingrédients d'origine agricole ont été obtenus selon les règles de la production biologique. Soja italien sans OGM., Valeur énergétique en Joules :  750Kj, Valeur énergétique en Kcal : 179,4Kc, Glucides : 4.5g, Lipides : 17.7g, Protides :3.2g, A conserver au frais après ouverture et à consommer rapidement.]|"
5,08€ / L"|"
1,27 €"
351|Soja cuisine bio, préparation culinaire à base de soja stérilisée UHT|La brique de 250ml|[Origine : FRANCE, Source d'oméga 3, soja cuisine est facile à digérer et convient particulièrement aux personnes intolérantes au lactose. Il contient 40% de matières grasses en moins qu'une crème classique.Le Soja Cuisine Bjorg est élaboré à partir d'une fève de sojabiologique garantie sans OGM, cultivée en Italie., Bien agiter avant utilisation. S'utilise comme une crème classique dans vos préparations salées et sucrées (quiche, gratin, sauce, gâteau, dessert etc.)., Tonyu* (eau, *fèves de soja décortiquées (6,5%), *huile de colza, *huile de tournesol, *sirop de blé, émulsifiant : lécithine de soja, stabilisants : gomme de guar et gomme xanthane, sel marin, arômes naturels, antioxydant : extrait riche en tocophérols. *96% des ingrédients d'origine agricole ont été obtenus selon les règles de la production biologique. Soja italien sans OGM., Valeur énergétique en Joules :  750Kj, Valeur énergétique en Kcal : 179,4Kc, Glucides : 4.5g, Lipides : 17.7g, Protides :3.2g, A conserver au frais après ouverture et à consommer rapidement.]|"
5,08€ / L"|"
1,27 €"
352|Pulpe de tomates bio|Le lot de 2 boîtes de 400g|[Origine : FRANCE, De belles tomates de plein champ, pelées à cru, épépinées, coupées en morceaux puis mises en boite dans leur jus onctueux., Prêt à être cuisiner. Il n'est pas nécessaire de l'égoutter. Idéal pour préparer selon vos envies toutes vos sauces et plats à base de tomates., Tomates entières pelées*, jus de tomates*, correcteur d'acidité : acide citrique. *ingrédients biologiques., Valeur énergétique en Joules :  73kj, Valeur énergétique en Kcal : 17kcal, Glucides : 3,0g, Lipides : 0,1g, Protides :1,1g]|"
3,50€ / Kg"|"
2,80 €"
353|Pulpe de tomates bio|Le lot de 2 boîtes de 400g|[Origine : FRANCE, De belles tomates de plein champ, pelées à cru, épépinées, coupées en morceaux puis mises en boite dans leur jus onctueux., Prêt à être cuisiner. Il n'est pas nécessaire de l'égoutter. Idéal pour préparer selon vos envies toutes vos sauces et plats à base de tomates., Tomates entières pelées*, jus de tomates*, correcteur d'acidité : acide citrique. *ingrédients biologiques., Valeur énergétique en Joules :  73kj, Valeur énergétique en Kcal : 17kcal, Glucides : 3,0g, Lipides : 0,1g, Protides :1,1g]|"
3,50€ / Kg"|"
2,80 €"
354|Tomato ketchup, certifié AB|Le flacon de 580g|[Origine : FRANCE, Fabriqué selon la recette originale, avec des tomates gorgées de soleil toutes issues de l'agriculture biologique, le Tomato Ketchup Bio Heinz vous offre un goût inimitable., Tomates (132g pour 100g de ketchup), vinaigre, sucre, sel, extrait d'épices et de plantes aromatiques (contient du céleri), épice. Sans colorant artificiel. Sans arôme artificiel. Sans conservateur. Sans épaississant ajouté. Sans colorant artificiel.Sans arôme artificiel Sans conservateur. Sans épaississant ajouté., Valeur énergétique en Joules :  536Kj, Valeur énergétique en Kcal : 126Kc, Glucides : 28.9g, Lipides : 0.2g, Protides :1.5g, A conserver au frais après ouverture.]|"
5,12€ / Kg"|"
2,97 €"
355|Tomato ketchup, certifié AB|Le flacon de 580g|[Origine : FRANCE, Fabriqué selon la recette originale, avec des tomates gorgées de soleil toutes issues de l'agriculture biologique, le Tomato Ketchup Bio Heinz vous offre un goût inimitable., Tomates (132g pour 100g de ketchup), vinaigre, sucre, sel, extrait d'épices et de plantes aromatiques (contient du céleri), épice. Sans colorant artificiel. Sans arôme artificiel. Sans conservateur. Sans épaississant ajouté. Sans colorant artificiel.Sans arôme artificiel Sans conservateur. Sans épaississant ajouté., Valeur énergétique en Joules :  536Kj, Valeur énergétique en Kcal : 126Kc, Glucides : 28.9g, Lipides : 0.2g, Protides :1.5g, A conserver au frais après ouverture.]|"
5,12€ / Kg"|"
2,97 €"
356|Bouillon cube légumes, dégraissé|Le paquet de 10 cubes, 90g|[Origine : FRANCE, Pratique et savoureux, le bouillon cube légumes de Jardin Bio' est sans huile de palme et il est aussi très pauvre en matières grasses. Cette recette vous permettra de parfumer vos soupes, céréales et plats cuisinés en un tour de main., 10 cubes de 9 g = 5 litres de bouillon. Dissoudre un cube dans un demi-litre d'eau bouillante pour parfumer vos plats cuisinés, vos pâtes ou vos sauces. Ce cube permet aussi de réaliser une base pour vos soupes. Inutile de saler., Sel marin, maltodextrine*, amidon*, sirop de glucose*, légumes* 11% (oignons*, carottes*, poireaux*, tomates*, poivrons rouges*, céleri), extrait de levure, épices*, fines herbes* (céleri), sucre caramélisé*, huile d'olive*. *Produits issus de l'agriculture biologique., Valeur énergétique en Joules :  876kj, Valeur énergétique en Kcal : 207kcal, Glucides : 44,5g, Lipides : 0,9g, Protides :3,6g, A conserver à l'abri de l'humidité et de la chaleur.]|"
28,67€ / Kg"|"
2,58 €"
357|Bouillon cube légumes, dégraissé|Le paquet de 10 cubes, 90g|[Origine : FRANCE, Pratique et savoureux, le bouillon cube légumes de Jardin Bio' est sans huile de palme et il est aussi très pauvre en matières grasses. Cette recette vous permettra de parfumer vos soupes, céréales et plats cuisinés en un tour de main., 10 cubes de 9 g = 5 litres de bouillon. Dissoudre un cube dans un demi-litre d'eau bouillante pour parfumer vos plats cuisinés, vos pâtes ou vos sauces. Ce cube permet aussi de réaliser une base pour vos soupes. Inutile de saler., Sel marin, maltodextrine*, amidon*, sirop de glucose*, légumes* 11% (oignons*, carottes*, poireaux*, tomates*, poivrons rouges*, céleri), extrait de levure, épices*, fines herbes* (céleri), sucre caramélisé*, huile d'olive*. *Produits issus de l'agriculture biologique., Valeur énergétique en Joules :  876kj, Valeur énergétique en Kcal : 207kcal, Glucides : 44,5g, Lipides : 0,9g, Protides :3,6g, A conserver à l'abri de l'humidité et de la chaleur.]|"
28,67€ / Kg"|"
2,58 €"
358|Bouillon cube poule|Le paquet de 8 cubes, 80g|[Origine : FRANCE, Pratique et savoureux, le bouillon cube poule et fines herbes de Jardin Bio' est sans huile de palme. Il vous permettra de parfumer vos soupes, risottos, céréales et plats cuisinés en un tour de main., 8 cubes de 10 g = 4 litres de bouillon. Dissoudre un cube dans un demi-litre d'eau bouillante pour parfumer vos plats cuisinés, vos pâtes ou vos sauces, vous pouvez aussi utiliser comme base pour vos soupes. Inutile de saler., Sel marin, beurre de karité*, amidon de maïs, sucre de canne brut*, viande de poule en poudre* 4,2%, extrait de levure, graisse de poule* 1%, céleri*, oignon*, épices*, fines herbes*, ail*, arôme naturel de vinaigre de vin blanc, arômes naturels (oeufs). *Produits issus de l'agriculture biologique., Valeur énergétique en Joules :  1286kj, Valeur énergétique en Kcal : 309kcal, Glucides : 26,2g, Lipides : 20,1g, Protides :5,2g, A conserver à l'abri de l'humidité et de la chaleur.]|"
30,50€ / Kg"|"
2,44 €"
359|Bouillon cube poule|Le paquet de 8 cubes, 80g|[Origine : FRANCE, Pratique et savoureux, le bouillon cube poule et fines herbes de Jardin Bio' est sans huile de palme. Il vous permettra de parfumer vos soupes, risottos, céréales et plats cuisinés en un tour de main., 8 cubes de 10 g = 4 litres de bouillon. Dissoudre un cube dans un demi-litre d'eau bouillante pour parfumer vos plats cuisinés, vos pâtes ou vos sauces, vous pouvez aussi utiliser comme base pour vos soupes. Inutile de saler., Sel marin, beurre de karité*, amidon de maïs, sucre de canne brut*, viande de poule en poudre* 4,2%, extrait de levure, graisse de poule* 1%, céleri*, oignon*, épices*, fines herbes*, ail*, arôme naturel de vinaigre de vin blanc, arômes naturels (oeufs). *Produits issus de l'agriculture biologique., Valeur énergétique en Joules :  1286kj, Valeur énergétique en Kcal : 309kcal, Glucides : 26,2g, Lipides : 20,1g, Protides :5,2g, A conserver à l'abri de l'humidité et de la chaleur.]|"
30,50€ / Kg"|"
2,44 €"
360|Coulis de tomate bio|La brique de 500g|[Origine : FRANCE]|"
4,54€ / Kg"|"
2,27 €"
361|Coulis de tomate bio|La brique de 500g|[Origine : FRANCE]|"
4,54€ / Kg"|"
2,27 €"
362|Pulpe de tomate|La boite de 500g|[Origine : FRANCE, Jardin Bio' a mis au point cette spécialité culinaire à base de pulpe de tomate fraîche pour réaliser vos plats cuisinés, pizza, et sauces tomate très facilement., Pulpe de tomate issue de l'agriculture biologique., Valeur énergétique en Joules :  120kj, Valeur énergétique en Kcal : 29kcal, Glucides : 5,1g, Protides :1,2g, Après ouverture, conserver au frais et consommer dans les 3 jours.]|"
5,86€ / Kg"|"
2,93 €"
363|Pulpe de tomate|La boite de 500g|[Origine : FRANCE, Jardin Bio' a mis au point cette spécialité culinaire à base de pulpe de tomate fraîche pour réaliser vos plats cuisinés, pizza, et sauces tomate très facilement., Pulpe de tomate issue de l'agriculture biologique., Valeur énergétique en Joules :  120kj, Valeur énergétique en Kcal : 29kcal, Glucides : 5,1g, Protides :1,2g, Après ouverture, conserver au frais et consommer dans les 3 jours.]|"
5,86€ / Kg"|"
2,93 €"
364|Sauce tomate provençale aux fines herbes bio, pauvre en matière grasse|Le pot de 200g|[Origine : FRANCE, Les légumes du jardin Biologique sont cultivés selon les exigences de l'agriculture biologique. Soigneusement sélectionnés pour leurs qualités gustatives et récoltés à maturité, ils sont délicatement cuisinés afin de préserver leurs saveurs authentiques., La sauce tomate à la Provençale est idéale pour accompagner les pâtes, les céréales ou les riz du Jardin Biologique., Purée de tomate* 85%, oignon*, sel marin, huile de tournesol*, ail*, plantes aromatiques* 0.26% (persil*, basilic*, herbes de Provence*, romarin*, origan*, thym*), huile d'olive*. *Produits issus de l'agriculture biologique., Valeur énergétique en Joules :  198Kj, Valeur énergétique en Kcal : 47Kcal, Glucides : 7,9g, Lipides : 0,88g, Protides :1,91g, A conserver au frais après ouverture.]|"
10,20€ / Kg"|"
2,04 €"
365|Sauce tomate provençale aux fines herbes bio, pauvre en matière grasse|Le pot de 200g|[Origine : FRANCE, Les légumes du jardin Biologique sont cultivés selon les exigences de l'agriculture biologique. Soigneusement sélectionnés pour leurs qualités gustatives et récoltés à maturité, ils sont délicatement cuisinés afin de préserver leurs saveurs authentiques., La sauce tomate à la Provençale est idéale pour accompagner les pâtes, les céréales ou les riz du Jardin Biologique., Purée de tomate* 85%, oignon*, sel marin, huile de tournesol*, ail*, plantes aromatiques* 0.26% (persil*, basilic*, herbes de Provence*, romarin*, origan*, thym*), huile d'olive*. *Produits issus de l'agriculture biologique., Valeur énergétique en Joules :  198Kj, Valeur énergétique en Kcal : 47Kcal, Glucides : 7,9g, Lipides : 0,88g, Protides :1,91g, A conserver au frais après ouverture.]|"
10,20€ / Kg"|"
2,04 €"
366|Sauce Tomates basilic|Le bocal de 200g|[Origine : FRANCE, LE JARDIN BIOLOGIQUE, LA VITALITÉ NATURELLE. La sauce tomate au basilic du jardin Biologique est préparée avec des légume et des aromates cultivés conformément à la réglementation en vigueur sur le mode de production biologique., purée de tomate* mi-réduite 71 %, eau, oignon*, sucre de canne*, huile d'olive*, huile de tournesol*, sel marin, basilic* 0,7%? ail*, céleri*, piment* fort *Produits issus de l'agriculture biologique., Valeur énergétique en Joules :  250Kj, Valeur énergétique en Kcal : 60Kcal, Glucides : 7,9g, Lipides : 2,47g, Protides :1,54g, A CONSERVER AU FRAIS APRES OUVERTURE]|"
10,20€ / Kg"|"
2,04 €"
367|Sauce Tomates basilic|Le bocal de 200g|[Origine : FRANCE, LE JARDIN BIOLOGIQUE, LA VITALITÉ NATURELLE. La sauce tomate au basilic du jardin Biologique est préparée avec des légume et des aromates cultivés conformément à la réglementation en vigueur sur le mode de production biologique., purée de tomate* mi-réduite 71 %, eau, oignon*, sucre de canne*, huile d'olive*, huile de tournesol*, sel marin, basilic* 0,7%? ail*, céleri*, piment* fort *Produits issus de l'agriculture biologique., Valeur énergétique en Joules :  250Kj, Valeur énergétique en Kcal : 60Kcal, Glucides : 7,9g, Lipides : 2,47g, Protides :1,54g, A CONSERVER AU FRAIS APRES OUVERTURE]|"
10,20€ / Kg"|"
2,04 €"
368|Soja spécial cuisine|La brick de 25cl|[Origine : FRANCE, Facile à utiliser, elle contient 40% de matières grasses en moins qu'une crème entière de lait., Convient aux végétariens. Agiter avant ouverture. Idéale pour la préparation de tous vos plats cuisinés et desserts, en substitution de la crème classique., Eau, huile de tournesol*, fèves de soja* décortiquées (6%), sirop de blé*, émulsifiant : lécithine de soja, stabilisants : gomme xanthane, gomme guar et carraghénanes, sel marin, arôme naturel, antioxydant : extrait de tocophérols. *Produits issus del'agriculture biologique. Cette spécialité culinaire d'origine 100% végétale*** est naturellement exempte de lactose. ***hors eau et sel., Valeur énergétique en Joules :  784kj, Valeur énergétique en Kcal : 190kcal, Glucides : 3,8g, Lipides : 17,9g, Protides :3,1g, Après ouverture, conserver au frais et consommer dans les 3 jours.]|"
5,84€ / L"|"
1,46 €"
369|Soja spécial cuisine|La brick de 25cl|[Origine : FRANCE, Facile à utiliser, elle contient 40% de matières grasses en moins qu'une crème entière de lait., Convient aux végétariens. Agiter avant ouverture. Idéale pour la préparation de tous vos plats cuisinés et desserts, en substitution de la crème classique., Eau, huile de tournesol*, fèves de soja* décortiquées (6%), sirop de blé*, émulsifiant : lécithine de soja, stabilisants : gomme xanthane, gomme guar et carraghénanes, sel marin, arôme naturel, antioxydant : extrait de tocophérols. *Produits issus del'agriculture biologique. Cette spécialité culinaire d'origine 100% végétale*** est naturellement exempte de lactose. ***hors eau et sel., Valeur énergétique en Joules :  784kj, Valeur énergétique en Kcal : 190kcal, Glucides : 3,8g, Lipides : 17,9g, Protides :3,1g, Après ouverture, conserver au frais et consommer dans les 3 jours.]|"
5,84€ / L"|"
1,46 €"
370|Douceur de légumes à la crème fraîche|La brique de 1L|[Origine : FRANCE, Carotte, céleri, pomme de terre, oignon, brocoli, tomate, chou blanc, poireau, rutabaga : légumes réunis par les chefs Knorr pour vous cuisiner cette délicieuse douceur de légumes bio.Retrouvez tout le savoir faire des chefs Knorr et le bon goût de légumes issus de l'agriculture biologique dans ce velouté crémeux., A la casserole : secouer la brique avant de l'ouvrir puis verser la soupe dans une casserole. Réchauffer à feu doux sans porter à ébullition et remuer de temps en temps. Au four micro-ondes : verser la soupe dans un récipient adapté puis réchauffer quelques instants. (Attention : ne pas mettre l'emballage dans le four micro-ondes)., Avant ouverture conserver à température ambiante. Après ouverture conserver au frais et consommer dans les 48 heures.]|"
2,95€ / L"|"
2,95 €"
371|Douceur de légumes à la crème fraîche|La brique de 1L|[Origine : FRANCE, Carotte, céleri, pomme de terre, oignon, brocoli, tomate, chou blanc, poireau, rutabaga : légumes réunis par les chefs Knorr pour vous cuisiner cette délicieuse douceur de légumes bio.Retrouvez tout le savoir faire des chefs Knorr et le bon goût de légumes issus de l'agriculture biologique dans ce velouté crémeux., A la casserole : secouer la brique avant de l'ouvrir puis verser la soupe dans une casserole. Réchauffer à feu doux sans porter à ébullition et remuer de temps en temps. Au four micro-ondes : verser la soupe dans un récipient adapté puis réchauffer quelques instants. (Attention : ne pas mettre l'emballage dans le four micro-ondes)., Avant ouverture conserver à température ambiante. Après ouverture conserver au frais et consommer dans les 48 heures.]|"
2,95€ / L"|"
2,95 €"
372|Légumes du potager moulinés bio|La brique de 1l|[Origine : FRANCE, Retrouvez tout le savoir-faire des chefs Knorr et le bon goût de légumes issus de l'agriculture biologique dans ce délicieux mélange de légumes du potager finement moulinés., A la casserole : secouer la brique avant de l'ouvrir puis verser la soupe dans une casserole. Réchauffer à feu doux sans porter à ébullition et remuer de temps en temps. Au four à micro-ondes : verser la soupe dans un récipient adapté puis réchaufferquelques instants. Attention: ne pas mettre l'emballage dans le micro-ondes., Avant ouverture, conserver à température ambiante. Après ouverture, conserver au frais et consommer dans les 48h.]|"
2,89€ / L"|"
2,89 €"
373|Légumes du potager moulinés bio|La brique de 1l|[Origine : FRANCE, Retrouvez tout le savoir-faire des chefs Knorr et le bon goût de légumes issus de l'agriculture biologique dans ce délicieux mélange de légumes du potager finement moulinés., A la casserole : secouer la brique avant de l'ouvrir puis verser la soupe dans une casserole. Réchauffer à feu doux sans porter à ébullition et remuer de temps en temps. Au four à micro-ondes : verser la soupe dans un récipient adapté puis réchaufferquelques instants. Attention: ne pas mettre l'emballage dans le micro-ondes., Avant ouverture, conserver à température ambiante. Après ouverture, conserver au frais et consommer dans les 48h.]|"
2,89€ / L"|"
2,89 €"
374|Soupe aux légumes du potager moulinés, certifié AB|La brique de 50cl|[Origine : FRANCE, Retrouvez tout le savoir faire des chefs Knorr et le bon goût de légumes issus de l'agriculture biologique dans ce délicieux mélange de légumes du potager finement moulinés., A la casserole : secouer la brique avant de l'ouvrir puis verser la soupe dans une casserole. Réchauffer à feu doux sans porter à ébullition et remuer de temps en temps. Au four micro-ondes : verser la soupe dans un récipient adapté puis réchauffer quelques instants. Attention: ne pas mettre l'emballage dans le micro-ondes., Eau, légumes*: 42% (pomme de terre*, carotte*, céleri*, oignon*, brocoli*, haricot vert*, poireau*), crème fraîche*: 0,9%, sel, amidon*, extrait de levure. *ingrédients issus de l'agriculture biologique. Sans conservateur, sans exhausteur de goût etsans colorant artificiel., Valeur énergétique en Joules :  130kj, Valeur énergétique en Kcal : 30kcal, Glucides : 5g, Lipides : 1g, Protides :1,5g, Avant ouverture: conserver à température ambiante. Après ouverture: conserver au frais et consommer dans les 48h.]|"
4,38€ / L"|"
2,19 €"
375|Soupe aux légumes du potager moulinés, certifié AB|La brique de 50cl|[Origine : FRANCE, Retrouvez tout le savoir faire des chefs Knorr et le bon goût de légumes issus de l'agriculture biologique dans ce délicieux mélange de légumes du potager finement moulinés., A la casserole : secouer la brique avant de l'ouvrir puis verser la soupe dans une casserole. Réchauffer à feu doux sans porter à ébullition et remuer de temps en temps. Au four micro-ondes : verser la soupe dans un récipient adapté puis réchauffer quelques instants. Attention: ne pas mettre l'emballage dans le micro-ondes., Eau, légumes*: 42% (pomme de terre*, carotte*, céleri*, oignon*, brocoli*, haricot vert*, poireau*), crème fraîche*: 0,9%, sel, amidon*, extrait de levure. *ingrédients issus de l'agriculture biologique. Sans conservateur, sans exhausteur de goût etsans colorant artificiel., Valeur énergétique en Joules :  130kj, Valeur énergétique en Kcal : 30kcal, Glucides : 5g, Lipides : 1g, Protides :1,5g, Avant ouverture: conserver à température ambiante. Après ouverture: conserver au frais et consommer dans les 48h.]|"
4,38€ / L"|"
2,19 €"
376|Tablettes de bouillon de légumes, certifié AB|La boîte de 66g|[Origine : FRANCE, Elaboré à partir d'ingrédients biologiques de qualité, soigneusement sélectionnés, le bouillon de légumes Knorr rehaussera tous vos petits plats de saveurs riches et naturelles., Délayez 1 tablette pour 500ml d'eau pour la cuisson des pâtes, du riz, des pommes de terre et des légumes ou dans vos soupes maison. Délayez 1 tablette par 1/4 de litre de liquide en début de cuisson pour vos plats en sauces, légumes ou viandes braisées. Inutile de saler., Sel, extrait de levure (dont orge), matière grasse végétale*, fécule*, sucre*, légumes* : 7% (oignon*, carotte*), épices et aromates* (livèche*, persil*, ail*, curcuma*, noix de muscade*). *Ingrédients issus de l'agriculture biologique., Valeur énergétique en Joules :  25 kJ, Valeur énergétique en Kcal : 5 kcal, Glucides : 0.6g, Lipides : <0.5g, Protides :<0.5g, A conserver dans un endroit frais et sec.]|"
24,70€ / Kg"|"
1,63 €"
377|Tablettes de bouillon de légumes, certifié AB|La boîte de 66g|[Origine : FRANCE, Elaboré à partir d'ingrédients biologiques de qualité, soigneusement sélectionnés, le bouillon de légumes Knorr rehaussera tous vos petits plats de saveurs riches et naturelles., Délayez 1 tablette pour 500ml d'eau pour la cuisson des pâtes, du riz, des pommes de terre et des légumes ou dans vos soupes maison. Délayez 1 tablette par 1/4 de litre de liquide en début de cuisson pour vos plats en sauces, légumes ou viandes braisées. Inutile de saler., Sel, extrait de levure (dont orge), matière grasse végétale*, fécule*, sucre*, légumes* : 7% (oignon*, carotte*), épices et aromates* (livèche*, persil*, ail*, curcuma*, noix de muscade*). *Ingrédients issus de l'agriculture biologique., Valeur énergétique en Joules :  25 kJ, Valeur énergétique en Kcal : 5 kcal, Glucides : 0.6g, Lipides : <0.5g, Protides :<0.5g, A conserver dans un endroit frais et sec.]|"
24,70€ / Kg"|"
1,63 €"
378|Tablettes de bouillon de poule, certifié AB|La boîte de 60g|[Origine : FRANCE, Elaboré à partir d'ingrédients biologiques de qualité, soigneusement sélectionnés, le bouillon de poule Knorr rehaussera tous vos petits plats de saveurs riches et naturelles. Tous les ingrédient d'origine agricole (comme les légumes et les plantes aromatiques) de ce bouillon sont issus de l'agriculture biologique, conformément à la réglementation européenne., Délayez 1 tablette pour 500ml d'eau pour la cuisson des pâtes, du riz, des pommes de terre et des légumes ou dans vos soupes maison. Délayez 1 tablette par 1/4 de litre de liquide en début de cuisson pour vos plats en sauces, légumes ou viandes braisées. Inutile de saler., Sel, matière grasse végétale*, extrait de levure, maltodextrine*, amidon*, sucre*, viande de poule* : 4%, épices et aromates* (oignon*, curcuma*, persil*, poivre*, romarin*), graisse de poule*, arôme naturel de poule avec autres arômes naturels. *Ingrédients issus de l'agriculture biologique., Valeur énergétique en Joules :  25 kJ, Valeur énergétique en Kcal : 5 kcal, Glucides : 0.5g, Lipides : <0.5g, Protides :<0.5g, A conserver dans un endroit frais et sec.]|"
25,17€ / Kg"|"
1,51 €"
379|Tablettes de bouillon de poule, certifié AB|La boîte de 60g|[Origine : FRANCE, Elaboré à partir d'ingrédients biologiques de qualité, soigneusement sélectionnés, le bouillon de poule Knorr rehaussera tous vos petits plats de saveurs riches et naturelles. Tous les ingrédient d'origine agricole (comme les légumes et les plantes aromatiques) de ce bouillon sont issus de l'agriculture biologique, conformément à la réglementation européenne., Délayez 1 tablette pour 500ml d'eau pour la cuisson des pâtes, du riz, des pommes de terre et des légumes ou dans vos soupes maison. Délayez 1 tablette par 1/4 de litre de liquide en début de cuisson pour vos plats en sauces, légumes ou viandes braisées. Inutile de saler., Sel, matière grasse végétale*, extrait de levure, maltodextrine*, amidon*, sucre*, viande de poule* : 4%, épices et aromates* (oignon*, curcuma*, persil*, poivre*, romarin*), graisse de poule*, arôme naturel de poule avec autres arômes naturels. *Ingrédients issus de l'agriculture biologique., Valeur énergétique en Joules :  25 kJ, Valeur énergétique en Kcal : 5 kcal, Glucides : 0.5g, Lipides : <0.5g, Protides :<0.5g, A conserver dans un endroit frais et sec.]|"
25,17€ / Kg"|"
1,51 €"
380|Soupe, jardinière de légumes, certifiée AB|La brique de 1L|[Origine : FRANCE, Il était une fois  l'histoire de la soupe bio Liebig. Liebig sélectionne les meilleurs légumes issus de l'agriculture biologique, cultivés sans pesticide  Philippe, le chef Liebig, concocte avec amour de délicieuses recettes de soupes bio  Liebig lesprépare dans son atelier bio en Provence  pour vous offrir de délicieuses soupes Bio: c'est bon pour l'environnement et surtout pour vos papilles!, A la casserole: réchauffez à feu doux quelques instants. Au micro-ondes: réchauffez quelques instants puis remuez. Ne pas mettre la brique directement dans le micro-ondes., Eau, légumes* 37% (carotte*, pomme de terre*, oignon*, céleri rave*, chou-fleur*, poireau*), amidon de maïs*, sel, huile d'olive vierge extra*, extrait de levure. *100% des ingrédients d'origine agricole sont issus de l'agriculture biologique. Sans conservateur, sans colorant, sans arôme artificiel., Valeur énergétique en Joules :  112Kj, Valeur énergétique en Kcal : 26kcal, Glucides : 4,7g, Lipides : 0,5g, Protides :0,7g, Après ouverture, conservez cette soupe au réfrigérateur et consommez-la dans les 48h.]|"
3,35€ / L"|"
3,35 €"
381|Soupe, jardinière de légumes, certifiée AB|La brique de 1L|[Origine : FRANCE, Il était une fois  l'histoire de la soupe bio Liebig. Liebig sélectionne les meilleurs légumes issus de l'agriculture biologique, cultivés sans pesticide  Philippe, le chef Liebig, concocte avec amour de délicieuses recettes de soupes bio  Liebig lesprépare dans son atelier bio en Provence  pour vous offrir de délicieuses soupes Bio: c'est bon pour l'environnement et surtout pour vos papilles!, A la casserole: réchauffez à feu doux quelques instants. Au micro-ondes: réchauffez quelques instants puis remuez. Ne pas mettre la brique directement dans le micro-ondes., Eau, légumes* 37% (carotte*, pomme de terre*, oignon*, céleri rave*, chou-fleur*, poireau*), amidon de maïs*, sel, huile d'olive vierge extra*, extrait de levure. *100% des ingrédients d'origine agricole sont issus de l'agriculture biologique. Sans conservateur, sans colorant, sans arôme artificiel., Valeur énergétique en Joules :  112Kj, Valeur énergétique en Kcal : 26kcal, Glucides : 4,7g, Lipides : 0,5g, Protides :0,7g, Après ouverture, conservez cette soupe au réfrigérateur et consommez-la dans les 48h.]|"
3,35€ / L"|"
3,35 €"
382|Soupe, légumes à la Provençale, certifiée AB|La brique de 1L|[Origine : FRANCE, Il était une fois  l'histoire de la soupe bio Liebig. Liebig sélectionne les meilleurs légumes issus de l'agriculture biologique, cultivés sans pesticide  Philippe, le chef Liebig, concocte avec amour de délicieuses recettes de soupes bio  Liebig lesprépare dans son atelier bio en Provence  pour vous offrir de délicieuses soupes Bio: c'est bon pour l'environnement et surtout pour vos papilles!, A la casserole: réchauffez à feu doux quelques instants. Au micro-ondes: réchauffez quelques instants puis remuez. Ne pas mettre la brique directement dans le micro-ondes., Légumes* 52% (purée de tomates à base de concentré*, carotte*, céleri rave*, oignon*, poireau*, courgette*), eau, amidon de maïs*, sucre de canne*, huile d'olive vierge extra* (0,6%), sel, extrait de levure, arômes naturels (dont basilic, thym, laurier). *100% des ingrédients d'origine agricole sont issus de l'agriculture biologique. Sans conservateur, sans colorant, sans arôme artificiel., Valeur énergétique en Joules :  148Kj, Valeur énergétique en Kcal : 35kcal, Glucides : 6,3g, Lipides : 0,8g, Protides :0,7g, Après ouverture, conservez cette soupe au réfrigérateur et consommez-la dans les 48h.]|"
3,24€ / L"|"
3,24 €"
383|Soupe, légumes à la Provençale, certifiée AB|La brique de 1L|[Origine : FRANCE, Il était une fois  l'histoire de la soupe bio Liebig. Liebig sélectionne les meilleurs légumes issus de l'agriculture biologique, cultivés sans pesticide  Philippe, le chef Liebig, concocte avec amour de délicieuses recettes de soupes bio  Liebig lesprépare dans son atelier bio en Provence  pour vous offrir de délicieuses soupes Bio: c'est bon pour l'environnement et surtout pour vos papilles!, A la casserole: réchauffez à feu doux quelques instants. Au micro-ondes: réchauffez quelques instants puis remuez. Ne pas mettre la brique directement dans le micro-ondes., Légumes* 52% (purée de tomates à base de concentré*, carotte*, céleri rave*, oignon*, poireau*, courgette*), eau, amidon de maïs*, sucre de canne*, huile d'olive vierge extra* (0,6%), sel, extrait de levure, arômes naturels (dont basilic, thym, laurier). *100% des ingrédients d'origine agricole sont issus de l'agriculture biologique. Sans conservateur, sans colorant, sans arôme artificiel., Valeur énergétique en Joules :  148Kj, Valeur énergétique en Kcal : 35kcal, Glucides : 6,3g, Lipides : 0,8g, Protides :0,7g, Après ouverture, conservez cette soupe au réfrigérateur et consommez-la dans les 48h.]|"
3,24€ / L"|"
3,24 €"
384|Purée de tomates bio|La bouteille de 680ml|[Origine : FRANCE, Purée de tomate concassée biologique., 100% tomates fraîches italiennes, A conserver dans un endroit sec et frais de préférence à une température inférieure à +18°C. Une fois entamé, à conserver au réfrigérateur et à consommer rapidement.]|"
4,38€ / L"|"
2,98 €"
385|Purée de tomates bio|La bouteille de 680ml|[Origine : FRANCE, Purée de tomate concassée biologique., 100% tomates fraîches italiennes, A conserver dans un endroit sec et frais de préférence à une température inférieure à +18°C. Une fois entamé, à conserver au réfrigérateur et à consommer rapidement.]|"
4,38€ / L"|"
2,98 €"
386|Tomacouli Bio purée de tomates issues de l'agriculture biologique|La brique de 250g|[Origine : FRANCE, Tomacouli bio c'est bon ! Récoltées à pleine maturité, les tomates de Tomacouli bio vous garantissent une saveur irréprochable. Rien que le goût authentique de la tomate !, A utiliser chaude ou froide, cette purée de tomates bio apportera saveur et originalité à toutes vos recettes., 100% purée de tomates issues de l'agriculture biologique. Aucun arôme artificiel ni conservateur., Se conserve 8 jours au réfrigérateur après ouverture.]|"
4,72€ / Kg"|"
1,18 €"
387|Tomacouli Bio purée de tomates issues de l'agriculture biologique|La brique de 250g|[Origine : FRANCE, Tomacouli bio c'est bon ! Récoltées à pleine maturité, les tomates de Tomacouli bio vous garantissent une saveur irréprochable. Rien que le goût authentique de la tomate !, A utiliser chaude ou froide, cette purée de tomates bio apportera saveur et originalité à toutes vos recettes., 100% purée de tomates issues de l'agriculture biologique. Aucun arôme artificiel ni conservateur., Se conserve 8 jours au réfrigérateur après ouverture.]|"
4,72€ / Kg"|"
1,18 €"
388|Biscuits à l'épeautre et aux graines de sésame|Le paquet de 150g|[Origine : FRANCE, Biscuits au petit épeautre et aux graines de sésame issus de l'agriculture biologique., Farine de blé* 40%, sucre de canne* 18%, farine de petit épeautre* 17%, matière grasse végétale* (palme), graines de sésame* 13%, poudres à lever : carbonates acides d'ammonium et de sodium, tartrate de potassium, sel marin non raffiné, arôme naturelvanille. *Ingrédients issus de l'agriculture biologique. Traces de lait, d'arachide, de fruits à coque, de soja et d'oeufs., Valeur énergétique en Joules :  2016Kj, Valeur énergétique en Kcal : 481Kcal, Glucides : 60g, Lipides : 22g, Protides :8,7g, A conserver à l'abri de l'humidité et de la chaleur.]|"
11,60€ / Kg"|"
1,74 €"
389|Biscuits à l'épeautre et aux graines de sésame|Le paquet de 150g|[Origine : FRANCE, Biscuits au petit épeautre et aux graines de sésame issus de l'agriculture biologique., Farine de blé* 40%, sucre de canne* 18%, farine de petit épeautre* 17%, matière grasse végétale* (palme), graines de sésame* 13%, poudres à lever : carbonates acides d'ammonium et de sodium, tartrate de potassium, sel marin non raffiné, arôme naturelvanille. *Ingrédients issus de l'agriculture biologique. Traces de lait, d'arachide, de fruits à coque, de soja et d'oeufs., Valeur énergétique en Joules :  2016Kj, Valeur énergétique en Kcal : 481Kcal, Glucides : 60g, Lipides : 22g, Protides :8,7g, A conserver à l'abri de l'humidité et de la chaleur.]|"
11,60€ / Kg"|"
1,74 €"
390|Biscuits sablés nappés de chocolat au lait issue de l'agriculture biologique|Le paquet de 165g|[Origine : FRANCE, Biscuits sablés nappés de chocolat au lait issus de l'agriculture biologique., Farine de blé*, chocolat au lait* 25% (sucre*, poudre de lait entier*, beurre de cacao*, pâte de cacao*, extrait de vanille*), sucre roux de canne*, beurre*, huile de colza*, poudre de lait écrémé*, sirop d'orge malté*, noix de coco*, poudres à lever: carbonate acide de sodium, carbonate d'ammonium, sel marin, arôme naturel de vanille, oeufs en poudre*, sucre*. Peut contenir des traces de fruits à coque, de soja, de sésame et d'arachide. *Ingrédients issus de l'agriculture biologique., Valeur énergétique en Kcal : 489kcal, Glucides : 63g, Lipides : 22g, Protides :8,1g, A conserver à l'abri de la chaleur et de l'humidité.]|"
8,67€ / Kg"|"
1,43 €"
391|Biscuits sablés nappés de chocolat au lait issue de l'agriculture biologique|Le paquet de 165g|[Origine : FRANCE, Biscuits sablés nappés de chocolat au lait issus de l'agriculture biologique., Farine de blé*, chocolat au lait* 25% (sucre*, poudre de lait entier*, beurre de cacao*, pâte de cacao*, extrait de vanille*), sucre roux de canne*, beurre*, huile de colza*, poudre de lait écrémé*, sirop d'orge malté*, noix de coco*, poudres à lever: carbonate acide de sodium, carbonate d'ammonium, sel marin, arôme naturel de vanille, oeufs en poudre*, sucre*. Peut contenir des traces de fruits à coque, de soja, de sésame et d'arachide. *Ingrédients issus de l'agriculture biologique., Valeur énergétique en Kcal : 489kcal, Glucides : 63g, Lipides : 22g, Protides :8,1g, A conserver à l'abri de la chaleur et de l'humidité.]|"
8,67€ / Kg"|"
1,43 €"
392|Chocolat noir aux noisettes entières|La tablette de 200g|[Origine : FRANCE, Chocolat noir aux noisettes entières issu de l'agriculture biologique., Sucre*, pâte de cacao*, noisettes entières torréfiées* 25%, beurre de cacao*, émulsifiant : lécithine de soja, arôme naturel de vanille. Cacao 55% minimum dans le chocolat. Présence possible de gluten, lait, oeuf et autres fruits à coques. *ingrédients issus de l'agriculture biologique., Valeur énergétique en Joules :  2527kj, Valeur énergétique en Kcal : 609kcal, Glucides : 36g, Lipides : 46g, Protides :9,3g, Pour préserver toute la saveur de votre chocolat, conservez le dans son étui refermable à l'abri de l'humidité et de la chaleur, de préférence, à une température idéale de 18°C à 20°C.]|"
14,70€ / Kg"|"
2,94 €"
393|Chocolat noir aux noisettes entières|La tablette de 200g|[Origine : FRANCE, Chocolat noir aux noisettes entières issu de l'agriculture biologique., Sucre*, pâte de cacao*, noisettes entières torréfiées* 25%, beurre de cacao*, émulsifiant : lécithine de soja, arôme naturel de vanille. Cacao 55% minimum dans le chocolat. Présence possible de gluten, lait, oeuf et autres fruits à coques. *ingrédients issus de l'agriculture biologique., Valeur énergétique en Joules :  2527kj, Valeur énergétique en Kcal : 609kcal, Glucides : 36g, Lipides : 46g, Protides :9,3g, Pour préserver toute la saveur de votre chocolat, conservez le dans son étui refermable à l'abri de l'humidité et de la chaleur, de préférence, à une température idéale de 18°C à 20°C.]|"
14,70€ / Kg"|"
2,94 €"
394|Cookies aux pépites de chocolat noir et au cacao maigre issue de l'agriculture biologique|Le paquet de 175g|[Origine : FRANCE, Cookies aux pépites de chocolat noir et au cacao maigre issus de l'agriculture biologique., Farine de blé*, pépites de chocolat noir* 30,5% (pâte de cacao*, sucre*, beurre de cacao*, émulsifiant : lécithine de tournesol, extrait de vanille*), sucre*, beurre*, cacao maigre en poudre* 2,3%, poudre à lever : carbonate d'ammonium, sel marin, arôme naturel de cacao, arôme naturel de vanille, oeuf en poudre*, poudre de lait écrémé*. Traces de fruits à coque, de soja, de sésame et d'arachide. *Ingrédients issus de l'agriculture biologique., Valeur énergétique en Joules :  2035kj, Valeur énergétique en Kcal : 486kcal, Glucides : 61g, Lipides : 23g, Protides :6,6g, A conserver à l'abri de la chaleur et de l'humidité.]|"
8,34€ / Kg"|"
1,46 €"
395|Cookies aux pépites de chocolat noir et au cacao maigre issue de l'agriculture biologique|Le paquet de 175g|[Origine : FRANCE, Cookies aux pépites de chocolat noir et au cacao maigre issus de l'agriculture biologique., Farine de blé*, pépites de chocolat noir* 30,5% (pâte de cacao*, sucre*, beurre de cacao*, émulsifiant : lécithine de tournesol, extrait de vanille*), sucre*, beurre*, cacao maigre en poudre* 2,3%, poudre à lever : carbonate d'ammonium, sel marin, arôme naturel de cacao, arôme naturel de vanille, oeuf en poudre*, poudre de lait écrémé*. Traces de fruits à coque, de soja, de sésame et d'arachide. *Ingrédients issus de l'agriculture biologique., Valeur énergétique en Joules :  2035kj, Valeur énergétique en Kcal : 486kcal, Glucides : 61g, Lipides : 23g, Protides :6,6g, A conserver à l'abri de la chaleur et de l'humidité.]|"
8,34€ / Kg"|"
1,46 €"
396|Financiers aux amandes|Le paquet de 150g|[Origine : FRANCE, Monoprix a sélectionné pour vous, avec des entreprises partenaires, des produits issus de l'agriculture biologique., Sucre mi-blanc de canne*, blanc d'oeuf*, poudre d'amande* 14%, farine de blé*, beurre*, huile de palme*, sirop de glucose, fructose de blé*, sel, poudre à lever : carbonate acide d'ammonium, arômes naturels. Présence possible de fruits à coque et desoja. *Ingrédients issus de l'agriculture biologique., A conserver dans un endroit frais et sec.]|"
20,27€ / Kg"|"
3,04 €"
397|Financiers aux amandes|Le paquet de 150g|[Origine : FRANCE, Monoprix a sélectionné pour vous, avec des entreprises partenaires, des produits issus de l'agriculture biologique., Sucre mi-blanc de canne*, blanc d'oeuf*, poudre d'amande* 14%, farine de blé*, beurre*, huile de palme*, sirop de glucose, fructose de blé*, sel, poudre à lever : carbonate acide d'ammonium, arômes naturels. Présence possible de fruits à coque et desoja. *Ingrédients issus de l'agriculture biologique., A conserver dans un endroit frais et sec.]|"
20,27€ / Kg"|"
3,04 €"
398|Gaufres au miel et à la farine d'épeautre, certifié AB|Le paquet de 175g|[Origine : PAYS-BAS, Sirop de blé* (amidon de blé*, eau), matière grasse végétale de palme*, farine d'épeautre* 14%, farine de blé*, sucre mi-blanc*, sirop d'épeautre* (amidon d'épeautre*, eau), miel* 4%, farine de soja*, son de blé*, poudre à lever: bicarbonate de sodium, émulsifiant: lécithine de soja, sel*, cannelle*. Ingrédients issus de l'agriculture biologique. Présence possible de noisettes, oeufs, lait et sésame., Valeur énergétique en Joules :  1807Kj, Valeur énergétique en Kcal : 429Kcal, Glucides : 74g, Lipides : 13g, Protides :4g, A conserver au sec et au frais, à l'abri de la lumière.]|"
13,89€ / Kg"|"
2,43 €"
399|Gaufres au miel et à la farine d'épeautre, certifié AB|Le paquet de 175g|[Origine : PAYS-BAS, Sirop de blé* (amidon de blé*, eau), matière grasse végétale de palme*, farine d'épeautre* 14%, farine de blé*, sucre mi-blanc*, sirop d'épeautre* (amidon d'épeautre*, eau), miel* 4%, farine de soja*, son de blé*, poudre à lever: bicarbonate de sodium, émulsifiant: lécithine de soja, sel*, cannelle*. Ingrédients issus de l'agriculture biologique. Présence possible de noisettes, oeufs, lait et sésame., Valeur énergétique en Joules :  1807Kj, Valeur énergétique en Kcal : 429Kcal, Glucides : 74g, Lipides : 13g, Protides :4g, A conserver au sec et au frais, à l'abri de la lumière.]|"
13,89€ / Kg"|"
2,43 €"
400|Goûter fourré au cacao, sachets fraîcheur, certifié AB|Le paquet de 185g|[Origine : FRANCE, Biscuits fourrés au cacao maigre issus de l'agriculture biologique., Farine de blé* 49%, sucre de canne*, matières grasses végétales non hydrogénées* (huile de palme*, huile de coprah*), poudre de cacao maigre* 6%, lait écrémé en poudre*, oeufs entiers, poudres à lever: carbonates acides d'ammonium et de sodium, sel,épaississant: gomme d'acacia. Présence possible d'arachide, de soja et de fruits à coque. *ingrédients issus de l'agriculture biologique., Valeur énergétique en Joules :  2014Kj, Valeur énergétique en Kcal : 480kcal, Glucides : 67g, Lipides : 19g, Protides :8,6g, A conserver dans un endroit sec et frais.]|"
11,24€ / Kg"|"
2,08 €"
401|Goûter fourré au cacao, sachets fraîcheur, certifié AB|Le paquet de 185g|[Origine : FRANCE, Biscuits fourrés au cacao maigre issus de l'agriculture biologique., Farine de blé* 49%, sucre de canne*, matières grasses végétales non hydrogénées* (huile de palme*, huile de coprah*), poudre de cacao maigre* 6%, lait écrémé en poudre*, oeufs entiers, poudres à lever: carbonates acides d'ammonium et de sodium, sel,épaississant: gomme d'acacia. Présence possible d'arachide, de soja et de fruits à coque. *ingrédients issus de l'agriculture biologique., Valeur énergétique en Joules :  2014Kj, Valeur énergétique en Kcal : 480kcal, Glucides : 67g, Lipides : 19g, Protides :8,6g, A conserver dans un endroit sec et frais.]|"
11,24€ / Kg"|"
2,08 €"
402|Madeleines natures|Le paquet de 250g|[Origine : FRANCE, Elaboré en Bretagne. Aux oeufs frais., Farine de blé*, beurre* 23%, oeufs frais* 20%, sucre de canne*, sucre inverti*, sirop de glucose*, poudres à lever: carbonate acide de sodium, tartrate monopotassique, sel de mer, arômes naturels. *ingrédients issus de l'agriculture biologique., A conserver dans un endroit frais et sec.]|"
14,36€ / Kg"|"
3,59 €"
403|Madeleines natures|Le paquet de 250g|[Origine : FRANCE, Elaboré en Bretagne. Aux oeufs frais., Farine de blé*, beurre* 23%, oeufs frais* 20%, sucre de canne*, sucre inverti*, sirop de glucose*, poudres à lever: carbonate acide de sodium, tartrate monopotassique, sel de mer, arômes naturels. *ingrédients issus de l'agriculture biologique., A conserver dans un endroit frais et sec.]|"
14,36€ / Kg"|"
3,59 €"
404|Mini biscuits au chocolat au lait, certifié AB|Le paquet de 160g|[Origine : FRANCE, Monoprix a sélectionné pour vous, avec des entreprises partenaires, des produits issus de l'agriculture biologique. Leurs modes de production et de transformation sont contrôlés et certifiés par un organisme indépendant, conformément à la législationen vigueur.Les producteurs emploient des fertilisants respectueux de l'environnement et pratiquent la rotation des cultures afin de garder des sols vivants et une fertilité durable., Farines de blé* 48%, chocolat au lait* 25% (sucre*, beurre de cacao*, poudre de lait entier*, pâte de cacao*), sucre de canne roux* 17%, huile de palme*, oeufs entiers*, sel, poudre à lever : carbonate acide d'ammonium. *Ingrédients issus de l'agriculture biologique. Présence possible d'arachide, de soja et de fruits à coque., Valeur énergétique en Joules :  2071Kj, Valeur énergétique en Kcal : 494kcal, Glucides : 66g, Lipides : 22g, Protides :6,9g, A conserver à l'abri de la chaleur et de l'humidité.]|"
13,00€ / Kg"|"
2,08 €"
405|Mini biscuits au chocolat au lait, certifié AB|Le paquet de 160g|[Origine : FRANCE, Monoprix a sélectionné pour vous, avec des entreprises partenaires, des produits issus de l'agriculture biologique. Leurs modes de production et de transformation sont contrôlés et certifiés par un organisme indépendant, conformément à la législationen vigueur.Les producteurs emploient des fertilisants respectueux de l'environnement et pratiquent la rotation des cultures afin de garder des sols vivants et une fertilité durable., Farines de blé* 48%, chocolat au lait* 25% (sucre*, beurre de cacao*, poudre de lait entier*, pâte de cacao*), sucre de canne roux* 17%, huile de palme*, oeufs entiers*, sel, poudre à lever : carbonate acide d'ammonium. *Ingrédients issus de l'agriculture biologique. Présence possible d'arachide, de soja et de fruits à coque., Valeur énergétique en Joules :  2071Kj, Valeur énergétique en Kcal : 494kcal, Glucides : 66g, Lipides : 22g, Protides :6,9g, A conserver à l'abri de la chaleur et de l'humidité.]|"
13,00€ / Kg"|"
2,08 €"
406|Pain d'épices au miel tranché|Le sachet de 300g|[Origine : FRANCE, Sirop de sucre de canne inverti*-farine de seigle*35%-oeufs entiers*-miel*     5,8%-épices*0,5%(cannelle*,anis*)-poudre à lever:carbonate acide de sodium-    sel marin.                                                                     *ingrédientsissus de l'agriculture biologique, Valeur énergétique en Joules :  1298kj, Valeur énergétique en Kcal : 307kcal, Glucides : 64g, Lipides : 1,9g, Protides :4,9g]|"
9,33€ / Kg"|"
2,80 €"
407|Pain d'épices au miel tranché|Le sachet de 300g|[Origine : FRANCE, Sirop de sucre de canne inverti*-farine de seigle*35%-oeufs entiers*-miel*     5,8%-épices*0,5%(cannelle*,anis*)-poudre à lever:carbonate acide de sodium-    sel marin.                                                                     *ingrédientsissus de l'agriculture biologique, Valeur énergétique en Joules :  1298kj, Valeur énergétique en Kcal : 307kcal, Glucides : 64g, Lipides : 1,9g, Protides :4,9g]|"
9,33€ / Kg"|"
2,80 €"
408|Petit beurre 5 céréales, certifié AB, sachets fraîcheur|Le paquet de 150g|[Origine : FRANCE, Monoprix a sélectionné pour vous, avec des entreprises partenaires, des produits issus de l'agriculture biologique. Leurs modes de production et de transformation sont contrôlés et certifiés par un organisme indépendant, conformément à la législationen vigueur., Céréales* 71% (farine complète de blé* (farine de blé*, son de blé*, germe de blé*), flocons d'avoine*, flocons de blé*, flocons d'orge*, flocons de seigle*, flocons de riz*), sucre glace roux de canne* (sucre de canne*, anti-agglomérant : fécule depomme de terre*), beurre* 16%, oeufs*, lait écrémé en poudre*, poudres à lever : carbonates acides d'ammonium et de sodium, acide citrique, sel de Guérande, arôme naturel. *ingrédients issus de l'agriculture biologique. Présence possible d'arachide,soja, fruits à coque, sésame., Valeur énergétique en Joules :  1867Kj, Valeur énergétique en Kcal : 444kcal, Glucides : 66g, Lipides : 16g, Protides :9g, Pour préserver tout le croustillant de ces biscuits, conservez-les à l'abri de l'humidité et de la chaleur.]|"
12,53€ / Kg"|"
1,88 €"
409|Petit beurre 5 céréales, certifié AB, sachets fraîcheur|Le paquet de 150g|[Origine : FRANCE, Monoprix a sélectionné pour vous, avec des entreprises partenaires, des produits issus de l'agriculture biologique. Leurs modes de production et de transformation sont contrôlés et certifiés par un organisme indépendant, conformément à la législationen vigueur., Céréales* 71% (farine complète de blé* (farine de blé*, son de blé*, germe de blé*), flocons d'avoine*, flocons de blé*, flocons d'orge*, flocons de seigle*, flocons de riz*), sucre glace roux de canne* (sucre de canne*, anti-agglomérant : fécule depomme de terre*), beurre* 16%, oeufs*, lait écrémé en poudre*, poudres à lever : carbonates acides d'ammonium et de sodium, acide citrique, sel de Guérande, arôme naturel. *ingrédients issus de l'agriculture biologique. Présence possible d'arachide,soja, fruits à coque, sésame., Valeur énergétique en Joules :  1867Kj, Valeur énergétique en Kcal : 444kcal, Glucides : 66g, Lipides : 16g, Protides :9g, Pour préserver tout le croustillant de ces biscuits, conservez-les à l'abri de l'humidité et de la chaleur.]|"
12,53€ / Kg"|"
1,88 €"
410|Petit beurre avec tablette de chocolat noir, certifié AB|Le paquet de 150g|[Origine : FRANCE, Monoprix a sélectionné pour vous, avec des entreprises partenaires, des produits issus de l'agriculture biologique. Leurs modes de production et de transformation sont contrôlés et certifiés par un organisme indépendant conformément à la réglementation en vigueur. Les producteurs emploient des fertilisants respectueux de l'environnement et pratiquent la rotation des cultures afin de garder des sols vivants et une fertilité durable. Agissons pour demain tous les jours., Chocolat noir* 48% (sucre de canne*, pâte de cacao*, beurre de cacao* 8%, lait entier en poudre*, arôme naturel vanille), farine de blé* 36%, sucre de canne*, beurre* 9%, lait écrémé en poudre*, poudres à lever : carbonate acide d'amonium et de sodium, acide tartrique, sel marin, arôme naturel. *Ingrédients issus de l'agriculture biologique. Traces d'arachide, d'oeuf, de soja, de fruits à coque et de sésame., Valeur énergétique en Joules :  2090Kj, Valeur énergétique en Kcal : 499Kc, Glucides : 61g, Lipides : 25g, Protides :7.5g, Pour préserver tout le croustillant de ces biscuits, conservez-les à l'abri de l'humidité et de la chaleur.]|"
13,87€ / Kg"|"
2,08 €"
411|Petit beurre avec tablette de chocolat noir, certifié AB|Le paquet de 150g|[Origine : FRANCE, Monoprix a sélectionné pour vous, avec des entreprises partenaires, des produits issus de l'agriculture biologique. Leurs modes de production et de transformation sont contrôlés et certifiés par un organisme indépendant conformément à la réglementation en vigueur. Les producteurs emploient des fertilisants respectueux de l'environnement et pratiquent la rotation des cultures afin de garder des sols vivants et une fertilité durable. Agissons pour demain tous les jours., Chocolat noir* 48% (sucre de canne*, pâte de cacao*, beurre de cacao* 8%, lait entier en poudre*, arôme naturel vanille), farine de blé* 36%, sucre de canne*, beurre* 9%, lait écrémé en poudre*, poudres à lever : carbonate acide d'amonium et de sodium, acide tartrique, sel marin, arôme naturel. *Ingrédients issus de l'agriculture biologique. Traces d'arachide, d'oeuf, de soja, de fruits à coque et de sésame., Valeur énergétique en Joules :  2090Kj, Valeur énergétique en Kcal : 499Kc, Glucides : 61g, Lipides : 25g, Protides :7.5g, Pour préserver tout le croustillant de ces biscuits, conservez-les à l'abri de l'humidité et de la chaleur.]|"
13,87€ / Kg"|"
2,08 €"
412|Maxi coockies choco cacao|Le paquet de 185g|[Origine : FRANCE]|"
18,32€ / Kg"|"
3,39 €"
413|Maxi coockies choco noisettes|Le paquet de 185g|[Origine : FRANCE]|"
18,32€ / Kg"|"
3,39 €"
414|Muffins bio au seigle|Le paquet de 4, 260g|[Origine : FRANCE, Valeur énergétique en Kcal : 135kcal, Glucides : 30,3g, Lipides : 0,7g, Protides :4,4g]|"
8,27€ / Kg"|"
2,15 €"
415|Muffins bio au seigle|Le paquet de 4, 260g|[Origine : FRANCE, Valeur énergétique en Kcal : 135kcal, Glucides : 30,3g, Lipides : 0,7g, Protides :4,4g]|"
8,27€ / Kg"|"
2,15 €"
416|Chocolat aux éclats de menthe|La tablette de 100 g|[Origine : FRANCE, Ses cristaux croquants de menthe s'accordent parfaitement au caractère et à l'intensité des fèves de cacao de la coopérative Acopagro.Pour obtenir cette intensité, la culture du cacao demande beaucoup de patience  et beaucoup de fraîcheur., Pâte de cacao* (Pérou), sucre de canne* (Paraguay), beurre de cacao* (Rép. Dominicaine), cristaux de menthe (sucre de canne* (Paraguay), essence naturelle de menthe poivrée) : 10%, extrait naturel de vanille* (Madagascar). Cacao : 60% minimum. Peut contenir du lait, noisettes et amandes. 100% des ingrédients agricoles issus de l'agriculture biologique. *Ingrédients issus du commerce équitable (99,9% du volume total). Sans arôme artificiel, sans lécithine de soja, sans utilisation de Pesticide niOGM. Chocolat fabriqué en Suisse., A conserver dans un endroit frais (16-18°C) et sec.]|"
26,80€ / Kg"|"
2,68 €"
417|Chocolat aux éclats de menthe|La tablette de 100 g|[Origine : FRANCE, Ses cristaux croquants de menthe s'accordent parfaitement au caractère et à l'intensité des fèves de cacao de la coopérative Acopagro.Pour obtenir cette intensité, la culture du cacao demande beaucoup de patience  et beaucoup de fraîcheur., Pâte de cacao* (Pérou), sucre de canne* (Paraguay), beurre de cacao* (Rép. Dominicaine), cristaux de menthe (sucre de canne* (Paraguay), essence naturelle de menthe poivrée) : 10%, extrait naturel de vanille* (Madagascar). Cacao : 60% minimum. Peut contenir du lait, noisettes et amandes. 100% des ingrédients agricoles issus de l'agriculture biologique. *Ingrédients issus du commerce équitable (99,9% du volume total). Sans arôme artificiel, sans lécithine de soja, sans utilisation de Pesticide niOGM. Chocolat fabriqué en Suisse., A conserver dans un endroit frais (16-18°C) et sec.]|"
26,80€ / Kg"|"
2,68 €"
418|Amandes et flocons d'Avoine|La boite de 125g|[Origine : FRANCE, Pour être au plus près de la Nature et en restituer les bienfaits, notre biscuit aux Amandes et Flocons d'Avoine a été réalisé avec les conseils d'un naturopathe. Nous avons ainsi sélectionné les ingrédients les moins transformés, pour que leur arômeet leur richesse nutritionnelle soient les plus intacts possible, et nous les avons associés selon leur complémentarité : de l'avoine : source de magnésium et de phosphore, des amandes : source de vitamine E, de la farine de blé intégrale : qui conserve l'enveloppe protectrice du grain et ses précieux éléments nutritifs comme les fibres, les vitamines et les sels minéraux, du sucre de canne non raffiné, aucun arôme ajouté pour préserver une saveur authentique., *Farine de blé intégrale T150 (29,5%), *sucre de canne brut non raffiné (22%), *farine d'avoine (19,5%), *flocons d'avoine (9,5%), *matières grasses (*beurre, *huile de tournesol), *amandes (5,5%), *amidon de blé, poudres à lever : carbonate d'ammonium, carbonate acide de sodium, sel marin non raffiné. *100% des ingrédients d'origine agricole ont été obtenus selon les règles de la production biologique., Valeur énergétique en Joules :  2029kj, Valeur énergétique en Kcal : 484kcal, Glucides : 63g, Lipides : 21g, Protides :9g, A conserver dans un endroit frais et sec.]|"
19,28€ / Kg"|"
2,41 €"
419|Amandes et flocons d'Avoine|La boite de 125g|[Origine : FRANCE, Pour être au plus près de la Nature et en restituer les bienfaits, notre biscuit aux Amandes et Flocons d'Avoine a été réalisé avec les conseils d'un naturopathe. Nous avons ainsi sélectionné les ingrédients les moins transformés, pour que leur arômeet leur richesse nutritionnelle soient les plus intacts possible, et nous les avons associés selon leur complémentarité : de l'avoine : source de magnésium et de phosphore, des amandes : source de vitamine E, de la farine de blé intégrale : qui conserve l'enveloppe protectrice du grain et ses précieux éléments nutritifs comme les fibres, les vitamines et les sels minéraux, du sucre de canne non raffiné, aucun arôme ajouté pour préserver une saveur authentique., *Farine de blé intégrale T150 (29,5%), *sucre de canne brut non raffiné (22%), *farine d'avoine (19,5%), *flocons d'avoine (9,5%), *matières grasses (*beurre, *huile de tournesol), *amandes (5,5%), *amidon de blé, poudres à lever : carbonate d'ammonium, carbonate acide de sodium, sel marin non raffiné. *100% des ingrédients d'origine agricole ont été obtenus selon les règles de la production biologique., Valeur énergétique en Joules :  2029kj, Valeur énergétique en Kcal : 484kcal, Glucides : 63g, Lipides : 21g, Protides :9g, A conserver dans un endroit frais et sec.]|"
19,28€ / Kg"|"
2,41 €"
420|Biscuits à la farine de sarrasin et graines de lin, certifié AB|Le paquet de 125g|[Origine : FRANCE, Pour être au plus près de la Nature et en restituer les bienfaits, notre biscuit au Sarrasin et aux Graines de Lin a été réalisé avec les conseils d'un naturopathe.Nous avons ainsi sélectionné les ingrédients les moins transformés, pour que leur arôme et leur richesse nutritionnelle soient les plus intacts possible, et nous les avons associés selon leur complémentarité : de la farine de sarrasin, une céréale au goût original, autrefois très courante dans l'alimentation et connue en particulier pour sa teneur en magnésium et en phosphore, des graines de lin, légèrement croquantes et riches en fibres de la farine de blé intégrale, qui conserve l'enveloppe protectrice du grain et ses précieux éléments nutritifs : fibres, vitamines et sels minéraux, du sucre de canne brut non raffiné, aucun arôme ajouté pour préserver une saveur authentique., Farine de blé intégrale T150* (37.5%), sucre de canne brut non raffiné* (21%), farine de sarrasin* (18.5%), beurre*, huile de tournesol*, graines de sarrasin* (5%), graines de lin* (5%), amidon de blé*, poudres à lever : carbonate d'ammonium, carbonate acide de sodium, sel marin non raffiné. *100% des ingrédients d'origine agricole ont été obtenus selon les règles de la production biologique., Valeur énergétique en Joules :  1930Kj, Valeur énergétique en Kcal : 460Kcal, Glucides : 61g, Lipides : 20g, Protides :9g, A conserver dans un endroit frais et sec.]|"
18,48€ / Kg"|"
2,31 €"
421|Biscuits à la farine de sarrasin et graines de lin, certifié AB|Le paquet de 125g|[Origine : FRANCE, Pour être au plus près de la Nature et en restituer les bienfaits, notre biscuit au Sarrasin et aux Graines de Lin a été réalisé avec les conseils d'un naturopathe.Nous avons ainsi sélectionné les ingrédients les moins transformés, pour que leur arôme et leur richesse nutritionnelle soient les plus intacts possible, et nous les avons associés selon leur complémentarité : de la farine de sarrasin, une céréale au goût original, autrefois très courante dans l'alimentation et connue en particulier pour sa teneur en magnésium et en phosphore, des graines de lin, légèrement croquantes et riches en fibres de la farine de blé intégrale, qui conserve l'enveloppe protectrice du grain et ses précieux éléments nutritifs : fibres, vitamines et sels minéraux, du sucre de canne brut non raffiné, aucun arôme ajouté pour préserver une saveur authentique., Farine de blé intégrale T150* (37.5%), sucre de canne brut non raffiné* (21%), farine de sarrasin* (18.5%), beurre*, huile de tournesol*, graines de sarrasin* (5%), graines de lin* (5%), amidon de blé*, poudres à lever : carbonate d'ammonium, carbonate acide de sodium, sel marin non raffiné. *100% des ingrédients d'origine agricole ont été obtenus selon les règles de la production biologique., Valeur énergétique en Joules :  1930Kj, Valeur énergétique en Kcal : 460Kcal, Glucides : 61g, Lipides : 20g, Protides :9g, A conserver dans un endroit frais et sec.]|"
18,48€ / Kg"|"
2,31 €"
422|Biscuits aux céréales et raisins, certifié AB|Le paquet de 218g|[Origine : PAYS-BAS, Nos biscuits Céréales & Fruits Raisons Bjorg sont issus de l'agriculture biologique. Aux céréales complètes et riches en fruits, ils sont naturellement source de fibres.5 sachets fraîcheur de 3 biscuits. Avec 56 kcal par biscuit et une teneur réduiteen matière grasse, ils concilient plaisir et bienfaits nutritionnels., *farine de blé complet 23%, *farine de blé, *raisins secs 20%, *raisins de Corinthe 13%, *sucre de canne non raffiné, *huiles végétale non hydrogénées (*huile de palme, *huile de colza), *lait entier en poudre, sel, poudres à lever : carbonates acided'ammonium et de sodium. *100% des ingrédients d'origine agricole ont été obtenus selon les règles de la production biologique. Huile de palme durable provenant de plantations certifiées Agriculture biologique, respectueuses de la forêt (pas de déforestation) et de la biodiversité., Valeur énergétique en Joules :  1635kj, Valeur énergétique en Kcal : 388kcal, Glucides : 71,6g, Lipides : 7,2g, Protides :6,1g, A conserver dans un endroit frais et sec.]|"
17,75€ / Kg"|"
3,87 €"
423|Biscuits aux céréales et raisins, certifié AB|Le paquet de 218g|[Origine : PAYS-BAS, Nos biscuits Céréales & Fruits Raisons Bjorg sont issus de l'agriculture biologique. Aux céréales complètes et riches en fruits, ils sont naturellement source de fibres.5 sachets fraîcheur de 3 biscuits. Avec 56 kcal par biscuit et une teneur réduiteen matière grasse, ils concilient plaisir et bienfaits nutritionnels., *farine de blé complet 23%, *farine de blé, *raisins secs 20%, *raisins de Corinthe 13%, *sucre de canne non raffiné, *huiles végétale non hydrogénées (*huile de palme, *huile de colza), *lait entier en poudre, sel, poudres à lever : carbonates acided'ammonium et de sodium. *100% des ingrédients d'origine agricole ont été obtenus selon les règles de la production biologique. Huile de palme durable provenant de plantations certifiées Agriculture biologique, respectueuses de la forêt (pas de déforestation) et de la biodiversité., Valeur énergétique en Joules :  1635kj, Valeur énergétique en Kcal : 388kcal, Glucides : 71,6g, Lipides : 7,2g, Protides :6,1g, A conserver dans un endroit frais et sec.]|"
17,75€ / Kg"|"
3,87 €"
424|Biscuits natures à la farine complète, certifié AB|Le paquet de 200g|[Origine : FRANCE, Notre biscuit P'tit Nature est réalisé avec de la farine complète qui conserve l'enveloppe protectrice du grain, il est ainsi naturellement source de fibres.Nous avons de plus utilisé du sucre de canne roux non raffiné. Faites vous plaisir avec ce biscuit biologique et savourez sa simplicité., *Farine complète de blé (76%), *sucre de canne roux non raffiné, *huile de palme non hydrogénée, *huile de colza non hydrogénée, poudre à lever : carbonate acide d'ammonium, sel non raffiné, arôme naturel de vanille, antioxydant : *extrait de romarin. *100% des ingrédients d'origine agricole ont été obtenus selon les règles de la production biologique., Valeur énergétique en Joules :  1748Kj, Valeur énergétique en Kcal : 414Kcal, Glucides : 72g, Lipides : 10,2g, Protides :8,6g, A conserver dans un endroit frais et sec.]|"
10,40€ / Kg"|"
2,08 €"
425|Biscuits natures à la farine complète, certifié AB|Le paquet de 200g|[Origine : FRANCE, Notre biscuit P'tit Nature est réalisé avec de la farine complète qui conserve l'enveloppe protectrice du grain, il est ainsi naturellement source de fibres.Nous avons de plus utilisé du sucre de canne roux non raffiné. Faites vous plaisir avec ce biscuit biologique et savourez sa simplicité., *Farine complète de blé (76%), *sucre de canne roux non raffiné, *huile de palme non hydrogénée, *huile de colza non hydrogénée, poudre à lever : carbonate acide d'ammonium, sel non raffiné, arôme naturel de vanille, antioxydant : *extrait de romarin. *100% des ingrédients d'origine agricole ont été obtenus selon les règles de la production biologique., Valeur énergétique en Joules :  1748Kj, Valeur énergétique en Kcal : 414Kcal, Glucides : 72g, Lipides : 10,2g, Protides :8,6g, A conserver dans un endroit frais et sec.]|"
10,40€ / Kg"|"
2,08 €"
426|Biscuits palmiers, certifié AB|Le paquet de 100g|[Origine : FRANCE, Naturellement source de fibres, permettent de concilier bienfaits nutritionnels et plaisir. Réalisés avec du miel et du sucre de canne roux non raffiné.Texture légère de leur feuilleté si croustillant., *Farine de blé (59%), *margarine (huile et graisses végétales non hydrogénées : *tournesol et *palme, eau, sel, émulsifiant : lécithine de tournesol, *jus de carotte, *jus de citron concentré), *sucre de canne roux non raffiné (17,9%), *huile de tournesol, *miel (1,1%), sel, poudre à lever : carbonate acide de sodium, levure désactivée, *extrait de vanille. *100% des ingrédients d'origine agricole ont été obtenus selon les règles de la production biologique., Valeur énergétique en Joules :  2237, Valeur énergétique en Kcal : 534,5, Glucides : 60,4, Lipides : 30, Protides :5,9, A conserver dans un endroit frais et sec.]|"
19,40€ / Kg"|"
1,94 €"
427|Biscuits palmiers, certifié AB|Le paquet de 100g|[Origine : FRANCE, Naturellement source de fibres, permettent de concilier bienfaits nutritionnels et plaisir. Réalisés avec du miel et du sucre de canne roux non raffiné.Texture légère de leur feuilleté si croustillant., *Farine de blé (59%), *margarine (huile et graisses végétales non hydrogénées : *tournesol et *palme, eau, sel, émulsifiant : lécithine de tournesol, *jus de carotte, *jus de citron concentré), *sucre de canne roux non raffiné (17,9%), *huile de tournesol, *miel (1,1%), sel, poudre à lever : carbonate acide de sodium, levure désactivée, *extrait de vanille. *100% des ingrédients d'origine agricole ont été obtenus selon les règles de la production biologique., Valeur énergétique en Joules :  2237, Valeur énergétique en Kcal : 534,5, Glucides : 60,4, Lipides : 30, Protides :5,9, A conserver dans un endroit frais et sec.]|"
19,40€ / Kg"|"
1,94 €"
428|Biscuits sablés natures|La boîte de 200g|[Origine : FRANCE, Valeur énergétique en Kcal : 504kcal, Glucides : 61g, Lipides : 25g, Protides :7g]|"
18,08€ / Kg"|"
2,35 €"
429|Biscuits sablés natures|La boîte de 200g|[Origine : FRANCE, Valeur énergétique en Kcal : 504kcal, Glucides : 61g, Lipides : 25g, Protides :7g]|"
18,08€ / Kg"|"
2,35 €"
430|Biscuits sésame, magnésium, riche en céréale|Les 4 sachets de 5 biscuits, 184g|[Origine : FRANCE, Nos biscuits au sésame, 100% biologiques, sont naturellement riches en céréales et source de magnésium et permettent ainsi d'allier plaisir et bienfaits nutritionnels., *Farine de blé (58%), *sucre de canne roux non raffiné, *matière grasse végétale non hydrogénée (palme), *graines de sésame (13%), poudres à lever : carbonates acides d'ammonium et de sodium, acide citrique, sel marin non raffiné, arôme naturel vanille. *100% des ingrédients d'origine agricole ont été obtenus selon les règles de la production biologique., Valeur énergétique en Joules :  2110kj, Valeur énergétique en Kcal : 504,8kc, Glucides : 60,5g, Lipides : 25g, Protides :9,2g, A conserver dans un endroit frais et sec.]|"
12,17€ / Kg"|"
2,24 €"
431|Biscuits sésame, magnésium, riche en céréale|Les 4 sachets de 5 biscuits, 184g|[Origine : FRANCE, Nos biscuits au sésame, 100% biologiques, sont naturellement riches en céréales et source de magnésium et permettent ainsi d'allier plaisir et bienfaits nutritionnels., *Farine de blé (58%), *sucre de canne roux non raffiné, *matière grasse végétale non hydrogénée (palme), *graines de sésame (13%), poudres à lever : carbonates acides d'ammonium et de sodium, acide citrique, sel marin non raffiné, arôme naturel vanille. *100% des ingrédients d'origine agricole ont été obtenus selon les règles de la production biologique., Valeur énergétique en Joules :  2110kj, Valeur énergétique en Kcal : 504,8kc, Glucides : 60,5g, Lipides : 25g, Protides :9,2g, A conserver dans un endroit frais et sec.]|"
12,17€ / Kg"|"
2,24 €"
432|Cookies au chocolat et à la noisette|Le paquet de 200 g|[Origine : FRANCE, Nos cookies chocolat noisette, 100% biologiques, sont élaborés avec du véritable chocolat noir et des éclats de noisette. Ils sont source de fer, magnésium, phosphore et vitamine E.Savourez ces biscuits croustillants et appréciez leur goût authentique., Farine de blé*, sucre de canne roux non raffiné*, pépites de chocolat noir* (20%) (pâte de cacao*, sucre*, beurre de cacao*, émulsifiant: lécithine de tournesol, extrait de vanille*), huile de palme non hydrogénée*, noisettes (10%)*, amidon de blé*,oeufs en poudre*, lait écrémé en poudre*, poudre à lever : carbonate d'ammonium, sel marin non raffiné, arôme naturel de vanille. Traces d'arachide .* 100% des ingrédients d'origine agricole ont été obtenus selon les règles de la production biologique., Valeur énergétique en Joules :  2251kj, Valeur énergétique en Kcal : 539kcal, Glucides : 58g, Lipides : 30g, Protides :7,5g, A conserver dans un endroit sec et frais.]|"
16,55€ / Kg"|"
3,31 €"
433|Cookies au chocolat et à la noisette|Le paquet de 200 g|[Origine : FRANCE, Nos cookies chocolat noisette, 100% biologiques, sont élaborés avec du véritable chocolat noir et des éclats de noisette. Ils sont source de fer, magnésium, phosphore et vitamine E.Savourez ces biscuits croustillants et appréciez leur goût authentique., Farine de blé*, sucre de canne roux non raffiné*, pépites de chocolat noir* (20%) (pâte de cacao*, sucre*, beurre de cacao*, émulsifiant: lécithine de tournesol, extrait de vanille*), huile de palme non hydrogénée*, noisettes (10%)*, amidon de blé*,oeufs en poudre*, lait écrémé en poudre*, poudre à lever : carbonate d'ammonium, sel marin non raffiné, arôme naturel de vanille. Traces d'arachide .* 100% des ingrédients d'origine agricole ont été obtenus selon les règles de la production biologique., Valeur énergétique en Joules :  2251kj, Valeur énergétique en Kcal : 539kcal, Glucides : 58g, Lipides : 30g, Protides :7,5g, A conserver dans un endroit sec et frais.]|"
16,55€ / Kg"|"
3,31 €"
434|Coup Double, biscuit bio nappé de chocolat noir, véritable chocolat, en sachets fraîcheur|Les 4 sachets de 5 biscuits|[Origine : FRANCE, Nos biscuits Coup Double biologiques allient le bon goût d'un sablé aux flocons d'avoine à un nappage de véritable chocolat noir.Il sont naturellement source de fer, de magnésium et de phosphore et permettent ainsi d'allier plaisir et bienfaits nutritionnels., *Farine de blé, *chocolat noir (25%) (*pâte de cacao, *sucre, *beurre de cacao, émulsifiant : lécithine de tournesol, *extrait de vanille), *sucre de canne roux non raffiné, *matière grasse végétale non hydrogénée (*palme), *graines de soja (6,8%), flocons d'avoine (1,9%), poudre à lever : carbonate d'ammonium,  sel marin non raffiné, *oeufs en poudre, *lait écrémé en poudre, arôme naturel. *ingrédients d'origine agricole ont été obtenus selon les règles de la production biologique. Huile de palme durable provenant de plantations certifiées agriculture biologique., Valeur énergétique en Joules :  2204, Valeur énergétique en Kcal : 526,6, Glucides : 61, Lipides : 28, Protides :7,7, A conserver dans un endroit frais et sec.]|"
13,30€ / Kg"|"
2,66 €"
435|Coup Double, biscuit bio nappé de chocolat noir, véritable chocolat, en sachets fraîcheur|Les 4 sachets de 5 biscuits|[Origine : FRANCE, Nos biscuits Coup Double biologiques allient le bon goût d'un sablé aux flocons d'avoine à un nappage de véritable chocolat noir.Il sont naturellement source de fer, de magnésium et de phosphore et permettent ainsi d'allier plaisir et bienfaits nutritionnels., *Farine de blé, *chocolat noir (25%) (*pâte de cacao, *sucre, *beurre de cacao, émulsifiant : lécithine de tournesol, *extrait de vanille), *sucre de canne roux non raffiné, *matière grasse végétale non hydrogénée (*palme), *graines de soja (6,8%), flocons d'avoine (1,9%), poudre à lever : carbonate d'ammonium,  sel marin non raffiné, *oeufs en poudre, *lait écrémé en poudre, arôme naturel. *ingrédients d'origine agricole ont été obtenus selon les règles de la production biologique. Huile de palme durable provenant de plantations certifiées agriculture biologique., Valeur énergétique en Joules :  2204, Valeur énergétique en Kcal : 526,6, Glucides : 61, Lipides : 28, Protides :7,7, A conserver dans un endroit frais et sec.]|"
13,30€ / Kg"|"
2,66 €"
436|Fourre a la vanille Bio|La boite de 225g|[Origine : FRANCE, Nos fourrés à la vanille allient un délicieux fourrage à la vanille à deux savoureux biscuits aux céréales complètes. Nos fourrés sont ainsi naturellement source de fibres. Laissez-vous tenter par ce goûter croustillant qui vous fera succomber et retomber en enfance., Les personnes ayant des allergies alimentaires peuvent joindre notre service consommateurs., Farine de blÍ* 38%, farine complÈte de blÍ* 15%, sucre canne* roux non raffinÍ, huile de tournesol* olÍique, beurre de cacao*, poudre de lait entier*, Ípaississant : gomme d?acacia*, poudres Å lever : carbonates d?ammonium ? carbonates de sodium, ar«me naturel de vanille, sel de mer non raffinÍ, lait ÍcrÍmÍ en poudre*, gousse de vanille ÍpuisÍe*, Ímulsifiant : lÍcithine de soja, curcuma*, antioxydant : extrait de romarin*., Valeur énergétique en Joules :  2047, Valeur énergétique en Kcal : 488, Glucides : 67.4, Lipides : 20.3, Protides :7.4, A conserver à l'abri de la chaleur et de l'humidité.]|"
13,69€ / Kg"|"
3,08 €"
437|Fourre a la vanille Bio|La boite de 225g|[Origine : FRANCE, Nos fourrés à la vanille allient un délicieux fourrage à la vanille à deux savoureux biscuits aux céréales complètes. Nos fourrés sont ainsi naturellement source de fibres. Laissez-vous tenter par ce goûter croustillant qui vous fera succomber et retomber en enfance., Les personnes ayant des allergies alimentaires peuvent joindre notre service consommateurs., Farine de blÍ* 38%, farine complÈte de blÍ* 15%, sucre canne* roux non raffinÍ, huile de tournesol* olÍique, beurre de cacao*, poudre de lait entier*, Ípaississant : gomme d?acacia*, poudres Å lever : carbonates d?ammonium ? carbonates de sodium, ar«me naturel de vanille, sel de mer non raffinÍ, lait ÍcrÍmÍ en poudre*, gousse de vanille ÍpuisÍe*, Ímulsifiant : lÍcithine de soja, curcuma*, antioxydant : extrait de romarin*., Valeur énergétique en Joules :  2047, Valeur énergétique en Kcal : 488, Glucides : 67.4, Lipides : 20.3, Protides :7.4, A conserver à l'abri de la chaleur et de l'humidité.]|"
13,69€ / Kg"|"
3,08 €"
438|Fourré au chocolat au lait, certifié AB|Le paquet de 225g|[Origine : FRANCE, Nos fourrés Chocolat au Lait sont réalisés avec du véritable chocolat et son sucre de calcium.Nous avons également choisi d'utiliser du sucre de canne non raffiné et d'intégrer à notre recette une grande quantité de blé, pour en faire un biscuit riche en céréales. Laissez-vous tenter par ce goûter croustillant et succombez au plaisir du vrai chocolat., *Farine de blé (54%),* chocolat au lait (25%) (*sucre de canne roux non raffiné,* beurre de cacao,* lait entier en poudre,* pâte de cacao),* sucre de canne roux non raffiné, * matières grasses végétales non hydrogénées (*palme,*colza),*lait écrémé enpoudre, sel de mer non raffiné, poudres à lever : carbonates acides d'ammonium et de sodium, arôme naturel de vanille, extrait d'algue, épaississant : gomme d'acacia, antioxydant : *extrait de romarin. *99,7% des ingrédients d'origine agricole ont été obtenus selon les règles de la production biologique., Valeur énergétique en Joules :  2053Kj, Valeur énergétique en Kcal : 491,1Kc, Glucides : 64g, Lipides : 22.6g, Protides :7.6g, A conserver dans un endroit frais et sec.]|"
13,11€ / Kg"|"
2,95 €"
439|Fourré au chocolat au lait, certifié AB|Le paquet de 225g|[Origine : FRANCE, Nos fourrés Chocolat au Lait sont réalisés avec du véritable chocolat et son sucre de calcium.Nous avons également choisi d'utiliser du sucre de canne non raffiné et d'intégrer à notre recette une grande quantité de blé, pour en faire un biscuit riche en céréales. Laissez-vous tenter par ce goûter croustillant et succombez au plaisir du vrai chocolat., *Farine de blé (54%),* chocolat au lait (25%) (*sucre de canne roux non raffiné,* beurre de cacao,* lait entier en poudre,* pâte de cacao),* sucre de canne roux non raffiné, * matières grasses végétales non hydrogénées (*palme,*colza),*lait écrémé enpoudre, sel de mer non raffiné, poudres à lever : carbonates acides d'ammonium et de sodium, arôme naturel de vanille, extrait d'algue, épaississant : gomme d'acacia, antioxydant : *extrait de romarin. *99,7% des ingrédients d'origine agricole ont été obtenus selon les règles de la production biologique., Valeur énergétique en Joules :  2053Kj, Valeur énergétique en Kcal : 491,1Kc, Glucides : 64g, Lipides : 22.6g, Protides :7.6g, A conserver dans un endroit frais et sec.]|"
13,11€ / Kg"|"
2,95 €"
440|Fourrés au chocolat noir, certifié AB|Le paquet de 225g|[Origine : FRANCE, Nos fourrés chocolat sont réalisés avec du véritable chocolat noir pur beurre de cacao et sont ainsi naturellement source de fer et de magnésium.Nous avons également choisis d'utiliser du sucre de canne non raffiné et d'intégrer à notre recette une grande quantité de blé, pour en faire un biscuit riche en céréales. Laissez vous tenter par ce goûter croustillant et succombez au plaisir du vrai chocolat., *Farine de blé (53,5%), *chocolat noir (25%) (*pâte de cacao, *sucre de canne non raffiné, *beurre de cacao), *sucre de canne roux, *huiles de palme et de colza non hydrogénées, arôme naturel vanille, sel non raffiné, poudres à lever : carbonate acide d'ammonium et de sodium, arôme naturel de romarin, *lait écrémé, épaississant : gomme d'acacia. *100% des ingrédients d'origine agricole ont été obtenus selon les règles de la production biologique., Valeur énergétique en Joules :  2012, Valeur énergétique en Kcal : 480,7, Glucides : 63, Lipides : 22, Protides :7,5, A conserver dans un endroit frais et sec.]|"
12,40€ / Kg"|"
2,79 €"
441|Fourrés au chocolat noir, certifié AB|Le paquet de 225g|[Origine : FRANCE, Nos fourrés chocolat sont réalisés avec du véritable chocolat noir pur beurre de cacao et sont ainsi naturellement source de fer et de magnésium.Nous avons également choisis d'utiliser du sucre de canne non raffiné et d'intégrer à notre recette une grande quantité de blé, pour en faire un biscuit riche en céréales. Laissez vous tenter par ce goûter croustillant et succombez au plaisir du vrai chocolat., *Farine de blé (53,5%), *chocolat noir (25%) (*pâte de cacao, *sucre de canne non raffiné, *beurre de cacao), *sucre de canne roux, *huiles de palme et de colza non hydrogénées, arôme naturel vanille, sel non raffiné, poudres à lever : carbonate acide d'ammonium et de sodium, arôme naturel de romarin, *lait écrémé, épaississant : gomme d'acacia. *100% des ingrédients d'origine agricole ont été obtenus selon les règles de la production biologique., Valeur énergétique en Joules :  2012, Valeur énergétique en Kcal : 480,7, Glucides : 63, Lipides : 22, Protides :7,5, A conserver dans un endroit frais et sec.]|"
12,40€ / Kg"|"
2,79 €"
442|Fourrés aux framboises, goûters bio aux framboises|Le paquet de 175g|[Origine : FRANCE, Nos fourrés sont réalisés à partir de farine complète qui a conservé l'enveloppe naturelle de grain de blé et d'un délicieux fourrage aux framboises pour un goût généreux et authentique., *Farine complète de blé (40%), *margarine végétale non hydrogénée (huiles de : *tournesol, *palme, *palmiste, *noix de coco, eau, émulsifiant : lécithine de soja, arôme naturel de beurre (lait), acidifiant : acide citrique), *sucre de canne, *sirop de froment, *framboises (7%), *miel, *oeufs, acidifiant : acide citrique, poudre à lever : bicarbonate d'ammonium, sel marin.*100% des ingrédients d'origine agricole ont été obtenus selon les règles de la production biologique. Peut contenir des traces d'arachide., Valeur énergétique en Joules :  1877, Valeur énergétique en Kcal : 448,5, Glucides : 67,9, Lipides : 17, Protides :5,5, A conserver dans un endroit sec et frais.]|"
13,77€ / Kg"|"
2,41 €"
443|Fourrés aux framboises, goûters bio aux framboises|Le paquet de 175g|[Origine : FRANCE, Nos fourrés sont réalisés à partir de farine complète qui a conservé l'enveloppe naturelle de grain de blé et d'un délicieux fourrage aux framboises pour un goût généreux et authentique., *Farine complète de blé (40%), *margarine végétale non hydrogénée (huiles de : *tournesol, *palme, *palmiste, *noix de coco, eau, émulsifiant : lécithine de soja, arôme naturel de beurre (lait), acidifiant : acide citrique), *sucre de canne, *sirop de froment, *framboises (7%), *miel, *oeufs, acidifiant : acide citrique, poudre à lever : bicarbonate d'ammonium, sel marin.*100% des ingrédients d'origine agricole ont été obtenus selon les règles de la production biologique. Peut contenir des traces d'arachide., Valeur énergétique en Joules :  1877, Valeur énergétique en Kcal : 448,5, Glucides : 67,9, Lipides : 17, Protides :5,5, A conserver dans un endroit sec et frais.]|"
13,77€ / Kg"|"
2,41 €"
444|Fourrés aux myrtilles|Le paquet de 175g|[Origine : FRANCE, Nos fourrés myrtilles, 100 % biologiques, sont réalisés à partir de farine complète, qui a conservé l'enveloppe naturelle du grain de blé, et d'un délicieux fourrage aux myrtilles pour un goût généreux et authentique., Prenez le temps de faire une pause avec un goûter complet composé d'un fourré aux myrtilles, d'un fruit et d'un produit laitier., *farine complète de blé (42%), *margarine végétale non hydrogénée (huiles de : *tournesol, *palme, *palmiste, *noix de coco, eau, émulsifiant: lécithine de soja, acidifiant: acide citrique), *sucre de canne brut non raffiné, *sirop de froment, *myrtilles (7%), *miel, *oeufs, acidifiant: acide citrique, sel de mer, poudre à lever: bicarbonate d'ammonium. *100 % des ingrédients d'origine agricole ont été obtenus selon les règles de la production biologique., Valeur énergétique en Joules :  1738kj, Valeur énergétique en Kcal : 414kcal, Glucides : 61,7g, Lipides : 16,2g, Protides :5,3g, A conserver dans un endroit frais et sec.]|"
14,63€ / Kg"|"
2,56 €"
445|Fourrés aux myrtilles|Le paquet de 175g|[Origine : FRANCE, Nos fourrés myrtilles, 100 % biologiques, sont réalisés à partir de farine complète, qui a conservé l'enveloppe naturelle du grain de blé, et d'un délicieux fourrage aux myrtilles pour un goût généreux et authentique., Prenez le temps de faire une pause avec un goûter complet composé d'un fourré aux myrtilles, d'un fruit et d'un produit laitier., *farine complète de blé (42%), *margarine végétale non hydrogénée (huiles de : *tournesol, *palme, *palmiste, *noix de coco, eau, émulsifiant: lécithine de soja, acidifiant: acide citrique), *sucre de canne brut non raffiné, *sirop de froment, *myrtilles (7%), *miel, *oeufs, acidifiant: acide citrique, sel de mer, poudre à lever: bicarbonate d'ammonium. *100 % des ingrédients d'origine agricole ont été obtenus selon les règles de la production biologique., Valeur énergétique en Joules :  1738kj, Valeur énergétique en Kcal : 414kcal, Glucides : 61,7g, Lipides : 16,2g, Protides :5,3g, A conserver dans un endroit frais et sec.]|"
14,63€ / Kg"|"
2,56 €"
446|Fourrés chocolat lait noisettes|Le paquet de 225g|[Origine : FRANCE, Laissez vous tenter par ce goûter croustillant et succombez au plaisir du vrai chocolat et des noisettes., Farine de blé* (34%), chocolat au lait* (25%) (sucre de canne*, beurre de cacao*, lait en poudre*, pâte de cacao*), farine complète de blé* (15%), sucre de canne roux non raffiné*, huile de tournesol oléique*, noisettes hachées grillées (5%), poudresà lever : carbonates acide d'ammonium et de sodium, extrait d'algue, sel marin non raffiné, arôme naturel de noisette et autres aromes naturels, lait écrémé en poudre*, épaississant : gomme d'acacia*, antioxydant : extrait de romarin*. *ingrédientsd'origine agricole obtenus selon les règles de la production biologique., Valeur énergétique en Joules :  2141kj, Valeur énergétique en Kcal : 512kcal, Glucides : 57,8g, Lipides : 26,5g, Protides :8,8g, A conserver dans un endroit frais et sec.]|"
18,80€ / Kg"|"
4,23 €"
447|Fourrés chocolat lait noisettes|Le paquet de 225g|[Origine : FRANCE, Laissez vous tenter par ce goûter croustillant et succombez au plaisir du vrai chocolat et des noisettes., Farine de blé* (34%), chocolat au lait* (25%) (sucre de canne*, beurre de cacao*, lait en poudre*, pâte de cacao*), farine complète de blé* (15%), sucre de canne roux non raffiné*, huile de tournesol oléique*, noisettes hachées grillées (5%), poudresà lever : carbonates acide d'ammonium et de sodium, extrait d'algue, sel marin non raffiné, arôme naturel de noisette et autres aromes naturels, lait écrémé en poudre*, épaississant : gomme d'acacia*, antioxydant : extrait de romarin*. *ingrédientsd'origine agricole obtenus selon les règles de la production biologique., Valeur énergétique en Joules :  2141kj, Valeur énergétique en Kcal : 512kcal, Glucides : 57,8g, Lipides : 26,5g, Protides :8,8g, A conserver dans un endroit frais et sec.]|"
18,80€ / Kg"|"
4,23 €"
448|Gaufre au caramel bio|La boite de 175g|[Origine : PAYS-BAS, Farine semi-complÈte de blÍ* 28% (T110), sirop de blÍ non raffinÍ*, caramel* 18% (sucre de canne non raffinÍ*, beurre* 24%, caramel concentrÍ* , sel de GuÍrande 0,5%, sucre vanillÍ* (sucre de canne non raffinÍ, ar«me naturel de vanille*), margarine*(huile de tournesol, beurre de cacao, eau, Ímulsifiant : lÍcithine de tournesol, acidifiant: acide citrique, extrait de carotte)~ , sucre de canne non raffinÍ*, sirop d'agave*, Ímulsifiant: lÍcithine de tournesol, poudre d'oeufs*, cannelle*, Sel de GuÍrande, poudre Å lever : bicarbonate de sodium., Valeur énergétique en Joules :  1795, Valeur énergétique en Kcal : 427, Glucides : 65.8, Lipides : 16.2, Protides :4]|"
13,49€ / Kg"|"
2,36 €"
449|Gaufre au caramel bio|La boite de 175g|[Origine : PAYS-BAS, Farine semi-complÈte de blÍ* 28% (T110), sirop de blÍ non raffinÍ*, caramel* 18% (sucre de canne non raffinÍ*, beurre* 24%, caramel concentrÍ* , sel de GuÍrande 0,5%, sucre vanillÍ* (sucre de canne non raffinÍ, ar«me naturel de vanille*), margarine*(huile de tournesol, beurre de cacao, eau, Ímulsifiant : lÍcithine de tournesol, acidifiant: acide citrique, extrait de carotte)~ , sucre de canne non raffinÍ*, sirop d'agave*, Ímulsifiant: lÍcithine de tournesol, poudre d'oeufs*, cannelle*, Sel de GuÍrande, poudre Å lever : bicarbonate de sodium., Valeur énergétique en Joules :  1795, Valeur énergétique en Kcal : 427, Glucides : 65.8, Lipides : 16.2, Protides :4]|"
13,49€ / Kg"|"
2,36 €"
450|Gaufres au miel, certifié AB|Le paquet de 175g|[Origine : FRANCE, Nos gaufres au Miel,100% biologiques*, allient une texture croustillante et une couleur dorée à un délicieux fourrage de miel onctueux et savoureux.Elles sont préparées avec de la farine complète, qui conserve l'enveloppe naturelle de grain de blé, et  sont naturellement  source de vitamine E. *100% des ingrédients d'origine agricole ont été obtenus selon les règles de la production biologique., Farine de blé complète (36%), *sirop de froment, *graisses végétales non hydrogénée (*huile de tournesol, *huile de palme, *huile de palmiste, arôme naturel de beurre (lait)), *sucre de canne brut non raffiné, *miel (12%), *sirop de sucre de canne, *oeufs, émulsifiant : lécithine de colza (farine de blé), sel marin non raffiné, poudre à lever : carbonate acide de sodium, *cannelle., Valeur énergétique en Joules :  1937Kj, Valeur énergétique en Kcal : 461Kcal, Glucides : 74,5g, Lipides : 16,2g, Protides :4,2g, A conserver dans un endroit  frais et sec.]|"
11,49€ / Kg"|"
2,01 €"
451|Gaufres au miel, certifié AB|Le paquet de 175g|[Origine : FRANCE, Nos gaufres au Miel,100% biologiques*, allient une texture croustillante et une couleur dorée à un délicieux fourrage de miel onctueux et savoureux.Elles sont préparées avec de la farine complète, qui conserve l'enveloppe naturelle de grain de blé, et  sont naturellement  source de vitamine E. *100% des ingrédients d'origine agricole ont été obtenus selon les règles de la production biologique., Farine de blé complète (36%), *sirop de froment, *graisses végétales non hydrogénée (*huile de tournesol, *huile de palme, *huile de palmiste, arôme naturel de beurre (lait)), *sucre de canne brut non raffiné, *miel (12%), *sirop de sucre de canne, *oeufs, émulsifiant : lécithine de colza (farine de blé), sel marin non raffiné, poudre à lever : carbonate acide de sodium, *cannelle., Valeur énergétique en Joules :  1937Kj, Valeur énergétique en Kcal : 461Kcal, Glucides : 74,5g, Lipides : 16,2g, Protides :4,2g, A conserver dans un endroit  frais et sec.]|"
11,49€ / Kg"|"
2,01 €"
452|Goûters biologiques soja figue|Les 4 sachets de 4 biscuits, 240g|[Origine : FRANCE, Le Goûter Soja Figue Bjorg allie le plaisir d'un biscuit croustillant et le goût raffiné de la figue pour une gourmandise 100% biologique*. Le Goûter Soja Figue Bjorg tire sa richesse en protéines végétales du soja. La graine de soja renferme les 8 acides aminés essentiels que notre corps n'est pas capable de constituer. De plus, grâce aux germes de blé et à la farine de blé, le Goûter Soja Figue Bjorg est source de fibres et de magnésium, éléments essentiels au bon fonctionnement de notre corps., *Farine de blé (48%), *sucre de canne roux, *huile de palme, *germe de blé (10%), *gruau de soja (8%), *pâte de figue (5%), poudres à lever : carbonates acides d'ammonium et de sodium, arôme naturel, sel marin, acidifiant : acide citrique. *100% desingrédients d'origine agricole ont été obtenus selon les règles de la production biologique., Valeur énergétique en Joules :  1910Kj, Valeur énergétique en Kcal : 455Kcal, Glucides : 59g, Lipides : 19g, Protides :12g]|"
11,50€ / Kg"|"
2,76 €"
453|Goûters biologiques soja figue|Les 4 sachets de 4 biscuits, 240g|[Origine : FRANCE, Le Goûter Soja Figue Bjorg allie le plaisir d'un biscuit croustillant et le goût raffiné de la figue pour une gourmandise 100% biologique*. Le Goûter Soja Figue Bjorg tire sa richesse en protéines végétales du soja. La graine de soja renferme les 8 acides aminés essentiels que notre corps n'est pas capable de constituer. De plus, grâce aux germes de blé et à la farine de blé, le Goûter Soja Figue Bjorg est source de fibres et de magnésium, éléments essentiels au bon fonctionnement de notre corps., *Farine de blé (48%), *sucre de canne roux, *huile de palme, *germe de blé (10%), *gruau de soja (8%), *pâte de figue (5%), poudres à lever : carbonates acides d'ammonium et de sodium, arôme naturel, sel marin, acidifiant : acide citrique. *100% desingrédients d'origine agricole ont été obtenus selon les règles de la production biologique., Valeur énergétique en Joules :  1910Kj, Valeur énergétique en Kcal : 455Kcal, Glucides : 59g, Lipides : 19g, Protides :12g]|"
11,50€ / Kg"|"
2,76 €"
454|Les biscuits de Natty, biscuits biologiques au chocolat et au müesli|Le paquet de 150g|[Origine : FRANCE, Alliant un savoureux biscuit croustillant à un délicat fondant de chocolat, les délicieux Biscuits de Natty Bjorg, 100% Biologiques*, sont la petite gourmandise qui séduira les grands comme les petits. Source de protéines, éléments nécessaires à la construction et à l'entretien de l'organisme, et également de phosphore et de magnésium, essentiels au bon fonctionnement de notre corps, Les Biscuits de Natty Permettent de concilier bienfaits nutritionnels et plaisir., Chocolat noir*48% (sucre de canne*, pâte de cacao*, beurre de cacao*, poudre de lait entier*, arôme naturel de vanille ), farine de blé*, sucre de canne non raffiné*, muesli* 6% (céréales* (avoine*, blé*, orge*, seigle*, riz*), noisettes*, figues*, pommes* (pommes*, crème de riz*, épaississant : pectine, émulsifiant : lécithine de tournesol), poires* (poires*, crème de riz*, épaississant : pectine, émulsifiant : lécithine de tournesol )), huile de palme non hydrogénée, poudres à lever (carbonateacide d'ammonium, carbonate de potassium, acide tartrique), sel marin non raffiné, arômes naturels. Traces d'arachide. *100% des ingrédients d'origine agricole ont été obtenus selon les règles de la production biologique., Valeur énergétique en Joules :  2146Kj, Valeur énergétique en Kcal : 512Kcal, Glucides : 65g, Lipides : 24,5g, Protides :7,9g, A conserver dans un endroit frais et sec.]|"
22,67€ / Kg"|"
3,40 €"
455|Les biscuits de Natty, biscuits biologiques au chocolat et au müesli|Le paquet de 150g|[Origine : FRANCE, Alliant un savoureux biscuit croustillant à un délicat fondant de chocolat, les délicieux Biscuits de Natty Bjorg, 100% Biologiques*, sont la petite gourmandise qui séduira les grands comme les petits. Source de protéines, éléments nécessaires à la construction et à l'entretien de l'organisme, et également de phosphore et de magnésium, essentiels au bon fonctionnement de notre corps, Les Biscuits de Natty Permettent de concilier bienfaits nutritionnels et plaisir., Chocolat noir*48% (sucre de canne*, pâte de cacao*, beurre de cacao*, poudre de lait entier*, arôme naturel de vanille ), farine de blé*, sucre de canne non raffiné*, muesli* 6% (céréales* (avoine*, blé*, orge*, seigle*, riz*), noisettes*, figues*, pommes* (pommes*, crème de riz*, épaississant : pectine, émulsifiant : lécithine de tournesol), poires* (poires*, crème de riz*, épaississant : pectine, émulsifiant : lécithine de tournesol )), huile de palme non hydrogénée, poudres à lever (carbonateacide d'ammonium, carbonate de potassium, acide tartrique), sel marin non raffiné, arômes naturels. Traces d'arachide. *100% des ingrédients d'origine agricole ont été obtenus selon les règles de la production biologique., Valeur énergétique en Joules :  2146Kj, Valeur énergétique en Kcal : 512Kcal, Glucides : 65g, Lipides : 24,5g, Protides :7,9g, A conserver dans un endroit frais et sec.]|"
22,67€ / Kg"|"
3,40 €"
456|Lunettes à la fraise|Le paquet de 200g|[Origine : FRANCE, Biscuit (80 %) : farine de blÍ*, sucre de canne* non raffinÍ, farine d'Ípeautre complÈte* 19.10 %, beurre concentrÍ*, oeufs*, huile de colza*, poudre Å lever : phosphates de calcium et carbonates de sodium. Fourrage fraise (20 %) : sirop de blÍ* nonraffinÍ, sucre blond de canne*, purÍe de fraise* (20 %), gÍlifiant : pectine de fruits, ar«me naturel, acidifiant : acide citrique.  *99,9 % des ingrÍdients d'origine agricole ont ÍtÍ obtenus selon les rÈgles de la production biologique., Valeur énergétique en Joules :  1872kj, Valeur énergétique en Kcal : 446kcal, Glucides : 66,9g, Lipides : 16,5g, Protides :6,3g]|"
13,15€ / Kg"|"
2,63 €"
457|Lunettes à la fraise|Le paquet de 200g|[Origine : FRANCE, Biscuit (80 %) : farine de blÍ*, sucre de canne* non raffinÍ, farine d'Ípeautre complÈte* 19.10 %, beurre concentrÍ*, oeufs*, huile de colza*, poudre Å lever : phosphates de calcium et carbonates de sodium. Fourrage fraise (20 %) : sirop de blÍ* nonraffinÍ, sucre blond de canne*, purÍe de fraise* (20 %), gÍlifiant : pectine de fruits, ar«me naturel, acidifiant : acide citrique.  *99,9 % des ingrÍdients d'origine agricole ont ÍtÍ obtenus selon les rÈgles de la production biologique., Valeur énergétique en Joules :  1872kj, Valeur énergétique en Kcal : 446kcal, Glucides : 66,9g, Lipides : 16,5g, Protides :6,3g]|"
13,15€ / Kg"|"
2,63 €"
458|Madeleines, sachets fraîcheur, certifié AB|La paquet de 225g|[Origine : FRANCE, Nos madeleines Bjorg, sont de délicieuses madeleines traditionnelles au doux parfum d'amande. Laissez vous tenter par leur texture fondante et moelleuse., Farine de blé semi-complète 31%*, huile végétale non hydrogénée de colza*, sucre de canne non raffiné 23%*, oeufs frais 21%*, sirop de riz*, poudres à lever : phosphate monocalcique et carbonate acide de sodium, arômes naturels de vanille et d'amande. *100% des ingrédients d'origine agricole ont été obtenus selon les règles de la production biologique., Valeur énergétique en Joules :  2003kj, Valeur énergétique en Kcal : 479kcal, Glucides : 52,8g, Lipides : 27,2g, Protides :5,8g, A conserver dans un endroit frais et sec.]|"
18,04€ / Kg"|"
4,06 €"
459|Madeleines, sachets fraîcheur, certifié AB|La paquet de 225g|[Origine : FRANCE, Nos madeleines Bjorg, sont de délicieuses madeleines traditionnelles au doux parfum d'amande. Laissez vous tenter par leur texture fondante et moelleuse., Farine de blé semi-complète 31%*, huile végétale non hydrogénée de colza*, sucre de canne non raffiné 23%*, oeufs frais 21%*, sirop de riz*, poudres à lever : phosphate monocalcique et carbonate acide de sodium, arômes naturels de vanille et d'amande. *100% des ingrédients d'origine agricole ont été obtenus selon les règles de la production biologique., Valeur énergétique en Joules :  2003kj, Valeur énergétique en Kcal : 479kcal, Glucides : 52,8g, Lipides : 27,2g, Protides :5,8g, A conserver dans un endroit frais et sec.]|"
18,04€ / Kg"|"
4,06 €"
460|Pain d'épices au miel prétranché, certifié AB|Le paquet de 300g|[Origine : FRANCE, Préparé avec un onctueux miel doré bio et de la farine de seigle, le pain d'épices Bjorg 100% biologique est à la fois fondant et moelleux. Naturellement riche en éléments nutritionnels, le pain d'épices Bjorg est un produit énergétique. Il deviendrarapidement le goûter gourmand idéal qui plaira à la fois aux enfants et aux adultes., *Farine de seigle, *sirop de sucre de canne, *miel (25%), poudre à lever : carbonate acide de sodium, *épices. *100% des ingrédients d'origine agricole ont été obtenus selon les règles de l'agriculture biologique., Valeur énergétique en Joules :  1414, Valeur énergétique en Kcal : 337,8, Glucides : 78, Lipides : 1, Protides :3]|"
7,23€ / Kg"|"
2,17 €"
461|Pain d'épices au miel prétranché, certifié AB|Le paquet de 300g|[Origine : FRANCE, Préparé avec un onctueux miel doré bio et de la farine de seigle, le pain d'épices Bjorg 100% biologique est à la fois fondant et moelleux. Naturellement riche en éléments nutritionnels, le pain d'épices Bjorg est un produit énergétique. Il deviendrarapidement le goûter gourmand idéal qui plaira à la fois aux enfants et aux adultes., *Farine de seigle, *sirop de sucre de canne, *miel (25%), poudre à lever : carbonate acide de sodium, *épices. *100% des ingrédients d'origine agricole ont été obtenus selon les règles de l'agriculture biologique., Valeur énergétique en Joules :  1414, Valeur énergétique en Kcal : 337,8, Glucides : 78, Lipides : 1, Protides :3]|"
7,23€ / Kg"|"
2,17 €"
462|Pépites croustillantes aux céréales, flocons de soja et au chocolat|Le paquet de 500g|[Origine : FRANCE, Pour bien démarrer la journée, dégustez les croustillants au chocolat de Bjorg, source de fibres et de magnésium.Le mariage croustillants des flocons d'avoine, du riz soufflé et des pépites de véritable chocolat vous offre un petit déjeuner savoureux., Céréales* (53%) (flocons d'avoine*, riz soufflé* (farine de riz*, farine de blé*, sucre*, farine de malt d'orge*, émulsifiant : lécithine de tournesol), farine de blé*), sucre*, soja* (13,5%) (flocons de soja*, soja concassé*), chocolat noir* (10%) (pâte de cacao*, sucre*, beurre de cacao*, émulsifiant : lécithine de soja), huile de palme non hydrogénée*, graines de lin*, poudre de noix de coco*, miel*. *99,9 % des ingrédients d'origine agricole ont été obtenus selon les règles de la productionbiologique., Valeur énergétique en Joules :  1777Kj, Valeur énergétique en Kcal : 425Kcal, Glucides : 56g, Lipides : 17g, Protides :12g, Pour préserver la croustillance de ces céréales, nous vous conseillons de les conserver à l'abri de l'humidité. Bien refermer le sachet intérieur après chaque utilisation.]|"
8,64€ / Kg"|"
4,32 €"
463|Pépites croustillantes aux céréales, flocons de soja et au chocolat|Le paquet de 500g|[Origine : FRANCE, Pour bien démarrer la journée, dégustez les croustillants au chocolat de Bjorg, source de fibres et de magnésium.Le mariage croustillants des flocons d'avoine, du riz soufflé et des pépites de véritable chocolat vous offre un petit déjeuner savoureux., Céréales* (53%) (flocons d'avoine*, riz soufflé* (farine de riz*, farine de blé*, sucre*, farine de malt d'orge*, émulsifiant : lécithine de tournesol), farine de blé*), sucre*, soja* (13,5%) (flocons de soja*, soja concassé*), chocolat noir* (10%) (pâte de cacao*, sucre*, beurre de cacao*, émulsifiant : lécithine de soja), huile de palme non hydrogénée*, graines de lin*, poudre de noix de coco*, miel*. *99,9 % des ingrédients d'origine agricole ont été obtenus selon les règles de la productionbiologique., Valeur énergétique en Joules :  1777Kj, Valeur énergétique en Kcal : 425Kcal, Glucides : 56g, Lipides : 17g, Protides :12g, Pour préserver la croustillance de ces céréales, nous vous conseillons de les conserver à l'abri de l'humidité. Bien refermer le sachet intérieur après chaque utilisation.]|"
8,64€ / Kg"|"
4,32 €"
464|Petit beurre|Le paquet de 150g|[Origine : FRANCE, Notre Petit Beurre est un biscuit authentique fabriqué avec du beurre de Baratte et des farines françaises. Nous avons également fait le choix dintégrer à notre recette des céréales complètes moulues sur meule de pierre., Farine de blÍ*, sucre de canne roux non rafifnÍ*, farine complÈte de blÍ* 15%, beurre* 13%, lait ÍcrÍmÍ en poudre*, poudres Å lever (carbonates acides d'ammonium et de sodium, acide citrique), sel marin non raffinÍ, ar«me naturel de vanille*, lait demi-ÍcrÍmÍ*., Valeur énergétique en Joules :  1899kj, Valeur énergétique en Kcal : 451kcal, Glucides : 75,5g, Lipides : 12,1g, Protides :8,3g, A conserver à labri de la chaleur et de lhumidité.]|"
16,40€ / Kg"|"
2,46 €"
465|Petit beurre|Le paquet de 150g|[Origine : FRANCE, Notre Petit Beurre est un biscuit authentique fabriqué avec du beurre de Baratte et des farines françaises. Nous avons également fait le choix dintégrer à notre recette des céréales complètes moulues sur meule de pierre., Farine de blÍ*, sucre de canne roux non rafifnÍ*, farine complÈte de blÍ* 15%, beurre* 13%, lait ÍcrÍmÍ en poudre*, poudres Å lever (carbonates acides d'ammonium et de sodium, acide citrique), sel marin non raffinÍ, ar«me naturel de vanille*, lait demi-ÍcrÍmÍ*., Valeur énergétique en Joules :  1899kj, Valeur énergétique en Kcal : 451kcal, Glucides : 75,5g, Lipides : 12,1g, Protides :8,3g, A conserver à labri de la chaleur et de lhumidité.]|"
16,40€ / Kg"|"
2,46 €"
466|Ananas en morceaux au jus d'ananas, certifié AB|Le bocal de 340g|[Origine : FRANCE, L'ananas Monoprix Bio se déguste à tout moment du repas. Afin de l'apprécier encore plus, nous vous conseillons de placer le bocal au réfrigérateur pendant 1 heure avant l'ouverture., Jus d'ananas. Contient des sucres naturellement présents, Valeur énergétique en Joules :  224Kj, Valeur énergétique en Kcal : 53Kcal, Glucides : 12g, Protides :0,53g, Avant ouverture : conserver dans un endroit sec à l'abri de la lumière  et de la chaleur. Après ouverture : conserver le bocal au réfrigérateur et consommer sous 2 à 3 jours.]|"
8,06€ / Kg"|"
2,74 €"
467|Ananas en morceaux au jus d'ananas, certifié AB|Le bocal de 340g|[Origine : FRANCE, L'ananas Monoprix Bio se déguste à tout moment du repas. Afin de l'apprécier encore plus, nous vous conseillons de placer le bocal au réfrigérateur pendant 1 heure avant l'ouverture., Jus d'ananas. Contient des sucres naturellement présents, Valeur énergétique en Joules :  224Kj, Valeur énergétique en Kcal : 53Kcal, Glucides : 12g, Protides :0,53g, Avant ouverture : conserver dans un endroit sec à l'abri de la lumière  et de la chaleur. Après ouverture : conserver le bocal au réfrigérateur et consommer sous 2 à 3 jours.]|"
8,06€ / Kg"|"
2,74 €"
468|Compotes pomme, allégées en sucres, certifié Agriculture biologique|Les 4 gourdes de 90g|[Origine : FRANCE, Monoprix a sélectionné pour vous, avec des entreprises partenaires, des produits issus de l'agriculture biologique.Leurs modes de production et de transformation sont contrôlés et certifiés par un organisme indépendant conformément à la réglementation en vigueur., Pomme** 95%, sucre de canne** 4%, antioxydant : acide ascorbique. **Ingrédients issus de l'agriculture biologique., Valeur énergétique en Joules :  266kj, Valeur énergétique en Kcal : 63kcal, Glucides : 15g, A conserver à température ambiante. A conserver au frais après ouverture et à consommer très rapidement.]|"
6,83€ / Kg"|"
2,46 €"
469|Compotes pomme, allégées en sucres, certifié Agriculture biologique|Les 4 gourdes de 90g|[Origine : FRANCE, Monoprix a sélectionné pour vous, avec des entreprises partenaires, des produits issus de l'agriculture biologique.Leurs modes de production et de transformation sont contrôlés et certifiés par un organisme indépendant conformément à la réglementation en vigueur., Pomme** 95%, sucre de canne** 4%, antioxydant : acide ascorbique. **Ingrédients issus de l'agriculture biologique., Valeur énergétique en Joules :  266kj, Valeur énergétique en Kcal : 63kcal, Glucides : 15g, A conserver à température ambiante. A conserver au frais après ouverture et à consommer très rapidement.]|"
6,83€ / Kg"|"
2,46 €"
470|Compotes pomme, certifié AB|Les 4 pots de 95g|[Origine : FRANCE, Purée de pommes* 99,9%, antioxygène : acide ascorbique. *Ingrédient issu de l'agriculture biologique. Sans sucres ajoutés., Valeur énergétique en Joules :  260Kj, Valeur énergétique en Kcal : 61Kcal, Glucides : 13g, Lipides : 0,6g, Protides :0,3g, A conserver à l'abri de la chaleur de l'humidité.]|"
5,84€ / Kg"|"
2,22 €"
471|Compotes pomme, certifié AB|Les 4 pots de 95g|[Origine : FRANCE, Purée de pommes* 99,9%, antioxygène : acide ascorbique. *Ingrédient issu de l'agriculture biologique. Sans sucres ajoutés., Valeur énergétique en Joules :  260Kj, Valeur énergétique en Kcal : 61Kcal, Glucides : 13g, Lipides : 0,6g, Protides :0,3g, A conserver à l'abri de la chaleur de l'humidité.]|"
5,84€ / Kg"|"
2,22 €"
472|Compotes pomme et poire, allégées en sucres, certifié AB|Les 4 gourdes de 90g|[Origine : FRANCE, Monoprix a sélectionné pour vous, avec des entreprises partenaires, des produits issus de l'agriculture biologique.Leurs modes de production et de transformation sont contrôlés et certifiés par un organisme indépendant conformément à la réglementation en vigueur., Pomme** 60%, poire** 35%, sucre de canne** 4,5%, antioxydant : acide ascorbique. **Ingrédients issus de l'agriculture biologique., Valeur énergétique en Joules :  254kj, Valeur énergétique en Kcal : 60kcal, Glucides : 14g, A conserver à température ambiante. A conserver au frais après ouverture et à consommer très rapidement.]|"
7,44€ / Kg"|"
2,68 €"
473|Compotes pomme et poire, allégées en sucres, certifié AB|Les 4 gourdes de 90g|[Origine : FRANCE, Monoprix a sélectionné pour vous, avec des entreprises partenaires, des produits issus de l'agriculture biologique.Leurs modes de production et de transformation sont contrôlés et certifiés par un organisme indépendant conformément à la réglementation en vigueur., Pomme** 60%, poire** 35%, sucre de canne** 4,5%, antioxydant : acide ascorbique. **Ingrédients issus de l'agriculture biologique., Valeur énergétique en Joules :  254kj, Valeur énergétique en Kcal : 60kcal, Glucides : 14g, A conserver à température ambiante. A conserver au frais après ouverture et à consommer très rapidement.]|"
7,44€ / Kg"|"
2,68 €"
474|Compotes pomme et poire, certifié AB|Les 4 pots de 95g|[Origine : FRANCE, Purée de pommes* 68%, purée de poires* 32%, antioxygène : acide ascorbique. *Ingrédients issus de l'agriculture biologique. Sans sucres ajoutés., Valeur énergétique en Joules :  277Kj, Valeur énergétique en Kcal : 66Kcal, Glucides : 14g, Lipides : 0,5g, Protides :0,4g, A conserver à l'abri de la chaleur de l'humidité.]|"
6,37€ / Kg"|"
2,42 €"
475|Compotes pomme et poire, certifié AB|Les 4 pots de 95g|[Origine : FRANCE, Purée de pommes* 68%, purée de poires* 32%, antioxygène : acide ascorbique. *Ingrédients issus de l'agriculture biologique. Sans sucres ajoutés., Valeur énergétique en Joules :  277Kj, Valeur énergétique en Kcal : 66Kcal, Glucides : 14g, Lipides : 0,5g, Protides :0,4g, A conserver à l'abri de la chaleur de l'humidité.]|"
6,37€ / Kg"|"
2,42 €"
476|Mangues en tranches au jus de mangue|Le bocal de 340g|[Origine : FRANCE, La mangue se déguste à tout moment de la journée. Afin de l'apprécier encore plus, nous vous suggérons de placer le bocal au réfrigérateur pendant 1heure avant l'ouverture., Monoprix a sélectionné pour vous, avec des entreprises partenaires, des produits issus de l'agriculture biologique. Leurs modes de production et de transformation sont contrôlés et certifiés par un organisme indépendant, conformément à la réglementation en vigueur. Les producteurs emploient des fertilisants respectueux de l'environnement et pratiquent la rotation des cultures afin de garder des sols vivants et une fertilité durable., Mangues*, jus de mangue*. *ingrédients d'origine agricole issus de l'agriculture  biologique., Valeur énergétique en Joules :  143kj, Valeur énergétique en Kcal : 34kcal, Glucides : 7,9g, Lipides : 0g, Protides :0,5g, Avant ouverture: conserver dans un endroit sec à l'abri de la lumière et de la chaleur. Après ouverture : conserver le bocal au réfrigérateur et consommer sous 2 à 3 jours.]|"
8,06€ / Kg"|"
2,74 €"
477|Mangues en tranches au jus de mangue|Le bocal de 340g|[Origine : FRANCE, La mangue se déguste à tout moment de la journée. Afin de l'apprécier encore plus, nous vous suggérons de placer le bocal au réfrigérateur pendant 1heure avant l'ouverture., Monoprix a sélectionné pour vous, avec des entreprises partenaires, des produits issus de l'agriculture biologique. Leurs modes de production et de transformation sont contrôlés et certifiés par un organisme indépendant, conformément à la réglementation en vigueur. Les producteurs emploient des fertilisants respectueux de l'environnement et pratiquent la rotation des cultures afin de garder des sols vivants et une fertilité durable., Mangues*, jus de mangue*. *ingrédients d'origine agricole issus de l'agriculture  biologique., Valeur énergétique en Joules :  143kj, Valeur énergétique en Kcal : 34kcal, Glucides : 7,9g, Lipides : 0g, Protides :0,5g, Avant ouverture: conserver dans un endroit sec à l'abri de la lumière et de la chaleur. Après ouverture : conserver le bocal au réfrigérateur et consommer sous 2 à 3 jours.]|"
8,06€ / Kg"|"
2,74 €"
478|Purée de fruits pomme, certifié AB|Les 4 pots de 100g|[Origine : FRANCE, Servir frais., Pomme* 99%, antioxygène: E300. *ingrédient issu de l'agriculture biologique., Valeur énergétique en Joules :  220Kj, Valeur énergétique en Kcal : 52Kcal, Glucides : 12g, Lipides : 0,3g, Protides :0,3g, A conserver entre 0°C et +4°C. Après ouverture, à conserver au réfrigérateur et à consommer dans les 24 heures.]|"
4,35€ / Kg"|"
1,74 €"
479|Purée de fruits pomme, certifié AB|Les 4 pots de 100g|[Origine : FRANCE, Servir frais., Pomme* 99%, antioxygène: E300. *ingrédient issu de l'agriculture biologique., Valeur énergétique en Joules :  220Kj, Valeur énergétique en Kcal : 52Kcal, Glucides : 12g, Lipides : 0,3g, Protides :0,3g, A conserver entre 0°C et +4°C. Après ouverture, à conserver au réfrigérateur et à consommer dans les 24 heures.]|"
4,35€ / Kg"|"
1,74 €"
480|Agar-Agar Bio|Les 5 sachets de 4g (20g)|[Origine : FRANCE]|"
258,50€ / Kg"|"
5,17 €"
481|Creme coco legere bio|La brik de 200ml|[Origine : ITALIE, Noix de coco* (60%), eau, maltodextrines de maÕs*, Ípaississants : gomme de guar, gomme xanthane, carraghÍnanes, Valeur énergétique en Joules :  764kj, Valeur énergétique en Kcal : 185kcal, Glucides : 5,9g, Lipides : 17,1g, Protides :1,3g]|"
10,15€ / L"|"
2,03 €"
482|Creme coco legere bio|La brik de 200ml|[Origine : ITALIE, Noix de coco* (60%), eau, maltodextrines de maÕs*, Ípaississants : gomme de guar, gomme xanthane, carraghÍnanes, Valeur énergétique en Joules :  764kj, Valeur énergétique en Kcal : 185kcal, Glucides : 5,9g, Lipides : 17,1g, Protides :1,3g]|"
10,15€ / L"|"
2,03 €"
483|Préparation pour dessert au soja et au chocolat, certifié AB|La brique de 525g|[Origine : FRANCE, Savourez ce délicieux dessert soja Bjorg, un dessert végétal au bon goût de chocolat, seul ou accompagné de petits biscuits ou de fruits., *Tonyu (eau, *fèves de soja décortiquées (7.2%)), *sucre de canne roux, *amidon de blé, *maltodextrine de maïs, *cacao dégraissé, *chocolat (1%), extrait naturel de cacao, épaississant : carraghénanes, sel marin.*100% des ingrédients d'origine agricole ont été obtenus selon les règles de la production biologique. Sans cholestérol. Sans lactose., Valeur énergétique en Joules :  409, Valeur énergétique en Kcal : 97,7, Glucides : 16,6, Lipides : 2, Protides :3, A conserver au froid après ouverture., Consommer rapidement après ouverture.]|"
3,56€ / Kg"|"
1,87 €"
484|Préparation pour dessert au soja et au chocolat, certifié AB|La brique de 525g|[Origine : FRANCE, Savourez ce délicieux dessert soja Bjorg, un dessert végétal au bon goût de chocolat, seul ou accompagné de petits biscuits ou de fruits., *Tonyu (eau, *fèves de soja décortiquées (7.2%)), *sucre de canne roux, *amidon de blé, *maltodextrine de maïs, *cacao dégraissé, *chocolat (1%), extrait naturel de cacao, épaississant : carraghénanes, sel marin.*100% des ingrédients d'origine agricole ont été obtenus selon les règles de la production biologique. Sans cholestérol. Sans lactose., Valeur énergétique en Joules :  409, Valeur énergétique en Kcal : 97,7, Glucides : 16,6, Lipides : 2, Protides :3, A conserver au froid après ouverture., Consommer rapidement après ouverture.]|"
3,56€ / Kg"|"
1,87 €"
485|Chocolat noir et éclats de fèves|La tablette de 100g|[Origine : FRANCE]|"
27,50€ / Kg"|"
2,75 €"
486|Chocolat noir et éclats de fèves|La tablette de 100g|[Origine : FRANCE]|"
27,50€ / Kg"|"
2,75 €"
487|Dessert Biofruits, Pomme Vanille|Le Bocal de 680g|[Origine : FRANCE, Purée de pommes à la vanille bio., A consommer comme une compote, au goûter ou au dessert., Pommes* 99,97%, vanille* en poudre 0,03%. *Produits issus de l'agriculture biologique. Sans sucres ajoutés*. *Contient des sucres naturellement présents., Valeur énergétique en Joules :  226kj, Valeur énergétique en Kcal : 54kcal, Glucides : 12g, Lipides : 0,1g, Protides :0,3g, A conserver au frais après ouverture et à consommer rapidement.]|"
5,26€ / Kg"|"
3,58 €"
488|Dessert Biofruits, Pomme Vanille|Le Bocal de 680g|[Origine : FRANCE, Purée de pommes à la vanille bio., A consommer comme une compote, au goûter ou au dessert., Pommes* 99,97%, vanille* en poudre 0,03%. *Produits issus de l'agriculture biologique. Sans sucres ajoutés*. *Contient des sucres naturellement présents., Valeur énergétique en Joules :  226kj, Valeur énergétique en Kcal : 54kcal, Glucides : 12g, Lipides : 0,1g, Protides :0,3g, A conserver au frais après ouverture et à consommer rapidement.]|"
5,26€ / Kg"|"
3,58 €"
489|Dessert pomme et poire williams|Le bocal de 680g|[Origine : FRANCE]|"
5,26€ / Kg"|"
3,58 €"
490|Dessert pomme et poire williams|Le bocal de 680g|[Origine : FRANCE]|"
5,26€ / Kg"|"
3,58 €"
491|Cool Fruits|La boite de 4 gourdes de 90g|[Origine : FRANCE, Valeur énergétique en Joules :  268kj, Valeur énergétique en Kcal : 63kcal, Glucides : 14g, Lipides : 0,2g, Protides :0,5g]|"
10,44€ / Kg"|"
3,76 €"
492|Cool Fruits|La boite de 4 gourdes de 90g|[Origine : FRANCE, Valeur énergétique en Joules :  268kj, Valeur énergétique en Kcal : 63kcal, Glucides : 14g, Lipides : 0,2g, Protides :0,5g]|"
10,44€ / Kg"|"
3,76 €"
493|Cool Fruits Acerola, Pomme, Fraise, Myrtille|Les 4 gourdes de 90G|[Origine : FRANCE, Dessert de fruits bio au concentré de fruits : pomme fraise myrtille jus d'acérola., Ne pas laisser les enfants de moins de 3 ans jouer avec le bouchon., Pommes* 67%, fraises* 20%, concentré de fruits* (concentré de raisin*, concentré de citron*), myrtilles* 3%, jus d'acérola. *Ingrédients issus de l'agriculture biologique. Sans colorant, sans conservateur., Valeur énergétique en Joules :  270kj, Valeur énergétique en Kcal : 64kcal, Glucides : 15g, Protides :0,25g, A consommer rapidement après ouverture. Conditionné sous atmosphère protectrice.]|"
10,67€ / Kg"|"
3,84 €"
494|Cool Fruits Acerola, Pomme, Fraise, Myrtille|Les 4 gourdes de 90G|[Origine : FRANCE, Dessert de fruits bio au concentré de fruits : pomme fraise myrtille jus d'acérola., Ne pas laisser les enfants de moins de 3 ans jouer avec le bouchon., Pommes* 67%, fraises* 20%, concentré de fruits* (concentré de raisin*, concentré de citron*), myrtilles* 3%, jus d'acérola. *Ingrédients issus de l'agriculture biologique. Sans colorant, sans conservateur., Valeur énergétique en Joules :  270kj, Valeur énergétique en Kcal : 64kcal, Glucides : 15g, Protides :0,25g, A consommer rapidement après ouverture. Conditionné sous atmosphère protectrice.]|"
10,67€ / Kg"|"
3,84 €"
495|Cool Fruits Acerola, Pomme, Mangue, Ananas|Les 4 gourdes de 90G|[Origine : FRANCE, Dessert de fruits bio : pomme mangue ananas jus d'acérola., Ne pas laisser les enfants de moins de 3 ans jouer avec le bouchon., Pommes* 40%, mangues* 35%, jus d'ananas* 22%, jus d'acérola. *Ingrédients issus de l'agriculture biologique. Sans colorant, sans conservateur., A consommer rapidement après ouverture. Conditionné sous atmosphère protectrice.]|"
10,81€ / Kg"|"
3,89 €"
496|Cool Fruits Acerola, Pomme, Mangue, Ananas|Les 4 gourdes de 90G|[Origine : FRANCE, Dessert de fruits bio : pomme mangue ananas jus d'acérola., Ne pas laisser les enfants de moins de 3 ans jouer avec le bouchon., Pommes* 40%, mangues* 35%, jus d'ananas* 22%, jus d'acérola. *Ingrédients issus de l'agriculture biologique. Sans colorant, sans conservateur., A consommer rapidement après ouverture. Conditionné sous atmosphère protectrice.]|"
10,81€ / Kg"|"
3,89 €"
497|Cool Fruits Acerola Pomme Williams|Les 4 gourdes de 90g|[Origine : FRANCE, Dessert de fruits bio : pomme poire jus d'acérola., Ne pas laisser les enfants de moins de 3 ans jouer avec le bouchon., Pommes* 57%, poires Williams* 40%, jus d'acérola*. *Ingrédients issus de l'agriculture biologique. Sans colorant, sans conservateur., Valeur énergétique en Joules :  224kj, Valeur énergétique en Kcal : 53kcal, Glucides : 11,5g, Lipides : 0,2g, Protides :0,4g, A consommer rapidement après ouverture. Conditionné sous atmosphère protectrice.]|"
10,33€ / Kg"|"
3,72 €"
498|Cool Fruits Acerola Pomme Williams|Les 4 gourdes de 90g|[Origine : FRANCE, Dessert de fruits bio : pomme poire jus d'acérola., Ne pas laisser les enfants de moins de 3 ans jouer avec le bouchon., Pommes* 57%, poires Williams* 40%, jus d'acérola*. *Ingrédients issus de l'agriculture biologique. Sans colorant, sans conservateur., Valeur énergétique en Joules :  224kj, Valeur énergétique en Kcal : 53kcal, Glucides : 11,5g, Lipides : 0,2g, Protides :0,4g, A consommer rapidement après ouverture. Conditionné sous atmosphère protectrice.]|"
10,33€ / Kg"|"
3,72 €"
499|Cool Fruits Pomme|Les 4 gourdes de 90g|[Origine : FRANCE, Dessert de fruits bio au concentré de fruits : pomme., Ne pas laisser les enfants de moins de 3 ans jouer avec le bouchon., Pommes* 96%, concentré de fruits* 4% (concentré de raisin*, concentré de citron*). *Ingrédients issus de l'agriculture biologique. Sans colorant, sans conservateur., Valeur énergétique en Joules :  254kj, Valeur énergétique en Kcal : 60kcal, Glucides : 14g, Protides :0,2g, A consommer rapidement après ouverture. Conditionné sous atmosphère protectrice.]|"
10,64€ / Kg"|"
3,83 €"
500|Cool Fruits Pomme|Les 4 gourdes de 90g|[Origine : FRANCE, Dessert de fruits bio au concentré de fruits : pomme., Ne pas laisser les enfants de moins de 3 ans jouer avec le bouchon., Pommes* 96%, concentré de fruits* 4% (concentré de raisin*, concentré de citron*). *Ingrédients issus de l'agriculture biologique. Sans colorant, sans conservateur., Valeur énergétique en Joules :  254kj, Valeur énergétique en Kcal : 60kcal, Glucides : 14g, Protides :0,2g, A consommer rapidement après ouverture. Conditionné sous atmosphère protectrice.]|"
10,64€ / Kg"|"
3,83 €"
501|Cool Fruits Pomme Pêche Abricot Acérola|Les 4 gourdes de 90g|[Origine : FRANCE, Dessert de fruits bio au concentré de fruits : pomme pêche abricot jus d'acérola., Ne pas laisser les enfants de moins de 3 ans jouer avec le bouchon., Pommes* 61%, pêches* 18%, concentré de fruits* (concentré de raisin*, concentré de citron*), abricots* 9%, jus d'acérola*. *Ingrédients issus de l'agriculture biologique., Valeur énergétique en Joules :  304kj, Valeur énergétique en Kcal : 72kcal, Glucides : 16,9g, Protides :0,3g, A consommer rapidement après ouverture. Conditionné sous atmosphère protectrice.]|"
11,33€ / Kg"|"
4,08 €"
502|Cool Fruits Pomme Pêche Abricot Acérola|Les 4 gourdes de 90g|[Origine : FRANCE, Dessert de fruits bio au concentré de fruits : pomme pêche abricot jus d'acérola., Ne pas laisser les enfants de moins de 3 ans jouer avec le bouchon., Pommes* 61%, pêches* 18%, concentré de fruits* (concentré de raisin*, concentré de citron*), abricots* 9%, jus d'acérola*. *Ingrédients issus de l'agriculture biologique., Valeur énergétique en Joules :  304kj, Valeur énergétique en Kcal : 72kcal, Glucides : 16,9g, Protides :0,3g, A consommer rapidement après ouverture. Conditionné sous atmosphère protectrice.]|"
11,33€ / Kg"|"
4,08 €"
503|Compotes pomme et fraise, allégées en sucre, certifié AB|Les 4 gourdes de 90g|[Origine : FRANCE, Il est recommandé de consommer 5 fruits et légumes par jour. 1 Pom'Potes correspond à 1 des 5 portions quotidiennes dans l'alimentation de votre enfant. Cette recette Bio utilise des fruits issus de l'agriculture biologique., Ne pas laisser les enfants de moins de 36 mois sans surveillance avec le bouchon dévissable., Pomme* 72,8%, fraise* 21,6%, sucre de canne*, antioxygène: acide ascorbique. * issu de l'agriculture biologique. Sans conservateur, sans colorant conformément à la règlementation. Sans gluten., Valeur énergétique en Joules :  291kj, Valeur énergétique en Kcal : 69kcal, Glucides : 15g, Lipides : 0,5g, Protides :0,4g, A consommer dans les 24h après ouverture de la gourde.]|"
7,39€ / Kg"|"
2,66 €"
504|Compotes pomme et fraise, allégées en sucre, certifié AB|Les 4 gourdes de 90g|[Origine : FRANCE, Il est recommandé de consommer 5 fruits et légumes par jour. 1 Pom'Potes correspond à 1 des 5 portions quotidiennes dans l'alimentation de votre enfant. Cette recette Bio utilise des fruits issus de l'agriculture biologique., Ne pas laisser les enfants de moins de 36 mois sans surveillance avec le bouchon dévissable., Pomme* 72,8%, fraise* 21,6%, sucre de canne*, antioxygène: acide ascorbique. * issu de l'agriculture biologique. Sans conservateur, sans colorant conformément à la règlementation. Sans gluten., Valeur énergétique en Joules :  291kj, Valeur énergétique en Kcal : 69kcal, Glucides : 15g, Lipides : 0,5g, Protides :0,4g, A consommer dans les 24h après ouverture de la gourde.]|"
7,39€ / Kg"|"
2,66 €"
505|Pomme nature Bio allégée en sucres|Les 4 gourdes de 90g|[Origine : FRANCE, Le gouter de fruit bio pour les enfants, à emporter partout., Pomme bio 95,5%, sucre de canne bio, antioxydant : acide ascorbique. Compote allégée en sucres, 30% de sucres en moins., Valeur énergétique en Joules :  298kj, Valeur énergétique en Kcal : 71kcal, Glucides : 15,4g, Lipides : 0,6g, Protides :0,3g, A consommer rapidement après ouverture.]|"
7,17€ / Kg"|"
2,58 €"
506|Pomme nature Bio allégée en sucres|Les 4 gourdes de 90g|[Origine : FRANCE, Le gouter de fruit bio pour les enfants, à emporter partout., Pomme bio 95,5%, sucre de canne bio, antioxydant : acide ascorbique. Compote allégée en sucres, 30% de sucres en moins., Valeur énergétique en Joules :  298kj, Valeur énergétique en Kcal : 71kcal, Glucides : 15,4g, Lipides : 0,6g, Protides :0,3g, A consommer rapidement après ouverture.]|"
7,17€ / Kg"|"
2,58 €"
509|Galettes de riz complet|Le paquet de 115g|[Origine : FRANCE, Riz complet 97,9%, sésame 2%, sel marin 0,1%.                                  Traces de gluten., Valeur énergétique en Joules :  1678kj, Valeur énergétique en Kcal : 397kcal, Glucides : 82g, Lipides : 3g, Protides :8,3g, à protéger de la chaleur; à conserver à l'abri de l'humidité; Refermer soigneusement après utilisation.]|"
9,91€ / Kg"|"
1,14 €"
510|Galettes de riz complet|Le paquet de 115g|[Origine : FRANCE, Riz complet 97,9%, sésame 2%, sel marin 0,1%.                                  Traces de gluten., Valeur énergétique en Joules :  1678kj, Valeur énergétique en Kcal : 397kcal, Glucides : 82g, Lipides : 3g, Protides :8,3g, à protéger de la chaleur; à conserver à l'abri de l'humidité; Refermer soigneusement après utilisation.]|"
9,91€ / Kg"|"
1,14 €"
511|Galettes de riz nappées au chocolat noir|Le paquet de 90g|[Origine : FRANCE, Refermer le sachet après ouverture. A conserver à l'abri de la chaleur et de l'humidité., Chocolat noir 59% (pâte de cacao, sucre de canne roux, beurre de cacao), riz complet 41%., Valeur énergétique en Joules :  1978Kj, Valeur énergétique en Kcal : 472KCal, Glucides : 58g, Lipides : 24g, Protides :6,1g, A conserver à l'abri de la chaleur et de l'humidité.]|"
19,89€ / Kg"|"
1,79 €"
512|Galettes de riz nappées au chocolat noir|Le paquet de 90g|[Origine : FRANCE, Refermer le sachet après ouverture. A conserver à l'abri de la chaleur et de l'humidité., Chocolat noir 59% (pâte de cacao, sucre de canne roux, beurre de cacao), riz complet 41%., Valeur énergétique en Joules :  1978Kj, Valeur énergétique en Kcal : 472KCal, Glucides : 58g, Lipides : 24g, Protides :6,1g, A conserver à l'abri de la chaleur et de l'humidité.]|"
19,89€ / Kg"|"
1,79 €"
513|Galettes fines aux 3 céréales et sésame, certifié AB|Le paquet de 130g|[Origine : BELGIQUE, Si les galettes ont perdu de leur croquant, passez-les au four quelques instants., Céréales 93% (grains de blé* 49%, grains de maïs*, grains de riz complet*), graines de sésames* 5%, sel. Présence possible de soja. *ingrédients issus de l'agriculture biologique., Valeur énergétique en Joules :  1641kj, Valeur énergétique en Kcal : 388kcal, Glucides : 73g, Lipides : 4,1g, Protides :11g, Conserver dans un endroit sec, à l'abri de l'humidité. Refermer soigneusement l'emballage après chaque utilisation.]|"
11,62€ / Kg"|"
1,51 €"
514|Galettes fines aux 3 céréales et sésame, certifié AB|Le paquet de 130g|[Origine : BELGIQUE, Si les galettes ont perdu de leur croquant, passez-les au four quelques instants., Céréales 93% (grains de blé* 49%, grains de maïs*, grains de riz complet*), graines de sésames* 5%, sel. Présence possible de soja. *ingrédients issus de l'agriculture biologique., Valeur énergétique en Joules :  1641kj, Valeur énergétique en Kcal : 388kcal, Glucides : 73g, Lipides : 4,1g, Protides :11g, Conserver dans un endroit sec, à l'abri de l'humidité. Refermer soigneusement l'emballage après chaque utilisation.]|"
11,62€ / Kg"|"
1,51 €"
515|Galettes pur beurre, certifié AB|Le paquet de 125g|[Origine : FRANCE, Monoprix a sélectionné pour vous, avec des entreprises partenaires, des produits issus de l'agriculture biologique. Leurs modes de production et de transformation sont contrôlés et certifiés par un organisme indépendant, conformément à la réglementation en vigueur. Les producteurs emploient des fertilisants respectueux de l'environnement et pratiquent la rotation des cultures afin de garder des sols vivants et une fertilité durable., Farine de blé*, sucre roux de canne* 25%, beurre*25%, oeufs entiers en poudre*, sel marin, arôme naturel vanille, poudre à lever : carbonate d'ammonium, lait écrémé en poudre*. *Ingrédients issus de l'agriculture biologique. Présence possible de fruits à coque, de soja, de sésame et d'arachides., Valeur énergétique en Joules :  2044Kj, Valeur énergétique en Kcal : 487Kcal, Glucides : 68g, Lipides : 21g, Protides :6,5g, Pour préserver tout le croustillant de ces galettes, conservez-les à l'abri de l'humidité et de la chaleur.]|"
11,60€ / Kg"|"
1,45 €"
516|Galettes pur beurre, certifié AB|Le paquet de 125g|[Origine : FRANCE, Monoprix a sélectionné pour vous, avec des entreprises partenaires, des produits issus de l'agriculture biologique. Leurs modes de production et de transformation sont contrôlés et certifiés par un organisme indépendant, conformément à la réglementation en vigueur. Les producteurs emploient des fertilisants respectueux de l'environnement et pratiquent la rotation des cultures afin de garder des sols vivants et une fertilité durable., Farine de blé*, sucre roux de canne* 25%, beurre*25%, oeufs entiers en poudre*, sel marin, arôme naturel vanille, poudre à lever : carbonate d'ammonium, lait écrémé en poudre*. *Ingrédients issus de l'agriculture biologique. Présence possible de fruits à coque, de soja, de sésame et d'arachides., Valeur énergétique en Joules :  2044Kj, Valeur énergétique en Kcal : 487Kcal, Glucides : 68g, Lipides : 21g, Protides :6,5g, Pour préserver tout le croustillant de ces galettes, conservez-les à l'abri de l'humidité et de la chaleur.]|"
11,60€ / Kg"|"
1,45 €"
517|Pain aux céréales tranché, certifié AB|Le paquet de 400g|[Origine : FRANCE, Farine de blé* 50%, eau, huile de colza*, sucre de canne* roux, graines de tournesol*Monoprix Bio]|"
5,90€ / Kg"|"
2,36 €"
518|Pain aux céréales tranché, certifié AB|Le paquet de 400g|[Origine : FRANCE, Farine de blé* 50%, eau, huile de colza*, sucre de canne* roux, graines de tournesol*Monoprix Bio]|"
5,90€ / Kg"|"
2,36 €"
519|Pain de mie nature|Le paquet de 500g|[Origine : BELGIQUE, A consommer nature ou toasté, ce pain de mie est idéal pour le petit déjeuner, pour confectionner des sandwichs variés ou des canapés gourmands.  ., Farine de blé 57%, eau, huile de palme, sucre roux de canne, levure, vinaigre de cidre, sel, gluten de blé, malt d'orge,, Valeur énergétique en Joules :  1150, Valeur énergétique en Kcal : 272, Glucides : 47, Lipides : 5.5, Protides :8.3, A conserver à l'abri de la chaleur et de l'humidité Bien refermer le sachet après chaque utilisation]|"
5,12€ / Kg"|"
2,56 €"
520|Pain de mie nature|Le paquet de 500g|[Origine : BELGIQUE, A consommer nature ou toasté, ce pain de mie est idéal pour le petit déjeuner, pour confectionner des sandwichs variés ou des canapés gourmands.  ., Farine de blé 57%, eau, huile de palme, sucre roux de canne, levure, vinaigre de cidre, sel, gluten de blé, malt d'orge,, Valeur énergétique en Joules :  1150, Valeur énergétique en Kcal : 272, Glucides : 47, Lipides : 5.5, Protides :8.3, A conserver à l'abri de la chaleur et de l'humidité Bien refermer le sachet après chaque utilisation]|"
5,12€ / Kg"|"
2,56 €"
521|Pain spécial de campagne|Le paquet de 400g|[Origine : FRANCE, Farine de blé* 53%, eau, farine de seigle* 9,4%, huile de colza*, sucre de canne* roux, gluten de blé* 2%, vinaigre de citre*, sel, levure, farine d'orge maltée torréfiée* 0,2%. *Ingrédients issus de l'agriculture biologique., A conserver dans un endroit frais et sec. Après ouverture, bien replacer l'entame sur la première tranche et refermer le sachet à l'aide du clip.]|"
5,63€ / Kg"|"
2,25 €"
522|Pain spécial de campagne|Le paquet de 400g|[Origine : FRANCE, Farine de blé* 53%, eau, farine de seigle* 9,4%, huile de colza*, sucre de canne* roux, gluten de blé* 2%, vinaigre de citre*, sel, levure, farine d'orge maltée torréfiée* 0,2%. *Ingrédients issus de l'agriculture biologique., A conserver dans un endroit frais et sec. Après ouverture, bien replacer l'entame sur la première tranche et refermer le sachet à l'aide du clip.]|"
5,63€ / Kg"|"
2,25 €"
523|Toast aux 3 graines, tournesol, lin et sésame, certifié AB|Le paquet de 200g|[Origine : ALLEMAGNE, Monoprix a sélectionné pour vous, avec des entreprises partenaires, des produits issus de l'agriculture biologique. Leurs modes de production et de transformation sont contrôlés et certifiés par un organisme indépendant conformément à la réglementation en vigueur. Les producteurs emploient des fertilisants respectueux de l'environnement et pratiquent la rotation des cultures afin de garder des sols vivants et une fertilité durable., Farine de blé complet*, graines de tournesol* 11%, graines de sésame* 10%, graines de lin* 6%, flocons d'avoine*, sel, levure, extrait de malt d'orge*. Présence possible de lait. *Ingrédients issus de l'agriculture biologique., A conserver dans un endroit sec et frais, à l'abri de la lumière.]|"
16,60€ / Kg"|"
3,32 €"
524|Toast aux 3 graines, tournesol, lin et sésame, certifié AB|Le paquet de 200g|[Origine : ALLEMAGNE, Monoprix a sélectionné pour vous, avec des entreprises partenaires, des produits issus de l'agriculture biologique. Leurs modes de production et de transformation sont contrôlés et certifiés par un organisme indépendant conformément à la réglementation en vigueur. Les producteurs emploient des fertilisants respectueux de l'environnement et pratiquent la rotation des cultures afin de garder des sols vivants et une fertilité durable., Farine de blé complet*, graines de tournesol* 11%, graines de sésame* 10%, graines de lin* 6%, flocons d'avoine*, sel, levure, extrait de malt d'orge*. Présence possible de lait. *Ingrédients issus de l'agriculture biologique., A conserver dans un endroit sec et frais, à l'abri de la lumière.]|"
16,60€ / Kg"|"
3,32 €"
525|Toasts croustillants saveur mozzarella et tomate, issus de l'agriculture biologique|Le sachet de 200g|[Origine : FRANCE, Biscuits croustillants saveur mozzarella et tomate, issus de l'agriculture biologique., Farine de blé complet* 64%, mozzarella râpée* 7% (lait pasteurisé*, ferments lactiques, sel, présure, amidon de maïs*), emmental* 7%, flocons de tomate* 6%, graines de lin* 5%, graines de sésame* 3%, sel de mer, levure, extrait de malt d'orge*, herbes de Provence*. *Ingrédients issus de l'agriculture biologique. Fabriqué en Allemagne., Valeur énergétique en Joules :  1639kj, Valeur énergétique en Kcal : 390kcal, Glucides : 53g, Lipides : 10g, Protides :16g, A conserver dans un endroit frais et sec, à l'abri de la lumière.]|"
16,95€ / Kg"|"
3,39 €"
526|Toasts croustillants saveur mozzarella et tomate, issus de l'agriculture biologique|Le sachet de 200g|[Origine : FRANCE, Biscuits croustillants saveur mozzarella et tomate, issus de l'agriculture biologique., Farine de blé complet* 64%, mozzarella râpée* 7% (lait pasteurisé*, ferments lactiques, sel, présure, amidon de maïs*), emmental* 7%, flocons de tomate* 6%, graines de lin* 5%, graines de sésame* 3%, sel de mer, levure, extrait de malt d'orge*, herbes de Provence*. *Ingrédients issus de l'agriculture biologique. Fabriqué en Allemagne., Valeur énergétique en Joules :  1639kj, Valeur énergétique en Kcal : 390kcal, Glucides : 53g, Lipides : 10g, Protides :16g, A conserver dans un endroit frais et sec, à l'abri de la lumière.]|"
16,95€ / Kg"|"
3,39 €"
527|Vollkornbrot, pain de seigle complet égrugé tranché, certifié AB|Le paquet de 500g|[Origine : ALLEMAGNE, Riche en fibres. Origine Allemagne. Levain de seigle., Levain* 34% (seigle complet égrugé* 20%, eau), seigle complet égrugé* 33%, eau, extrait de malt d'orge*, sel, levure. Présence possible de sésame. *ingrédients issus de l'agriculture biologique., Valeur énergétique en Joules :  894Kj, Valeur énergétique en Kcal : 212Kcal, Glucides : 40g, Lipides : 1,3g, Protides :5,5g, A conserver dans un endroit sec et frais, à l'abri de la lumière.]|"
4,68€ / Kg"|"
2,34 €"
528|Vollkornbrot, pain de seigle complet égrugé tranché, certifié AB|Le paquet de 500g|[Origine : ALLEMAGNE, Riche en fibres. Origine Allemagne. Levain de seigle., Levain* 34% (seigle complet égrugé* 20%, eau), seigle complet égrugé* 33%, eau, extrait de malt d'orge*, sel, levure. Présence possible de sésame. *ingrédients issus de l'agriculture biologique., Valeur énergétique en Joules :  894Kj, Valeur énergétique en Kcal : 212Kcal, Glucides : 40g, Lipides : 1,3g, Protides :5,5g, A conserver dans un endroit sec et frais, à l'abri de la lumière.]|"
4,68€ / Kg"|"
2,34 €"
529|Fines galettes au chocolat noir, certifié AB|Le paquet de 90g|[Origine : FRANCE, Découvrez notre fine galette de riz, nappée de chocolat noir. Elle est élaborée avec du riz complet et est naturellement riche en fibres et en magnésium., *Chocolat noir 59%, (*pâte de cacao, *sucre de canne roux, *beurre de cacao), *riz complet 41%. *100% des ingrédients d'origine agricole ont été obtenus selon les règles de la production biologique. Sans gluten., Valeur énergétique en Joules :  2005Kj, Valeur énergétique en Kcal : 479Kcal, Glucides : 59,2g, Lipides : 23,3g, Protides :8g, A conserver dans un endroit frais et sec.]|"
25,89€ / Kg"|"
2,33 €"
530|Fines galettes au chocolat noir, certifié AB|Le paquet de 90g|[Origine : FRANCE, Découvrez notre fine galette de riz, nappée de chocolat noir. Elle est élaborée avec du riz complet et est naturellement riche en fibres et en magnésium., *Chocolat noir 59%, (*pâte de cacao, *sucre de canne roux, *beurre de cacao), *riz complet 41%. *100% des ingrédients d'origine agricole ont été obtenus selon les règles de la production biologique. Sans gluten., Valeur énergétique en Joules :  2005Kj, Valeur énergétique en Kcal : 479Kcal, Glucides : 59,2g, Lipides : 23,3g, Protides :8g, A conserver dans un endroit frais et sec.]|"
25,89€ / Kg"|"
2,33 €"
531|Fines galettes de riz|Le paquet de 130g|[Origine : FRANCE, Laissez-vous tenter par la légèreté des Fines Galettes de Riz Bjorg. Elle n'apportent que 20 kcal, et sont source de fibres.D'une extrême finesse, ces galettes se dégustent nature ou tartinées, pour un plaisir salé ou sucré., Riz complet* (99,8%), sel marin. *100% des ingrédients d'origine agricole ont été obtenus selon les règles de la production biologique. Sans gluten., Valeur énergétique en Joules :  1590kj, Valeur énergétique en Kcal : 350kcal, Glucides : 80,4g, Lipides : 3,1g, Protides :7,6g, A conserver dans un endroit frais et sec.]|"
15,46€ / Kg"|"
2,01 €"
532|Fines galettes de riz|Le paquet de 130g|[Origine : FRANCE, Laissez-vous tenter par la légèreté des Fines Galettes de Riz Bjorg. Elle n'apportent que 20 kcal, et sont source de fibres.D'une extrême finesse, ces galettes se dégustent nature ou tartinées, pour un plaisir salé ou sucré., Riz complet* (99,8%), sel marin. *100% des ingrédients d'origine agricole ont été obtenus selon les règles de la production biologique. Sans gluten., Valeur énergétique en Joules :  1590kj, Valeur énergétique en Kcal : 350kcal, Glucides : 80,4g, Lipides : 3,1g, Protides :7,6g, A conserver dans un endroit frais et sec.]|"
15,46€ / Kg"|"
2,01 €"
533|Galette riz complet au sésame bio x17|Le paquet de 130g|[Origine : FRANCE, Nos galettes de riz complet au sésame sont source de fibres.D'une texture légère, elle contiennent 25 kcal par galette. Appréciez leur texture croustillante et l'alliance subtile du riz complet et des graines de sésame., *Riz complet (94.6%), *sésame (4.8%), sel. *Ingrédients issus de l'agriculture biologique. Naturellement sans gluten., Valeur énergétique en Joules :  1560Kj, Valeur énergétique en Kcal : 373KCal, Glucides : 78g, Lipides : 3,2g, Protides :8g, A conserver dans un endroit frais et sec et/ ou dans une boite hermétique. En cas d'oubli, passer les galettes au four quelques instants : elles retrouveront tout leur croquant !]|"
12,23€ / Kg"|"
1,59 €"
534|Galette riz complet au sésame bio x17|Le paquet de 130g|[Origine : FRANCE, Nos galettes de riz complet au sésame sont source de fibres.D'une texture légère, elle contiennent 25 kcal par galette. Appréciez leur texture croustillante et l'alliance subtile du riz complet et des graines de sésame., *Riz complet (94.6%), *sésame (4.8%), sel. *Ingrédients issus de l'agriculture biologique. Naturellement sans gluten., Valeur énergétique en Joules :  1560Kj, Valeur énergétique en Kcal : 373KCal, Glucides : 78g, Lipides : 3,2g, Protides :8g, A conserver dans un endroit frais et sec et/ ou dans une boite hermétique. En cas d'oubli, passer les galettes au four quelques instants : elles retrouveront tout leur croquant !]|"
12,23€ / Kg"|"
1,59 €"
535|Galettes, riz, maïs et graines|Le paquet de 130g|[Origine : BELGIQUE, Découvrez le mélange délicat du riz et du maïs associé au croquant des graines de lin et de tournesol. Nos galettes de riz, maïs & graines sont élaborés à partir de riz complet et de graines issues de l'agriculture biologique. Naturellement source defibres, nos galettes ne contiennent pas de gluten., *Riz complet (62%), *MaÕs (30%), *graines de lin (6%), *graines de tournesol (1,5%), sel marin, Valeur énergétique en Joules :  1630kj, Valeur énergétique en Kcal : 390kcal, Glucides : 73,7g, Lipides : 5g, Protides :8,1g, A conserver dans un endroit frais et sec. Après ouverture, à conserver dans une boite hermétique. En cas d'oubli, passer les galettes au four quelques instants : elles retrouveront tout leur croquant.]|"
16,54€ / L"|"
2,15 €"
536|Galettes, riz, maïs et graines|Le paquet de 130g|[Origine : BELGIQUE, Découvrez le mélange délicat du riz et du maïs associé au croquant des graines de lin et de tournesol. Nos galettes de riz, maïs & graines sont élaborés à partir de riz complet et de graines issues de l'agriculture biologique. Naturellement source defibres, nos galettes ne contiennent pas de gluten., *Riz complet (62%), *MaÕs (30%), *graines de lin (6%), *graines de tournesol (1,5%), sel marin, Valeur énergétique en Joules :  1630kj, Valeur énergétique en Kcal : 390kcal, Glucides : 73,7g, Lipides : 5g, Protides :8,1g, A conserver dans un endroit frais et sec. Après ouverture, à conserver dans une boite hermétique. En cas d'oubli, passer les galettes au four quelques instants : elles retrouveront tout leur croquant.]|"
16,54€ / L"|"
2,15 €"
537|Galettes 4 céréales extra fines, Agriculture biologique|Le paquet de 130g|[Origine : FRANCE, Les Galettes 4 Céréales Extra-Fines Bjorg sont élaborées à base de 4 céréales complètes (riz, froment, millet et sarrasin) 100% biologiques* . Avec leur texture légère, elles sont peu caloriques, seulement 17 kcal par galette. Les Galettes 4 CéréalesExtra-Fines Bjorg sont sources de fibres, éléments essentiels au bon fonctionnement de notre organisme, et de protéines végétales, nécessaires à la construction et à l'entretien de notre corps., *Riz complet (61,2%), *froment complet (30,6%), *millet complet (4,3%), *sarrasin complet (3,3%), sel. * 100% de singrédients d'origine agricole ont été obtenus selon les règles de la production biologique., Valeur énergétique en Joules :  1552Kj, Valeur énergétique en Kcal : 366Kcal, Glucides : 75g, Lipides : 2,9g, Protides :10g, A conserver dans un endroit sec, à l'abri de l'humidité et/ ou dans une boite hermétique. En cas d'oubli, passer les galettes au four quelques instants : elles retrouveront tout leur croquant !]|"
12,77€ / Kg"|"
1,66 €"
538|Galettes 4 céréales extra fines, Agriculture biologique|Le paquet de 130g|[Origine : FRANCE, Les Galettes 4 Céréales Extra-Fines Bjorg sont élaborées à base de 4 céréales complètes (riz, froment, millet et sarrasin) 100% biologiques* . Avec leur texture légère, elles sont peu caloriques, seulement 17 kcal par galette. Les Galettes 4 CéréalesExtra-Fines Bjorg sont sources de fibres, éléments essentiels au bon fonctionnement de notre organisme, et de protéines végétales, nécessaires à la construction et à l'entretien de notre corps., *Riz complet (61,2%), *froment complet (30,6%), *millet complet (4,3%), *sarrasin complet (3,3%), sel. * 100% de singrédients d'origine agricole ont été obtenus selon les règles de la production biologique., Valeur énergétique en Joules :  1552Kj, Valeur énergétique en Kcal : 366Kcal, Glucides : 75g, Lipides : 2,9g, Protides :10g, A conserver dans un endroit sec, à l'abri de l'humidité et/ ou dans une boite hermétique. En cas d'oubli, passer les galettes au four quelques instants : elles retrouveront tout leur croquant !]|"
12,77€ / Kg"|"
1,66 €"
539|Galettes aux 4 céréales|Le paquet de 17 galettes|[Origine : FRANCE, Nos galettes 4 céréales Bjorg, élaborées à base de 4 céréales complètes (riz, froment, millet et sarrasin), ont une texture légère. Elles sont riches en fibres.Pionnier du bio Bjorg s'engage depuis 20 ans pour la Bio-Nutrition : une alimentation biologique dont les ingrédients ont été choisis et associés pour leurs qualités nutritionnelles., Elles peuvent être dégustées lors de tous vos repas. Passer les galettes au four quelques instants : elles retrouveront tout leur croquant !, *Riz complet (61,2%), *froment complet (30,6%), *millet complet (4.3%), *sarrasin complet (3,3%), sel. 100% des ingrédients d'origine agricole ont été obtenus selon les règles de la production biologique. Convient aux végétariens et aux végétaliens., Valeur énergétique en Joules :  1552, Valeur énergétique en Kcal : 370,8, Glucides : 75, Lipides : 2,9, Protides :10, A conserver dans un endroit frais et sec et/ou dans une boîte hermétique.]|"
10,85€ / Kg"|"
1,41 €"
540|Galettes aux 4 céréales|Le paquet de 17 galettes|[Origine : FRANCE, Nos galettes 4 céréales Bjorg, élaborées à base de 4 céréales complètes (riz, froment, millet et sarrasin), ont une texture légère. Elles sont riches en fibres.Pionnier du bio Bjorg s'engage depuis 20 ans pour la Bio-Nutrition : une alimentation biologique dont les ingrédients ont été choisis et associés pour leurs qualités nutritionnelles., Elles peuvent être dégustées lors de tous vos repas. Passer les galettes au four quelques instants : elles retrouveront tout leur croquant !, *Riz complet (61,2%), *froment complet (30,6%), *millet complet (4.3%), *sarrasin complet (3,3%), sel. 100% des ingrédients d'origine agricole ont été obtenus selon les règles de la production biologique. Convient aux végétariens et aux végétaliens., Valeur énergétique en Joules :  1552, Valeur énergétique en Kcal : 370,8, Glucides : 75, Lipides : 2,9, Protides :10, A conserver dans un endroit frais et sec et/ou dans une boîte hermétique.]|"
10,85€ / Kg"|"
1,41 €"
541|Galettes chocolat noir coco|Le paquet de 90g|[Origine : FRANCE, Découvrez notre fine galette de riz, nappée de chocolat noir et délicatement saupoudrée de noix de coco.Alliez plaisir gourmand et bienfaits nutritionnels avec cette galette biologique, naturellement riche en fibres et source de magnésium., *Chocolat noir (53%) (*pâte de cacao, *sucre de canne, *beurre de cacao), *riz complet (41%), *noix de coco (6%). *100% des ingrédients d'origine agricole ont été obtenus selon les règles de la production biologique. Sans gluten., Valeur énergétique en Joules :  2020kj, Valeur énergétique en Kcal : 485kcal, Glucides : 56,5g, Lipides : 25,8g, Protides :6,3g, A conserver à l'abri de la chaleur et de l'humidité.]|"
37,44€ / Kg"|"
3,37 €"
542|Galettes chocolat noir coco|Le paquet de 90g|[Origine : FRANCE, Découvrez notre fine galette de riz, nappée de chocolat noir et délicatement saupoudrée de noix de coco.Alliez plaisir gourmand et bienfaits nutritionnels avec cette galette biologique, naturellement riche en fibres et source de magnésium., *Chocolat noir (53%) (*pâte de cacao, *sucre de canne, *beurre de cacao), *riz complet (41%), *noix de coco (6%). *100% des ingrédients d'origine agricole ont été obtenus selon les règles de la production biologique. Sans gluten., Valeur énergétique en Joules :  2020kj, Valeur énergétique en Kcal : 485kcal, Glucides : 56,5g, Lipides : 25,8g, Protides :6,3g, A conserver à l'abri de la chaleur et de l'humidité.]|"
37,44€ / Kg"|"
3,37 €"
543|Galettes de maïs au chocolat au lait|Le paquet de 100g|[Origine : FRANCE, Découvrez nos délicieuses galettes de maïs recouvertes d'une couche onctueuse de chocolat au lait gourmand. Appréciez leur texture légère et leur bon goût de maïs soufflé., *Chocolat au lait (60%) (*sucre, *beurre de cacao, *lait entier en poudre, *pâte de cacao, émulsifiant : lécithine de soja), *maïs (28%), *maïs extrudé. *99% des ingrédients d'origine agricole ont été obtenus selon les règles de la production biologique. Sans gluten., Valeur énergétique en Joules :  2030kj, Valeur énergétique en Kcal : 480kcal, Glucides : 66g, Lipides : 21g, Protides :6,5g, A conserver à l'abri de la chaleur et de l'humidité.]|"
35,10€ / Kg"|"
3,51 €"
544|Galettes de maïs au chocolat au lait|Le paquet de 100g|[Origine : FRANCE, Découvrez nos délicieuses galettes de maïs recouvertes d'une couche onctueuse de chocolat au lait gourmand. Appréciez leur texture légère et leur bon goût de maïs soufflé., *Chocolat au lait (60%) (*sucre, *beurre de cacao, *lait entier en poudre, *pâte de cacao, émulsifiant : lécithine de soja), *maïs (28%), *maïs extrudé. *99% des ingrédients d'origine agricole ont été obtenus selon les règles de la production biologique. Sans gluten., Valeur énergétique en Joules :  2030kj, Valeur énergétique en Kcal : 480kcal, Glucides : 66g, Lipides : 21g, Protides :6,5g, A conserver à l'abri de la chaleur et de l'humidité.]|"
35,10€ / Kg"|"
3,51 €"
545|Galettes de Mais au chocolat noir|Le paquet de 95g|[Origine : FRANCE, Savourez l'alliance de leur chocolat noir fondant et de leur texture légère au bon goût des maïs soufflé. Naturellement source de fibres et source de magnésium., Chocolat noir* (57%) (sucre* canne, *beurre de cacao, *cacao, *poudre de cacao d{graiss{, {mulsifiant : l{cithine de soja, arôme naturel de vanille) *maïs (43%). *99,9% des ingr{dients d'origine agricole ont {t{ obtenus selon les r{gles de la production biologique., Valeur énergétique en Joules :  1981kj, Valeur énergétique en Kcal : 473kcal, Glucides : 66,1g, Lipides : 19,4g, Protides :5,9g, A conserver à l'abri de la chaleur et de l'humidité.]|"
34,84€ / Kg"|"
3,31 €"
546|Galettes de Mais au chocolat noir|Le paquet de 95g|[Origine : FRANCE, Savourez l'alliance de leur chocolat noir fondant et de leur texture légère au bon goût des maïs soufflé. Naturellement source de fibres et source de magnésium., Chocolat noir* (57%) (sucre* canne, *beurre de cacao, *cacao, *poudre de cacao d{graiss{, {mulsifiant : l{cithine de soja, arôme naturel de vanille) *maïs (43%). *99,9% des ingr{dients d'origine agricole ont {t{ obtenus selon les r{gles de la production biologique., Valeur énergétique en Joules :  1981kj, Valeur énergétique en Kcal : 473kcal, Glucides : 66,1g, Lipides : 19,4g, Protides :5,9g, A conserver à l'abri de la chaleur et de l'humidité.]|"
34,84€ / Kg"|"
3,31 €"
547|Galettes de maïs extra-fines|Le paquet de 130g|[Origine : FRANCE, D'une texture légère, nos galettes de maïs sont riches en fibres. Appréciez leur belle couleur dorée et leur bon goût de maïs soufflé., *Maïs (99,4%), sel. *ingrédient d'origine agricole obtenu selon les règles de la production biologique., Valeur énergétique en Joules :  1420Kj, Valeur énergétique en Kcal : 340Kcal, Glucides : 74,3g, Lipides : 4,1g, Protides :12,7g, A conserver dans un endroit frais et sec et/ou dans une boîte hermétique. En cas d'oubli, passer les galettes au four quelques instants : elles retrouveront tout leur croquant.]|"
12,31€ / Kg"|"
1,60 €"
548|Galettes de maïs extra-fines|Le paquet de 130g|[Origine : FRANCE, D'une texture légère, nos galettes de maïs sont riches en fibres. Appréciez leur belle couleur dorée et leur bon goût de maïs soufflé., *Maïs (99,4%), sel. *ingrédient d'origine agricole obtenu selon les règles de la production biologique., Valeur énergétique en Joules :  1420Kj, Valeur énergétique en Kcal : 340Kcal, Glucides : 74,3g, Lipides : 4,1g, Protides :12,7g, A conserver dans un endroit frais et sec et/ou dans une boîte hermétique. En cas d'oubli, passer les galettes au four quelques instants : elles retrouveront tout leur croquant.]|"
12,31€ / Kg"|"
1,60 €"
549|Galettes de riz chocolat aunlait bio|Le paquet de 90g|[Origine : BELGIQUE, Découvrez nos fines galettes de riz, nappées de chocolat au lait. Alliez plaisir gourmand et bienfaits nutritionnels avec ces galettes issues de lagriculture biologique, naturellement source de fibres., Ces galettes conviennent à un régime sans gluten., Chocolat au lait*(59%)(sucre de canne*, beurre de cacao*, lait entier en poudre*, pÇte de cacao*), riz complet*(41%), Valeur énergétique en Joules :  2070, Valeur énergétique en Kcal : 490, Glucides : 62.5, Lipides : 23, Protides :7.8, A conserver dans un endroit frais et sec.]|"
34,44€ / Kg"|"
3,10 €"
550|Galettes de riz chocolat aunlait bio|Le paquet de 90g|[Origine : BELGIQUE, Découvrez nos fines galettes de riz, nappées de chocolat au lait. Alliez plaisir gourmand et bienfaits nutritionnels avec ces galettes issues de lagriculture biologique, naturellement source de fibres., Ces galettes conviennent à un régime sans gluten., Chocolat au lait*(59%)(sucre de canne*, beurre de cacao*, lait entier en poudre*, pÇte de cacao*), riz complet*(41%), Valeur énergétique en Joules :  2070, Valeur énergétique en Kcal : 490, Glucides : 62.5, Lipides : 23, Protides :7.8, A conserver dans un endroit frais et sec.]|"
34,44€ / Kg"|"
3,10 €"
551|Galettes de riz complet, certifié AB|Le paquet de 130g|[Origine : FRANCE, Nos galettes de riz complet sont source de fibres avec une texture légère.Pionnier du bio Bjorg s'engage depuis 20 ans pour la Bio-Nutrition : une alimentation biologique dont les ingrédients ont été choisis et associés pour leurs qualités nutritionnelles., Elles peuvent être dégustées lors de tous vos repas. Passer les galettes au four quelques instants : elles retrouveront tout leur croquant !, *Riz complet (99,7%), sel. *ingrédient d'origine agricole obtenu selon les règles de la production biologique. Sans gluten., Valeur énergétique en Joules :  1557, Valeur énergétique en Kcal : 372, Glucides : 78,7, Lipides : 2,8, Protides :8, A conserver dans un endroit frais et sec et/ou dans une boîte hermétique.]|"
10,85€ / Kg"|"
1,41 €"
552|Galettes de riz complet, certifié AB|Le paquet de 130g|[Origine : FRANCE, Nos galettes de riz complet sont source de fibres avec une texture légère.Pionnier du bio Bjorg s'engage depuis 20 ans pour la Bio-Nutrition : une alimentation biologique dont les ingrédients ont été choisis et associés pour leurs qualités nutritionnelles., Elles peuvent être dégustées lors de tous vos repas. Passer les galettes au four quelques instants : elles retrouveront tout leur croquant !, *Riz complet (99,7%), sel. *ingrédient d'origine agricole obtenu selon les règles de la production biologique. Sans gluten., Valeur énergétique en Joules :  1557, Valeur énergétique en Kcal : 372, Glucides : 78,7, Lipides : 2,8, Protides :8, A conserver dans un endroit frais et sec et/ou dans une boîte hermétique.]|"
10,85€ / Kg"|"
1,41 €"
553|Galettes épeautre, son d'avoine Bio|Le paquet de 130g|[Origine : BELGIQUE, Découvrez nos délicieuses galettes biologiques à base d'épeautre, de riz complet, d'avoine et de son d'avoine.Appréciez leur texture croustillante et légère, et leur goût de céréales riches en fibres. Pionnier du bio, Bjorg s'engage depuis 20 ans pour la bio-nutrition : une alimentation biologique dont les ingrédients ont été choisis et associés pour leurs qualités nutritionnelles., *Epeautre complet (57%), * riz complet (20%), *son d'avoine (13%), *avoine (10%), sel marin. *100% des ingrédients d'origine agricole ont été obtenus selon les règle de la production biologique., Valeur énergétique en Joules :  1530Kj, Valeur énergétique en Kcal : 360Kcal, Glucides : 62g, Lipides : 4g, Protides :15g, A conserver dans un endroit frais et sec et/ou dans une boîte hermétique. En cas d'oubli, passer les galettes au four quelques instants : elles retrouveront tout leur croquant !]|"
13,54€ / Kg"|"
1,76 €"
554|Galettes épeautre, son d'avoine Bio|Le paquet de 130g|[Origine : BELGIQUE, Découvrez nos délicieuses galettes biologiques à base d'épeautre, de riz complet, d'avoine et de son d'avoine.Appréciez leur texture croustillante et légère, et leur goût de céréales riches en fibres. Pionnier du bio, Bjorg s'engage depuis 20 ans pour la bio-nutrition : une alimentation biologique dont les ingrédients ont été choisis et associés pour leurs qualités nutritionnelles., *Epeautre complet (57%), * riz complet (20%), *son d'avoine (13%), *avoine (10%), sel marin. *100% des ingrédients d'origine agricole ont été obtenus selon les règle de la production biologique., Valeur énergétique en Joules :  1530Kj, Valeur énergétique en Kcal : 360Kcal, Glucides : 62g, Lipides : 4g, Protides :15g, A conserver dans un endroit frais et sec et/ou dans une boîte hermétique. En cas d'oubli, passer les galettes au four quelques instants : elles retrouveront tout leur croquant !]|"
13,54€ / Kg"|"
1,76 €"
555|Pain complet aux 3 céréales, certifié AB|Le paquet de 500g|[Origine : ALLEMAGNE, Notre pain complet 3 céréales a été réalisé à partir de farine complète de seigle, de flocons d'avoine et de flocon d'orge. Fibres, magnésium, phosphore.Il est ainsi naturellement riche en fibres et sources de magnésium et de phosphore, et permet deconcilier bienfaits nutritionnels et plaisir., Idéal lors du repas ou du goûter, il peut être dégusté nature ou accompagné d'un produit salé tel que du fromage., *Céréales (60.2%) (*farine complète de seigle (54%), *flocons d'avoine (3.1%), *flocons d'orge (3.1%)), eau, *graines de lin, *graines de sésame, sel marin, levure. *100% des ingrédients d'origine agricole ont été obtenus selon les règles de la production biologique., Valeur énergétique en Joules :  743, Valeur énergétique en Kcal : 177,5, Glucides : 33,5, Lipides : 2,3, Protides :5,2, Après ouverture, se conserve 5 à 6 jours dans une boîte hermétique si possible au réfrigérateur.]|"
5,20€ / Kg"|"
2,60 €"
556|Pain complet aux 3 céréales, certifié AB|Le paquet de 500g|[Origine : ALLEMAGNE, Notre pain complet 3 céréales a été réalisé à partir de farine complète de seigle, de flocons d'avoine et de flocon d'orge. Fibres, magnésium, phosphore.Il est ainsi naturellement riche en fibres et sources de magnésium et de phosphore, et permet deconcilier bienfaits nutritionnels et plaisir., Idéal lors du repas ou du goûter, il peut être dégusté nature ou accompagné d'un produit salé tel que du fromage., *Céréales (60.2%) (*farine complète de seigle (54%), *flocons d'avoine (3.1%), *flocons d'orge (3.1%)), eau, *graines de lin, *graines de sésame, sel marin, levure. *100% des ingrédients d'origine agricole ont été obtenus selon les règles de la production biologique., Valeur énergétique en Joules :  743, Valeur énergétique en Kcal : 177,5, Glucides : 33,5, Lipides : 2,3, Protides :5,2, Après ouverture, se conserve 5 à 6 jours dans une boîte hermétique si possible au réfrigérateur.]|"
5,20€ / Kg"|"
2,60 €"
557|Pain complet avoine et son d'avoine bio|Le paquet de 500g|[Origine : ALLEMAGNE, Notre pain complet à l'avoine et au son d'avoine permet de concilier bienfaits nutritionnels et plaisir avec sa texture moelleuse t son goût léger., Le pain complet est encore meilleur lorsqu'il est passé au grille-pain. Pour préserver la texture des tranches, utiliser un couteau pour les sortir., Céréales* (grains complets de seigle* (36%), avoine* (20%) (grains d'avoine entiers*, flocons d'avoine entiers*)), eau, son d'avoine* (3%), graines de tournesol*, sel de mer. *100% des ingrédients d'origine agricole ont été obtenus selon les règles de la production biologique., Valeur énergétique en Joules :  875kj, Valeur énergétique en Kcal : 208kcal, Glucides : 32,5g, Lipides : 3,9g, Protides :6,5g, A consommer rapidement après ouverture et à conserver dans une boîte hermétique, si possible au réfrigérateur.]|"
5,66€ / Kg"|"
2,83 €"
558|Pain complet de seigle, certifié AB|Le paquet de 500g|[Origine : FRANCE, Pain Complet de Seigle. Le Pain Complet de Seigle Bjorg, 100% biologique*, a un goût et une texture unique. Idéal lors du repas ou du goûter, il peut être dégusté nature ou bien accompagné d'un produit salé tel que du fromage. Naturellement source defibres et de magnésium, éléments essentiels au bon fonctionnement de notre corps, le Pain Complet de Seigle Bjorg permet de concilier bienfaits nutritionnels et plaisir., *Farine complète de seigle (56%), eau, sel marin, levure. *100% des ingrédients d'origine agricole ont été obtenus selon les règles de la production biologique., Valeur énergétique en Joules :  749Kj, Valeur énergétique en Kcal : 177Kcal, Glucides : 36,7g, Lipides : 13g, Protides :4,5g, Après ouverture, se conserve 5-6 jours dans une boîte hermétique si possible au réfrigérateur.]|"
6,28€ / Kg"|"
3,14 €"
559|Pain complet de seigle, certifié AB|Le paquet de 500g|[Origine : FRANCE, Pain Complet de Seigle. Le Pain Complet de Seigle Bjorg, 100% biologique*, a un goût et une texture unique. Idéal lors du repas ou du goûter, il peut être dégusté nature ou bien accompagné d'un produit salé tel que du fromage. Naturellement source defibres et de magnésium, éléments essentiels au bon fonctionnement de notre corps, le Pain Complet de Seigle Bjorg permet de concilier bienfaits nutritionnels et plaisir., *Farine complète de seigle (56%), eau, sel marin, levure. *100% des ingrédients d'origine agricole ont été obtenus selon les règles de la production biologique., Valeur énergétique en Joules :  749Kj, Valeur énergétique en Kcal : 177Kcal, Glucides : 36,7g, Lipides : 13g, Protides :4,5g, Après ouverture, se conserve 5-6 jours dans une boîte hermétique si possible au réfrigérateur.]|"
6,28€ / Kg"|"
3,14 €"
560|Pain grillé|La boîte de 250g|[Origine : FRANCE, Le pain grillé Bio Campanel est un savoureux mélange de farine de blé et de farine de seigle, qui lui donne cette saveur originale.Nature, légèrement beurré, ou comme base de toast salé ou sucré, le pain grillé Bio Campanel se consomme à tout momentde la journée., Farine de froment*, Farine de seigle*, levain de blé* dévitalisé, graisse de palme non hydrogénée*, extrait de malt d'orge*, sel de Guérande, levure de boulanger, émulsifiant : lécithine de colza, agent de traitement de la farine : acide ascorbique.*ingrédients agricoles issus de l'agriculture biologique. Fabriqué dans un atelier qui utilise du lait, du soja, du sésame et de l'oeuf., Refermer l'étui après ouverture pour une conservation optimale du produit. A conserver à l'abri de la chaleur et de l'humidité.]|"
7,36€ / Kg"|"
1,84 €"
561|Pain grillé|La boîte de 250g|[Origine : FRANCE, Le pain grillé Bio Campanel est un savoureux mélange de farine de blé et de farine de seigle, qui lui donne cette saveur originale.Nature, légèrement beurré, ou comme base de toast salé ou sucré, le pain grillé Bio Campanel se consomme à tout momentde la journée., Farine de froment*, Farine de seigle*, levain de blé* dévitalisé, graisse de palme non hydrogénée*, extrait de malt d'orge*, sel de Guérande, levure de boulanger, émulsifiant : lécithine de colza, agent de traitement de la farine : acide ascorbique.*ingrédients agricoles issus de l'agriculture biologique. Fabriqué dans un atelier qui utilise du lait, du soja, du sésame et de l'oeuf., Refermer l'étui après ouverture pour une conservation optimale du produit. A conserver à l'abri de la chaleur et de l'humidité.]|"
7,36€ / Kg"|"
1,84 €"
562|Fines galettes 2 fromages|Le paquet de 2 galettes|[Origine : FRANCE, Valeur énergétique en Joules :  851kj, Valeur énergétique en Kcal : 203kcal, Glucides : 26g, Lipides : 6,1g, Protides :8,2g]|"
18,00€ / Kg"|"
3,24 €"
563|Fines galettes à la provençale|Le paquet de 2 galettes|[Origine : FRANCE, Cuisinée avec des céréales complètes riches en fibres, des tomates et des herbes de Provence, ces galettes fines et moelleuses ensoleilleront vos repas., Flocons de blé réhydratés*, riz rond complet cuit*, tomates*, farine de blé complet*, huile de tournesol désodorisée*, ail*, basilic*, persil*, sel de mer, herbes de Provence*. Préparé avec 107,2 g de céréales complètes pour 100 g de produit fini. *Ingrédients issus de l'agriculture biologique. Fabriqué dans un atelier qui utilise sésame, fruits à coque, oeuf, moutarde, céleri et produit laitiers.]|"
17,11€ / Kg"|"
3,08 €"
564|Galettes orge & boulghour au chèvre & miel|Le paquet de 2 galettes|[Origine : FRANCE, Valeur énergétique en Joules :  920kj, Valeur énergétique en Kcal : 220kcal, Glucides : 24g, Lipides : 10g, Protides :5,4g]|"
16,20€ / Kg"|"
3,24 €"
565|4 pains burgers bio classique|le paquet de 220g|[Origine : FRANCE, Farine de blé*, eau, sucre de canne roux*, graines de lin* (4,3%), huile de colza*, agent d'enrobage : gomme de guar, levure, gluten de blé*, sel, arôme. Farine de blé français. Traces possibles de soja, oeuf, lait, sésame, lupin et moutarde.]|"
8,65€ / Kg"|##
566|Pain de mie nature complet, certifié AB|Le paquet de 500g|[Origine : FRANCE, Farine de froment T65*, eau, son de blé* tendre, huile de palme*, sucre de canne* roux, levure de boulanger, vinaigre de cidre*, gluten*, sel, malt d'orge*.    *100% des ingrédients d'origine agricole ont été obtenus selon les règles de la productionbiologique., Valeur énergétique en Joules :  1210kj, Valeur énergétique en Kcal : 289KCal, Glucides : 52,4g, Lipides : 5,3g, Protides :7,4g]|"
5,20€ / Kg"|"
2,60 €"
567|Pain de mie nature complet, certifié AB|Le paquet de 500g|[Origine : FRANCE, Farine de froment T65*, eau, son de blé* tendre, huile de palme*, sucre de canne* roux, levure de boulanger, vinaigre de cidre*, gluten*, sel, malt d'orge*.    *100% des ingrédients d'origine agricole ont été obtenus selon les règles de la productionbiologique., Valeur énergétique en Joules :  1210kj, Valeur énergétique en Kcal : 289KCal, Glucides : 52,4g, Lipides : 5,3g, Protides :7,4g]|"
5,20€ / Kg"|"
2,60 €"
568|Pains au lait, certifié AB|Le paquet de 280g|[Origine : FRANCE, Traces eventuelles de soja, arachide et fruits à coques., Valeur énergétique en Joules :  1473kj, Valeur énergétique en Kcal : 350kcal, Glucides : 50g, Lipides : 12g, Protides :8,9g]|"
7,25€ / Kg"|"
2,03 €"
569|Pains au lait, certifié AB|Le paquet de 280g|[Origine : FRANCE, Traces eventuelles de soja, arachide et fruits à coques., Valeur énergétique en Joules :  1473kj, Valeur énergétique en Kcal : 350kcal, Glucides : 50g, Lipides : 12g, Protides :8,9g]|"
7,25€ / Kg"|"
2,03 €"
570|Pain au levain bio, tranché et emballé|Le pain de 370g|[Origine : FRANCE]|"
9,32€ / Kg"|"
3,45 €"
571|Pain au levain bio, tranché et emballé|Le pain de 370g|[Origine : FRANCE]|"
9,32€ / Kg"|"
3,45 €"
572|Pain au seigle bio, tranché et emballé|Le pain de 370g|[Origine : FRANCE]|"
9,32€ / Kg"|"
3,45 €"
573|Pain au seigle bio, tranché et emballé|Le pain de 370g|[Origine : FRANCE]|"
9,32€ / Kg"|"
3,45 €"
574|Pain aux céréales bio, tranché et emballé|Le pain de 370g|[Origine : FRANCE]|"
9,32€ / Kg"|"
3,45 €"
575|Pain aux céréales bio, tranché et emballé|Le pain de 370g|[Origine : FRANCE]|"
9,32€ / Kg"|"
3,45 €"
576|Pain intégral bio, tranché et emballé|Le pain de 370g|[Origine : FRANCE]|"
9,32€ / Kg"|"
3,45 €"
577|Pain intégral bio, tranché et emballé|Le pain de 370g|[Origine : FRANCE]|"
9,32€ / Kg"|"
3,45 €"
578|Pain St Jean bio, emballé|Le pain de 370g|[Origine : FRANCE]|"
9,32€ / Kg"|"
3,45 €"
579|Pain St Jean bio, emballé|Le pain de 370g|[Origine : FRANCE]|"
9,32€ / Kg"|"
3,45 €"
580|Quart de tourte bio|La pièce de 425g|[Origine : FRANCE]|"
8,00€ / Kg"|"
3,40 €"
581|Quart de tourte bio|La pièce de 425g|[Origine : FRANCE]|"
8,00€ / Kg"|"
3,40 €"
582|Barres gourmandes à l'abricot-chocolat et amande petit épeautre|Le paquet de 3, 120g|[Origine : FRANCE, Monoprix a sélectionné pour vous, avec des entreprises partenaires, des produits issus de l'agriculture biologique.Leurs modes de production et de transformation sont contrôlés et certifiés par un organisme indépendant conformément à la réglementation en vigueur. Les producteurs emploient des fertilisants respectueux de l'environnement et pratiquent la rotation des cultures afin de garder des sols vivants et une fertilité durable., Billettes de céréales* 18% (riz*, farine de blé*, avoine*, sucre de canne*, sirop de malt d'orge*, sel de mer), sirop de blé*, abricot sec* 12% (abricot*, farine de riz*), raisin sec* (raisin sultanine*, huile végétale de tournesol*), amande* 12%, chocolat noir* 12% (pâte de cacao*, sucre de canne*, beurre de cacao*), petit épeautre* 7,9%, miel*, stabilisant : gomme d'acacia*, sucre roux de canne*, arôme naturel. Présence possible de soja, oeuf, lait, sésame. *Ingrédients issus de l'agriculturebiologique., Valeur énergétique en Joules :  1754kj, Valeur énergétique en Kcal : 417kcal, Glucides : 66g, Lipides : 13g, Protides :6,5g, A conserver dans un endroit frais et sec.]|"
23,58€ / L"|"
2,83 €"
583|Barres gourmandes à l'abricot-chocolat et amande petit épeautre|Le paquet de 3, 120g|[Origine : FRANCE, Monoprix a sélectionné pour vous, avec des entreprises partenaires, des produits issus de l'agriculture biologique.Leurs modes de production et de transformation sont contrôlés et certifiés par un organisme indépendant conformément à la réglementation en vigueur. Les producteurs emploient des fertilisants respectueux de l'environnement et pratiquent la rotation des cultures afin de garder des sols vivants et une fertilité durable., Billettes de céréales* 18% (riz*, farine de blé*, avoine*, sucre de canne*, sirop de malt d'orge*, sel de mer), sirop de blé*, abricot sec* 12% (abricot*, farine de riz*), raisin sec* (raisin sultanine*, huile végétale de tournesol*), amande* 12%, chocolat noir* 12% (pâte de cacao*, sucre de canne*, beurre de cacao*), petit épeautre* 7,9%, miel*, stabilisant : gomme d'acacia*, sucre roux de canne*, arôme naturel. Présence possible de soja, oeuf, lait, sésame. *Ingrédients issus de l'agriculturebiologique., Valeur énergétique en Joules :  1754kj, Valeur énergétique en Kcal : 417kcal, Glucides : 66g, Lipides : 13g, Protides :6,5g, A conserver dans un endroit frais et sec.]|"
23,58€ / L"|"
2,83 €"
584|Biscottes complètes, certifié AB|La boîte de 300g|[Origine : FRANCE, Monoprix a sélectionné pour vous, avec des entreprises partenaires, des produits issus de l'agriculture biologique. Leurs modes de production et de transformation sont contrôlés et certifiés par un organisme indépendant, conformément à la réglementation en vigueur. Les producteurs emploient notamment des fertilisants respectueux de l'environnement et pratiquent la rotation des cultures afin de garder des sols vivants et une fertilité durable. L'environnement est ainsi préservé., Farine complète de blé* 88,8%, gluten de blé*, huile de palme non hydrogénée*, levure, sucre sel marin, agent de traitement de la farine : acide ascorbique. Traces éventuelles de sésame. *Ingrédients issus de l'agriculture biologique., Valeur énergétique en Joules :  1451Kj, Valeur énergétique en Kcal : 343Kcal, Glucides : 62g, Lipides : 4,3g, Protides :14g, A conserver dans un endroit frais et sec.]|"
8,00€ / Kg"|"
2,40 €"
585|Biscottes complètes, certifié AB|La boîte de 300g|[Origine : FRANCE, Monoprix a sélectionné pour vous, avec des entreprises partenaires, des produits issus de l'agriculture biologique. Leurs modes de production et de transformation sont contrôlés et certifiés par un organisme indépendant, conformément à la réglementation en vigueur. Les producteurs emploient notamment des fertilisants respectueux de l'environnement et pratiquent la rotation des cultures afin de garder des sols vivants et une fertilité durable. L'environnement est ainsi préservé., Farine complète de blé* 88,8%, gluten de blé*, huile de palme non hydrogénée*, levure, sucre sel marin, agent de traitement de la farine : acide ascorbique. Traces éventuelles de sésame. *Ingrédients issus de l'agriculture biologique., Valeur énergétique en Joules :  1451Kj, Valeur énergétique en Kcal : 343Kcal, Glucides : 62g, Lipides : 4,3g, Protides :14g, A conserver dans un endroit frais et sec.]|"
8,00€ / Kg"|"
2,40 €"
586|Café moulu Laos et Guatemala robusta & arabica, certifié AB|Le paquet de 250g|[Origine : FRANCE, Café issu de l'agriculture biologique dont 66% robusta Laos et 34% arabica Guatemala.]|"
12,88€ / Kg"|"
3,22 €"
587|Café moulu Laos et Guatemala robusta & arabica, certifié AB|Le paquet de 250g|[Origine : FRANCE, Café issu de l'agriculture biologique dont 66% robusta Laos et 34% arabica Guatemala.]|"
12,88€ / Kg"|"
3,22 €"
588|Café moulu pur arabica, Mexique|Le paquet de 250g|[Origine : FRANCE, Intense et parfumé. La valve fraîcheur permet au café de libérer son excès naturel de gaz tout en empêchant l'air de pénétrer. Vous retrouverez ainsi les arômes de café intacts. La mouture de ce café a été étudiée pour tous types de cafetière à filtration., Utilisez de préférence une eau non calcaire. Humectez le filtre. Dosez une cuillère à soupe de café plus ou moins pleine par tasse selon votre goût., Café d'Amérique Centrale pur arabica issu de l'agriculture biologique., Pour préserver tous les arômes de votre café, nous vous conseillons de le conserver au réfrigérateur après ouverture. A conserver à l'abri de la chaleur et de l'humidité. Conditionné sous atmosphère protectrice.]|"
14,48€ / Kg"|"
3,62 €"
589|Café moulu pur arabica, Mexique|Le paquet de 250g|[Origine : FRANCE, Intense et parfumé. La valve fraîcheur permet au café de libérer son excès naturel de gaz tout en empêchant l'air de pénétrer. Vous retrouverez ainsi les arômes de café intacts. La mouture de ce café a été étudiée pour tous types de cafetière à filtration., Utilisez de préférence une eau non calcaire. Humectez le filtre. Dosez une cuillère à soupe de café plus ou moins pleine par tasse selon votre goût., Café d'Amérique Centrale pur arabica issu de l'agriculture biologique., Pour préserver tous les arômes de votre café, nous vous conseillons de le conserver au réfrigérateur après ouverture. A conserver à l'abri de la chaleur et de l'humidité. Conditionné sous atmosphère protectrice.]|"
14,48€ / Kg"|"
3,62 €"
590|Café pur arabica, Afrique, certifié AB|Les 18 dosettes, 125g|[Origine : FRANCE, Monoprix a sélectionné pour vous, avec des entreprises partenaires, des produits issus de l'agriculture biologique. Leurs modes de production et de transformation sont contrôlés et certifiés par un organisme indépendant conformément à la réglementation en vigueur. Les producteurs emploient des fertilisants respectueux de l'environnement et pratiquent la rotation des cultures afin de garder des sols vivants et une fertilité durable., Ingrédient issu du commerce équitable certifié Faitrade/Max Havelaar : café pur arabica d'Afrique (100% du poids total).]|"
18,88€ / Kg"|"
2,36 €"
591|Café pur arabica, Afrique, certifié AB|Les 18 dosettes, 125g|[Origine : FRANCE, Monoprix a sélectionné pour vous, avec des entreprises partenaires, des produits issus de l'agriculture biologique. Leurs modes de production et de transformation sont contrôlés et certifiés par un organisme indépendant conformément à la réglementation en vigueur. Les producteurs emploient des fertilisants respectueux de l'environnement et pratiquent la rotation des cultures afin de garder des sols vivants et une fertilité durable., Ingrédient issu du commerce équitable certifié Faitrade/Max Havelaar : café pur arabica d'Afrique (100% du poids total).]|"
18,88€ / Kg"|"
2,36 €"
592|Céréales soufflées au chocolat, certifié AB|Le paquet de 375g|[Origine : FRANCE, Céréales soufflées au chocolat issues de l'agriculture biologique., Versez 30 g de céréales au chocolat dans un bol, ajoutez 125 ml de lait demi écrémé froid ou chaud, consommez rapidement., Farine de blé*, chocolat* en poudre (23%) (sucre de canne* roux, cacao* (32%), extrait de vanille*), farine complète de blé*, sucre de canne* roux (13%), avoine*, cacao* en poudre, sirop de malt d'orge*, émulsifiant: carbonate de calcium. Présence possible de soja, sésame, fruits à coque, lait, oeufs. *ingrédients issus de l'agriculture biologique., Valeur énergétique en Joules :  1608kj, Valeur énergétique en Kcal : 380kcal, Glucides : 74g, Lipides : 3,4g, Protides :9,3g, A conserver dans un endroit sec et frais à l'abri de la lumière. Bien refermer le sachet après ouverture. A consommer rapidement après ouverture. Conditionné sous atmosphère protectrice.]|"
7,44€ / Kg"|"
2,79 €"
593|Céréales soufflées au chocolat, certifié AB|Le paquet de 375g|[Origine : FRANCE, Céréales soufflées au chocolat issues de l'agriculture biologique., Versez 30 g de céréales au chocolat dans un bol, ajoutez 125 ml de lait demi écrémé froid ou chaud, consommez rapidement., Farine de blé*, chocolat* en poudre (23%) (sucre de canne* roux, cacao* (32%), extrait de vanille*), farine complète de blé*, sucre de canne* roux (13%), avoine*, cacao* en poudre, sirop de malt d'orge*, émulsifiant: carbonate de calcium. Présence possible de soja, sésame, fruits à coque, lait, oeufs. *ingrédients issus de l'agriculture biologique., Valeur énergétique en Joules :  1608kj, Valeur énergétique en Kcal : 380kcal, Glucides : 74g, Lipides : 3,4g, Protides :9,3g, A conserver dans un endroit sec et frais à l'abri de la lumière. Bien refermer le sachet après ouverture. A consommer rapidement après ouverture. Conditionné sous atmosphère protectrice.]|"
7,44€ / Kg"|"
2,79 €"
594|Chocolat lait dégustation issu de l'agriculture biologique, 40% de cacao|La tablette de 100g|[Origine : FRANCE, Monoprix a sélectionné pour vous, avec des entreprises partenaires, des produits issus de l'agriculture biologique., A conserver à l'abri de l'humidité et de la chaleur à une température idéale de 18 à 20°C., Sucre de canne*, poudre de lait entier*, beurre de cacao*, pâte de cacao*, émulsifiant : lécithine de tournesol, extrait de vanille*. Traces de gluten, de soja, de fruits à coque. *Ingrédients issus de l'agriculture biologique. Chocolat pur beurre decacao (cacao : 40% minimum).]|"
16,60€ / Kg"|"
1,66 €"
595|Chocolat lait dégustation issu de l'agriculture biologique, 40% de cacao|La tablette de 100g|[Origine : FRANCE, Monoprix a sélectionné pour vous, avec des entreprises partenaires, des produits issus de l'agriculture biologique., A conserver à l'abri de l'humidité et de la chaleur à une température idéale de 18 à 20°C., Sucre de canne*, poudre de lait entier*, beurre de cacao*, pâte de cacao*, émulsifiant : lécithine de tournesol, extrait de vanille*. Traces de gluten, de soja, de fruits à coque. *Ingrédients issus de l'agriculture biologique. Chocolat pur beurre decacao (cacao : 40% minimum).]|"
16,60€ / Kg"|"
1,66 €"
596|Chocolat noir dégustation 74% de cacao|La tablette de 100g|[Origine : FRANCE, Monoprix a sélectionné pour vous, avec des entreprises partenaires, des produits issus de l'agriculture biologique. Conformément à la réglementation en vigueur, leurs modes de production et de transformation sont contrôlés et certifiés par un organisme indépendant. Les producteurs emploient notamment des engrais naturels afin de garder des sols vivants et une fertilité durable., Pâte de cacao*, sucre de canne*, beurre de cacao*, émulsifiant : lécithine de tournesol, extrait de vanille*. Traces de gluten, de soja, de lait et de fruits à coque. * ingrédients issus de l'agriculture biologique. Chocolat pur beurre de cacao (cacao : 74% minimum)., Valeur énergétique en Joules :  2239kj, Valeur énergétique en Kcal : 539kcal, Glucides : 32g, Lipides : 42g, Protides :8,3g, A conserver à l'abri de l'humidité et de la chaleur à une température idéale de 18 a 20°C.]|"
17,20€ / Kg"|"
1,72 €"
597|Chocolat noir dégustation 74% de cacao|La tablette de 100g|[Origine : FRANCE, Monoprix a sélectionné pour vous, avec des entreprises partenaires, des produits issus de l'agriculture biologique. Conformément à la réglementation en vigueur, leurs modes de production et de transformation sont contrôlés et certifiés par un organisme indépendant. Les producteurs emploient notamment des engrais naturels afin de garder des sols vivants et une fertilité durable., Pâte de cacao*, sucre de canne*, beurre de cacao*, émulsifiant : lécithine de tournesol, extrait de vanille*. Traces de gluten, de soja, de lait et de fruits à coque. * ingrédients issus de l'agriculture biologique. Chocolat pur beurre de cacao (cacao : 74% minimum)., Valeur énergétique en Joules :  2239kj, Valeur énergétique en Kcal : 539kcal, Glucides : 32g, Lipides : 42g, Protides :8,3g, A conserver à l'abri de l'humidité et de la chaleur à une température idéale de 18 a 20°C.]|"
17,20€ / Kg"|"
1,72 €"
598|Confiture d'abricot au sucre de canne|Le pot de 270g|[Origine : FRANCE, Sucre de canne 55%*, abricots*, acidifiant : acide citrique, gélifiant : pectine de fruits (dont dextrose de blé), antioxygène : acide ascorbique. Préparée avec 50 g de fruits pour 100 g. Teneur totale en sucres : 60 g pour 100 g.* Issus de l'agriculture biologique., Valeur énergétique en Joules :  1020kj, Valeur énergétique en Kcal : 240kcal, Glucides : 59g, Lipides : 0,1g, Protides :0,5g, A conserver au frais après ouverture.]|"
8,00€ / Kg"|"
2,16 €"
599|Confiture d'abricot au sucre de canne|Le pot de 270g|[Origine : FRANCE, Sucre de canne 55%*, abricots*, acidifiant : acide citrique, gélifiant : pectine de fruits (dont dextrose de blé), antioxygène : acide ascorbique. Préparée avec 50 g de fruits pour 100 g. Teneur totale en sucres : 60 g pour 100 g.* Issus de l'agriculture biologique., Valeur énergétique en Joules :  1020kj, Valeur énergétique en Kcal : 240kcal, Glucides : 59g, Lipides : 0,1g, Protides :0,5g, A conserver au frais après ouverture.]|"
8,00€ / Kg"|"
2,16 €"
600|Confiture de myrtilles au sucre de canne|Le pot de 270g|[Origine : FRANCE, Confiture extra de myrtilles issue de l'agriculture biologique., Sucre de canne 55%*, myrtilles*, gélifiant : pectine de fruits (dont dextrose de blé), acidifiant : acide citrique. Préparée avec 50 g de fruits pour 100 g. Teneur totale en sucres : 60 g pour 100 g. * Issus de l'agriculture biologique., Valeur énergétique en Joules :  1004Kj, Valeur énergétique en Kcal : 236Kcal, Glucides : 58g, Lipides : 0,3g, Protides :0,3g, A conserver au frais après ouverture.]|"
13,59€ / Kg"|"
3,67 €"
601|Confiture de myrtilles au sucre de canne|Le pot de 270g|[Origine : FRANCE, Confiture extra de myrtilles issue de l'agriculture biologique., Sucre de canne 55%*, myrtilles*, gélifiant : pectine de fruits (dont dextrose de blé), acidifiant : acide citrique. Préparée avec 50 g de fruits pour 100 g. Teneur totale en sucres : 60 g pour 100 g. * Issus de l'agriculture biologique., Valeur énergétique en Joules :  1004Kj, Valeur énergétique en Kcal : 236Kcal, Glucides : 58g, Lipides : 0,3g, Protides :0,3g, A conserver au frais après ouverture.]|"
13,59€ / Kg"|"
3,67 €"
602|Confiture extra de fraises|Le pot de 270g|[Origine : FRANCE, Confiture extra de fraises issue de l'agriculture biologique., Sucre de canne 56%*, fraises*, acidifiant : acide citrique, gélifiant : pectine de fruits (dont dextrose de ble). Préparée avec 50 g de fruits pour 100g. Teneur totale en sucres : 60 g pour 100 g *Issus de l'agriculture biologique., Valeur énergétique en Joules :  1014kj, Valeur énergétique en Kcal : 239kcal, Glucides : 59g, Lipides : 0,2g, Protides :0,4g, A conserver au frais après ouverture.]|"
8,63€ / Kg"|"
2,33 €"
603|Confiture extra de fraises|Le pot de 270g|[Origine : FRANCE, Confiture extra de fraises issue de l'agriculture biologique., Sucre de canne 56%*, fraises*, acidifiant : acide citrique, gélifiant : pectine de fruits (dont dextrose de ble). Préparée avec 50 g de fruits pour 100g. Teneur totale en sucres : 60 g pour 100 g *Issus de l'agriculture biologique., Valeur énergétique en Joules :  1014kj, Valeur énergétique en Kcal : 239kcal, Glucides : 59g, Lipides : 0,2g, Protides :0,4g, A conserver au frais après ouverture.]|"
8,63€ / Kg"|"
2,33 €"
604|Confiture figues rouges au sucre de canne|Le pot de 270g|[Origine : FRANCE, Confiture extra de figues rouges issue de l'agriculture biologique., Sucre de canne 54%*, figues*, gélifiant : pectine de fruits (dont dextrose de blé), acidifiant : acide citrique, Préparée avec 50 g de fruits pour 100 g. Teneur totale en sucres : 60 g pour 100 g. * Issus de l'agriculture biologique., Valeur énergétique en Joules :  1021kj, Valeur énergétique en Kcal : 240kcal, Glucides : 59g, Lipides : 0,3g, Protides :0,7g, A conserver au frais après ouverture.]|"
7,48€ / Kg"|"
2,02 €"
605|Confiture figues rouges au sucre de canne|Le pot de 270g|[Origine : FRANCE, Confiture extra de figues rouges issue de l'agriculture biologique., Sucre de canne 54%*, figues*, gélifiant : pectine de fruits (dont dextrose de blé), acidifiant : acide citrique, Préparée avec 50 g de fruits pour 100 g. Teneur totale en sucres : 60 g pour 100 g. * Issus de l'agriculture biologique., Valeur énergétique en Joules :  1021kj, Valeur énergétique en Kcal : 240kcal, Glucides : 59g, Lipides : 0,3g, Protides :0,7g, A conserver au frais après ouverture.]|"
7,48€ / Kg"|"
2,02 €"
606|Confiture orange au sucre de canne|Le pot de 270g|[Origine : FRANCE, Sucre de canne 57%*, oranges amères avec écorces coupées en lamelles*, acidifiant : acide citrique, gélifiant : pectine de fruits (dont dextrose de blé). Préparée avec 35 g de fruits pour 100 g. Teneur totale en sucres : 60 g pour 100 g. *Issus de l'agriculture biologique., Valeur énergétique en Joules :  1029kj, Valeur énergétique en Kcal : 242kcal, Glucides : 60g, Lipides : 0,1g, Protides :0,4g, A conserver au frais après ouverture.]|"
6,78€ / Kg"|"
1,83 €"
607|Confiture orange au sucre de canne|Le pot de 270g|[Origine : FRANCE, Sucre de canne 57%*, oranges amères avec écorces coupées en lamelles*, acidifiant : acide citrique, gélifiant : pectine de fruits (dont dextrose de blé). Préparée avec 35 g de fruits pour 100 g. Teneur totale en sucres : 60 g pour 100 g. *Issus de l'agriculture biologique., Valeur énergétique en Joules :  1029kj, Valeur énergétique en Kcal : 242kcal, Glucides : 60g, Lipides : 0,1g, Protides :0,4g, A conserver au frais après ouverture.]|"
6,78€ / Kg"|"
1,83 €"
608|Corn flakes croustillants au sucre de canne|Le paquet de 375g|[Origine : FRANCE, Versez les pétales de maïs dans un bol. Ajoutez du lait, froid de préférence, pour en conserver la texture croustillante. Vous pouvez aussi déguster les pétales de maïs avec du yaourt ou du fromage blanc., Maïs* 90%, sucre de canne* 4,5%, malt d'orge*, sel marin, émulsifiant : lécithine de soja*. Présence possible de blé, d'arachide, de fruits à coque et de produits laitiers. *Ingrédients issus de l'agriculture biologique., Valeur énergétique en Joules :  1560kj, Valeur énergétique en Kcal : 367kcal, Glucides : 81,7g, Lipides : 1g, Protides :7,9g, A conserver dans un endroit frais et sec. Après ouverture, bien refermer le sachet.]|"
5,25€ / Kg"|"
1,97 €"
609|Corn flakes croustillants au sucre de canne|Le paquet de 375g|[Origine : FRANCE, Versez les pétales de maïs dans un bol. Ajoutez du lait, froid de préférence, pour en conserver la texture croustillante. Vous pouvez aussi déguster les pétales de maïs avec du yaourt ou du fromage blanc., Maïs* 90%, sucre de canne* 4,5%, malt d'orge*, sel marin, émulsifiant : lécithine de soja*. Présence possible de blé, d'arachide, de fruits à coque et de produits laitiers. *Ingrédients issus de l'agriculture biologique., Valeur énergétique en Joules :  1560kj, Valeur énergétique en Kcal : 367kcal, Glucides : 81,7g, Lipides : 1g, Protides :7,9g, A conserver dans un endroit frais et sec. Après ouverture, bien refermer le sachet.]|"
5,25€ / Kg"|"
1,97 €"
610|Cranberries, cajou quinoa, barres gourmandes croquantes, produit issu de l'agriculture biologique|Le paquet de 3 barres de 40g|[Origine : FRANCE, Gourmandes, croquantes., Sirop de blé*, billettes de céréales* 20% (riz*, farine de blé*, avoine*, sucre de canne*, sirop de malt d'orge*, sel de mer), noix de cajou* 16%, cranberries au jus de pomme* 13% (cranberries *(canneberges) 7%, jus de pomme concentré*, huile de tournesol*), raisins secs* (raisin sultanine*, huile végétale de tournesol*), flocons d'avoine* 6%, flocons de quinoa* 3,5%, miel*, stabilisant : gomme d'acacia*, sucre roux de canne*. Présence possible de soja, oeuf, lait, sésame. *Ingrédients issus del'agriculture biologique., Valeur énergétique en Joules :  1570kj, Valeur énergétique en Kcal : 373kcal, Glucides : 65g, Lipides : 8,5g, Protides :6,5g, A conserver dans un endroit frais et sec.]|"
23,58€ / Kg"|"
2,83 €"
611|Cranberries, cajou quinoa, barres gourmandes croquantes, produit issu de l'agriculture biologique|Le paquet de 3 barres de 40g|[Origine : FRANCE, Gourmandes, croquantes., Sirop de blé*, billettes de céréales* 20% (riz*, farine de blé*, avoine*, sucre de canne*, sirop de malt d'orge*, sel de mer), noix de cajou* 16%, cranberries au jus de pomme* 13% (cranberries *(canneberges) 7%, jus de pomme concentré*, huile de tournesol*), raisins secs* (raisin sultanine*, huile végétale de tournesol*), flocons d'avoine* 6%, flocons de quinoa* 3,5%, miel*, stabilisant : gomme d'acacia*, sucre roux de canne*. Présence possible de soja, oeuf, lait, sésame. *Ingrédients issus del'agriculture biologique., Valeur énergétique en Joules :  1570kj, Valeur énergétique en Kcal : 373kcal, Glucides : 65g, Lipides : 8,5g, Protides :6,5g, A conserver dans un endroit frais et sec.]|"
23,58€ / Kg"|"
2,83 €"
612|Décaféiné Amerique latine, fruité et aromatique|Le sachet de 250g|[Origine : FRANCE, La valve fraicheur permet au café de libérer son excès naturel de gaz en empêchant l'air de pénétrer. Vous retrouverez ainsi les arômes du café intacts. La mouture de ce café a été étudiée pour les cafetières à filtre., Cafetière filtre : utilisez de préférence une eau non calcaire. Humectez le filtre. Dosez une cuillère à soupe plus ou moins pleine par tasse selon votre goût. Conditionné sous atmosphère protectrice., Avant ouverture, à conserver à l'abri de la chaleur et de l'humidité. Pour préserver tous les arômes de votre café, nous vous conseillons de le conserver au réfrigérateur après ouverture.]|"
15,56€ / Kg"|"
3,89 €"
613|Décaféiné Amerique latine, fruité et aromatique|Le sachet de 250g|[Origine : FRANCE, La valve fraicheur permet au café de libérer son excès naturel de gaz en empêchant l'air de pénétrer. Vous retrouverez ainsi les arômes du café intacts. La mouture de ce café a été étudiée pour les cafetières à filtre., Cafetière filtre : utilisez de préférence une eau non calcaire. Humectez le filtre. Dosez une cuillère à soupe plus ou moins pleine par tasse selon votre goût. Conditionné sous atmosphère protectrice., Avant ouverture, à conserver à l'abri de la chaleur et de l'humidité. Pour préserver tous les arômes de votre café, nous vous conseillons de le conserver au réfrigérateur après ouverture.]|"
15,56€ / Kg"|"
3,89 €"
614|Dosettes de café pur arabica, Amérique Latine, certifié AB|Les 18 dosettes, 125g|[Origine : FRANCE, Monoprix a sélectionné pour vous, avec des entreprises partenaires, des produits issus de l'agriculture biologique. Leurs modes de production et de transformation sont contrôlés et certifiés par un organisme indépendant conformément à la réglementation en vigueur. Les producteurs emploient des fertilisants respectueux de l'environnement et pratiquent la rotation des cultures afin de garder des sols vivants et une fertilité durable., Ingrédient issu du commerce équitable certifié Faitrade/Max Havelaar : café pur arabica d'Amérique Latine (100% du poids total).]|"
18,88€ / Kg"|"
2,36 €"
615|Dosettes de café pur arabica, Amérique Latine, certifié AB|Les 18 dosettes, 125g|[Origine : FRANCE, Monoprix a sélectionné pour vous, avec des entreprises partenaires, des produits issus de l'agriculture biologique. Leurs modes de production et de transformation sont contrôlés et certifiés par un organisme indépendant conformément à la réglementation en vigueur. Les producteurs emploient des fertilisants respectueux de l'environnement et pratiquent la rotation des cultures afin de garder des sols vivants et une fertilité durable., Ingrédient issu du commerce équitable certifié Faitrade/Max Havelaar : café pur arabica d'Amérique Latine (100% du poids total).]|"
18,88€ / Kg"|"
2,36 €"
616|Infusion après-repas à la mélisse, frêne et romarin, certifié AB|Les 20 sachets, 30g|[Origine : FRANCE, La mélisse et le romarin sont des plantes connues pour leurs vertus digestives et vivifiantes., Versez de l'eau frémissante sur le sachet et laissez infuser 5 minutes., Mélisse* 53%, frêne* 33%, romarin* 10%, arôme naturel menthe 4%. *Ingrédients issus de l'agriculture biologique., Valeur énergétique en Joules :  1,7Kj, Valeur énergétique en Kcal : 0,4kcal, Glucides : 0,1g, Lipides : 0g, Protides :0g, A conserver à l'abri de l'humidité.]|"
70,00€ / Kg"|"
2,10 €"
617|Infusion après-repas à la mélisse, frêne et romarin, certifié AB|Les 20 sachets, 30g|[Origine : FRANCE, La mélisse et le romarin sont des plantes connues pour leurs vertus digestives et vivifiantes., Versez de l'eau frémissante sur le sachet et laissez infuser 5 minutes., Mélisse* 53%, frêne* 33%, romarin* 10%, arôme naturel menthe 4%. *Ingrédients issus de l'agriculture biologique., Valeur énergétique en Joules :  1,7Kj, Valeur énergétique en Kcal : 0,4kcal, Glucides : 0,1g, Lipides : 0g, Protides :0g, A conserver à l'abri de l'humidité.]|"
70,00€ / Kg"|"
2,10 €"
618|Infusion sommeil et sérénité au tilleul, verveine, camomille et mélisse, certifié AB|Les 20 sachets, 30g|[Origine : FRANCE, La mélisse, la camomille, la verveine et le tilleul favorisent le sommeil., Laissez infuser votre sachet dans une tasse d'eau frémissante pendant 5 min. Pour conserver toutes les qualités de votre infusion, utilisez une eau faiblement calcaire., Mélisse* 45%, verveine* 20%, tilleul* 17%, camomille matricaire* 10%, arôme miel 8%. *Ingrédients issus de l'agriculture biologique., Valeur énergétique en Joules :  1,7Kj, Valeur énergétique en Kcal : 0,4Kcal, Glucides : 0,1g, Lipides : 0g, Protides :0g, A conserver à l'abri de l'humidité.]|"
70,00€ / Kg"|"
2,10 €"
619|Infusion sommeil et sérénité au tilleul, verveine, camomille et mélisse, certifié AB|Les 20 sachets, 30g|[Origine : FRANCE, La mélisse, la camomille, la verveine et le tilleul favorisent le sommeil., Laissez infuser votre sachet dans une tasse d'eau frémissante pendant 5 min. Pour conserver toutes les qualités de votre infusion, utilisez une eau faiblement calcaire., Mélisse* 45%, verveine* 20%, tilleul* 17%, camomille matricaire* 10%, arôme miel 8%. *Ingrédients issus de l'agriculture biologique., Valeur énergétique en Joules :  1,7Kj, Valeur énergétique en Kcal : 0,4Kcal, Glucides : 0,1g, Lipides : 0g, Protides :0g, A conserver à l'abri de l'humidité.]|"
70,00€ / Kg"|"
2,10 €"
620|Muesli croustillant Chocolat, Certifié Ab|Le paquet de 375g|[Origine : FRANCE, Mélange de céréales croustillantes au cacao et au chocolat issu de l'agriculture biologique., A consommer avec du lait, une boisson végétale, de la compote ou tel quel., Flocons d'avoine*45%, sucre de canne* 21%, noix de coco râpée*, billettes de céréales* 6%, (riz*, sirop de malt d'orge déshydraté*, blé*, avoine*, sucre de canne* 0,3%, sel), graisse de palme*, sirop de riz* 4,9% (extraits de riz* 3,9%, eau), cacao maigre en poudre* 2,6%, farine de soja*, chocolat noir* 0,9%, farine de blé* 0,8%, farine de riz* 0,8%, miel*. Présence possible de fruits à coque, d'arachide et de sésame. * Ingrédients issus de l'agriculture biologique., Valeur énergétique en Joules :  1798kj, Valeur énergétique en Kcal : 428kcal, Glucides : 63g, Lipides : 13g, Protides :9,9g, A conserver à l'abri de la chaleur et de l'humidité. Bien refermer le sachet après chaque utilisation.]|"
7,81€ / Kg"|"
2,93 €"
621|Muesli croustillant Chocolat, Certifié Ab|Le paquet de 375g|[Origine : FRANCE, Mélange de céréales croustillantes au cacao et au chocolat issu de l'agriculture biologique., A consommer avec du lait, une boisson végétale, de la compote ou tel quel., Flocons d'avoine*45%, sucre de canne* 21%, noix de coco râpée*, billettes de céréales* 6%, (riz*, sirop de malt d'orge déshydraté*, blé*, avoine*, sucre de canne* 0,3%, sel), graisse de palme*, sirop de riz* 4,9% (extraits de riz* 3,9%, eau), cacao maigre en poudre* 2,6%, farine de soja*, chocolat noir* 0,9%, farine de blé* 0,8%, farine de riz* 0,8%, miel*. Présence possible de fruits à coque, d'arachide et de sésame. * Ingrédients issus de l'agriculture biologique., Valeur énergétique en Joules :  1798kj, Valeur énergétique en Kcal : 428kcal, Glucides : 63g, Lipides : 13g, Protides :9,9g, A conserver à l'abri de la chaleur et de l'humidité. Bien refermer le sachet après chaque utilisation.]|"
7,81€ / Kg"|"
2,93 €"
622|Muesli croustillant Fruits rouges, Certifié Ab|Le paquet de 375g|[Origine : FRANCE, Monoprix a sélectionné pour vous, avec des entreprises partenaires, des produits issus de l'agriculture biologique. Leurs modes de production et de transformation sont contrôlés et certifiés par un organisme indépendant conformément à la réglementation en vigueur., A consommer avec du lait, une boisson végétale, de la compote ou tel quel., Flocons de céréales *50% (flocons d'avoine*, flocons de blé*, flocons de seigle, flocons d'orge*),  sucre de canne* 15%, graisse de palme*,  billettes de céréales* 8% (riz*, sirop de malt d'orge déshydraté*, blé*, avoine*, sucre de canne* 0,4%*, sel), sirop de riz* 7,6% (extraits de riz* 6%, eau), fruits rouges* 2,3% [canneberges*, sucre de canne* roux 0,8%), framboises*, fraises*, myrtilles*], farine de blé* 2,8%, noix de coco râpée*. Présence possible de fruits à coque, d'arachide, de soja etde sésame. * Ingrédients issus de l'agriculture biologique., Valeur énergétique en Joules :  1711kj, Valeur énergétique en Kcal : 406kcal, Glucides : 28g, Lipides : 3,6g, Protides :3,4g, A conserver à l'abri de la chaleur et de l'humidité. Bien refermer le sachet après chaque utilisation.]|"
7,81€ / Kg"|"
2,93 €"
623|Muesli croustillant Fruits rouges, Certifié Ab|Le paquet de 375g|[Origine : FRANCE, Monoprix a sélectionné pour vous, avec des entreprises partenaires, des produits issus de l'agriculture biologique. Leurs modes de production et de transformation sont contrôlés et certifiés par un organisme indépendant conformément à la réglementation en vigueur., A consommer avec du lait, une boisson végétale, de la compote ou tel quel., Flocons de céréales *50% (flocons d'avoine*, flocons de blé*, flocons de seigle, flocons d'orge*),  sucre de canne* 15%, graisse de palme*,  billettes de céréales* 8% (riz*, sirop de malt d'orge déshydraté*, blé*, avoine*, sucre de canne* 0,4%*, sel), sirop de riz* 7,6% (extraits de riz* 6%, eau), fruits rouges* 2,3% [canneberges*, sucre de canne* roux 0,8%), framboises*, fraises*, myrtilles*], farine de blé* 2,8%, noix de coco râpée*. Présence possible de fruits à coque, d'arachide, de soja etde sésame. * Ingrédients issus de l'agriculture biologique., Valeur énergétique en Joules :  1711kj, Valeur énergétique en Kcal : 406kcal, Glucides : 28g, Lipides : 3,6g, Protides :3,4g, A conserver à l'abri de la chaleur et de l'humidité. Bien refermer le sachet après chaque utilisation.]|"
7,81€ / Kg"|"
2,93 €"
624|Muesli croustillant Nature, Certifié Ab|Le paquet de 375g|[Origine : FRANCE, Monoprix a sélectionné pour vous, avec des entreprises partenaires, des produits issus de l'agriculture biologique.Leurs modes de production et de transformation sont contrôlés et certifiés par un organisme indépendant conformément à la réglementation en vigueur., A consommer avec du lait, du yaourt, du fromage blanc, de la compote, du lait de riz ou de soja, ou nature., Flocons de céréales *47% (flocons d'avoine*, flocons de blé*, flocons d'orge*), sucre de canne* 16%, noix de coco râpée*, graisse de palme*, sirop de riz* 6,5% (extraits de riz* 5,2%, eau), billes de céréales soufflées* 5% (riz*, blé*, orge*, avoine*, sirop de malt d'orge déshydraté*), farine de riz* 1,3%, farine de soja*, son de blé* 0,7%, sirop de malt d'orge déshydraté* 0,6%, miel*. Présence possible de fruits à coque, d'arachide et de sésame. * Ingrédients issus de l'agriculture biologique., Valeur énergétique en Joules :  1889kj, Valeur énergétique en Kcal : 451kcal, Glucides : 57g, Lipides : 19g, Protides :8,4g, A conserver à l'abri de la chaleur et de l'humidité. Bien refermer le sachet après chaque utilisation.]|"
7,81€ / Kg"|"
2,93 €"
625|Muesli croustillant Nature, Certifié Ab|Le paquet de 375g|[Origine : FRANCE, Monoprix a sélectionné pour vous, avec des entreprises partenaires, des produits issus de l'agriculture biologique.Leurs modes de production et de transformation sont contrôlés et certifiés par un organisme indépendant conformément à la réglementation en vigueur., A consommer avec du lait, du yaourt, du fromage blanc, de la compote, du lait de riz ou de soja, ou nature., Flocons de céréales *47% (flocons d'avoine*, flocons de blé*, flocons d'orge*), sucre de canne* 16%, noix de coco râpée*, graisse de palme*, sirop de riz* 6,5% (extraits de riz* 5,2%, eau), billes de céréales soufflées* 5% (riz*, blé*, orge*, avoine*, sirop de malt d'orge déshydraté*), farine de riz* 1,3%, farine de soja*, son de blé* 0,7%, sirop de malt d'orge déshydraté* 0,6%, miel*. Présence possible de fruits à coque, d'arachide et de sésame. * Ingrédients issus de l'agriculture biologique., Valeur énergétique en Joules :  1889kj, Valeur énergétique en Kcal : 451kcal, Glucides : 57g, Lipides : 19g, Protides :8,4g, A conserver à l'abri de la chaleur et de l'humidité. Bien refermer le sachet après chaque utilisation.]|"
7,81€ / Kg"|"
2,93 €"
626|Muesli de 4 céréales, 25% de fruits|Le paquet de 375g|[Origine : FRANCE, Mélange croustillant de céréales et de fruits séchés et secs, issu de l'agriculture biologique., A consommer avec du lait, une boisson végétale, de la compote ou tel quel., Céréales* 62% (flocons de seigle*, flocons de blé*, flocons d'avoine*, flocons d'orge*, pétales de blé*), fruits* séchés et secs 25% [raisins secs* (raisins*, huile de tournesol*), figues séchées*, abricots séchés* (abricots*, farine de riz*), noisettes*, amandes*, noix de coco séchée*, pommes séchées*], sucre de canne* 11%. Traces possibles d'autres fruits à coque, d'arachide, de soja et de sésame.*Ingrédients issus de l'agriculture biologique., Valeur énergétique en Joules :  1529Kj, Valeur énergétique en Kcal : 362Kcal, Glucides : 67g, Lipides : 1,3g, Protides :7,9g, A conserver à l'abri de la chaleur et de l'humidité. Bien refermer le sachet après chaque utilisation.]|"
5,73€ / Kg"|"
2,15 €"
627|Muesli de 4 céréales, 25% de fruits|Le paquet de 375g|[Origine : FRANCE, Mélange croustillant de céréales et de fruits séchés et secs, issu de l'agriculture biologique., A consommer avec du lait, une boisson végétale, de la compote ou tel quel., Céréales* 62% (flocons de seigle*, flocons de blé*, flocons d'avoine*, flocons d'orge*, pétales de blé*), fruits* séchés et secs 25% [raisins secs* (raisins*, huile de tournesol*), figues séchées*, abricots séchés* (abricots*, farine de riz*), noisettes*, amandes*, noix de coco séchée*, pommes séchées*], sucre de canne* 11%. Traces possibles d'autres fruits à coque, d'arachide, de soja et de sésame.*Ingrédients issus de l'agriculture biologique., Valeur énergétique en Joules :  1529Kj, Valeur énergétique en Kcal : 362Kcal, Glucides : 67g, Lipides : 1,3g, Protides :7,9g, A conserver à l'abri de la chaleur et de l'humidité. Bien refermer le sachet après chaque utilisation.]|"
5,73€ / Kg"|"
2,15 €"
628|Pâte à tartiner au cacao et à la pâte de noisettes, sucre brut de canne, certifié AB|Le pot de 400g|[Origine : FRANCE, Sucre brut de canne* 48%, huile de tournesol* (dont antioxydant : extrait riche en tocophérols d'origine naturelle), pâte de noisettes* 12%, poudre de lait écrémé*, cacao maigre en poudre* 6%, émulsifiant : lécithine de soja. Présence possible de sésame et arachide. Pourcentage total d'ingrédients issus de l'agriculture biologique : 99,5%. *Ingrédients issus de l'agriculture biologique., Valeur énergétique en Joules :  2326Kj, Valeur énergétique en Kcal : 558Kcal, Glucides : 53g, Lipides : 35g, Protides :6,3g, A conserver à température ambiante, à l'abri de la chaleur. Ne pas mettre au réfrigérateur. Après ouverture, à consommer dans les 2 mois.]|"
9,18€ / Kg"|"
3,67 €"
629|Pâte à tartiner au cacao et à la pâte de noisettes, sucre brut de canne, certifié AB|Le pot de 400g|[Origine : FRANCE, Sucre brut de canne* 48%, huile de tournesol* (dont antioxydant : extrait riche en tocophérols d'origine naturelle), pâte de noisettes* 12%, poudre de lait écrémé*, cacao maigre en poudre* 6%, émulsifiant : lécithine de soja. Présence possible de sésame et arachide. Pourcentage total d'ingrédients issus de l'agriculture biologique : 99,5%. *Ingrédients issus de l'agriculture biologique., Valeur énergétique en Joules :  2326Kj, Valeur énergétique en Kcal : 558Kcal, Glucides : 53g, Lipides : 35g, Protides :6,3g, A conserver à température ambiante, à l'abri de la chaleur. Ne pas mettre au réfrigérateur. Après ouverture, à consommer dans les 2 mois.]|"
9,18€ / Kg"|"
3,67 €"
630|Petits pains grillés aux 5 céréales, certifié AB|Le paquet de 225g|[Origine : FRANCE, Petits pains grillés aux céréales issus de l'agriculture biologique., Céréales 90,5% (farine de blé* 84%, blé concassé* 1,8%, farine de seigle* 1,8%, graines de sarrasin* 1,2%, farine d'orge* 1,2%, graines de millet* 0,5%), graines (sésame* 4,9%, lin* 1,8%), huile végétale (tournesol)*, levure, sucre*, sel, gluten de blé*, agent de traitement de la farine : acide ascorbique. Traces d'arachide, de fruits à coque, de lait, d'oeuf et de soja. *Ingrédients issus de l'agriculture biologique., Valeur énergétique en Joules :  1707kj, Valeur énergétique en Kcal : 405kcal, Glucides : 66g, Lipides : 9g, Protides :12g, A conserver à l'abri de la chaleur et de l'humidité.]|"
8,00€ / Kg"|"
1,80 €"
631|Petits pains grillés aux 5 céréales, certifié AB|Le paquet de 225g|[Origine : FRANCE, Petits pains grillés aux céréales issus de l'agriculture biologique., Céréales 90,5% (farine de blé* 84%, blé concassé* 1,8%, farine de seigle* 1,8%, graines de sarrasin* 1,2%, farine d'orge* 1,2%, graines de millet* 0,5%), graines (sésame* 4,9%, lin* 1,8%), huile végétale (tournesol)*, levure, sucre*, sel, gluten de blé*, agent de traitement de la farine : acide ascorbique. Traces d'arachide, de fruits à coque, de lait, d'oeuf et de soja. *Ingrédients issus de l'agriculture biologique., Valeur énergétique en Joules :  1707kj, Valeur énergétique en Kcal : 405kcal, Glucides : 66g, Lipides : 9g, Protides :12g, A conserver à l'abri de la chaleur et de l'humidité.]|"
8,00€ / Kg"|"
1,80 €"
632|Petits pains grillés croustillants au froment|Le paquet de 225g|[Origine : FRANCE, Farine de blé* 92%, sucre*, matière grasse végétale* (palme), levure, sel, gluten de blé*, agent de traitement de la farine : acide ascorbique. Traces d'arachide, de fruits à coque, de lait, d'oeuf, de sésame et de soja. *Ingrédients issus de l'agriculture biologique., Valeur énergétique en Joules :  1704kj, Valeur énergétique en Kcal : 404kcal, Glucides : 72g, Lipides : 7,5g, Protides :10g, A conserver a l'abri de la chaleur et de l'humidité.]|"
6,93€ / Kg"|"
1,56 €"
633|Petits pains grillés croustillants au froment|Le paquet de 225g|[Origine : FRANCE, Farine de blé* 92%, sucre*, matière grasse végétale* (palme), levure, sel, gluten de blé*, agent de traitement de la farine : acide ascorbique. Traces d'arachide, de fruits à coque, de lait, d'oeuf, de sésame et de soja. *Ingrédients issus de l'agriculture biologique., Valeur énergétique en Joules :  1704kj, Valeur énergétique en Kcal : 404kcal, Glucides : 72g, Lipides : 7,5g, Protides :10g, A conserver a l'abri de la chaleur et de l'humidité.]|"
6,93€ / Kg"|"
1,56 €"
634|préparation pour boisso cacaotée bio, certifié AB|La boîte de 500g|[Origine : SLOVENIE, Préparation pour boisson au cacao maigre., Mettez dans un bol 3 à 4 cuillères à café de poudre cacaotée, versez votre lait chaud et remuez afin d'obtenir une boisson homogène., Sucre de canne* **, cacao fortement dégraissé* ** 32%, arôme naturel vanille (dont dextrose et maltodextrine de blé). Traces possibles de gluten, soja, lait, oeufs et fruits à coque. * Ingrédients issus de l'agriculture biologique. ** : ingrédients issus du commerce équitable (99.8% du poids total)., Valeur énergétique en Joules :  1549kj, Valeur énergétique en Kcal : 367kcal, Glucides : 71g, Lipides : 3,5g, Protides :8g, A conserver à l'abri de la chaleur et de l'humidité.]|"
6,40€ / Kg"|"
3,20 €"
635|préparation pour boisso cacaotée bio, certifié AB|La boîte de 500g|[Origine : SLOVENIE, Préparation pour boisson au cacao maigre., Mettez dans un bol 3 à 4 cuillères à café de poudre cacaotée, versez votre lait chaud et remuez afin d'obtenir une boisson homogène., Sucre de canne* **, cacao fortement dégraissé* ** 32%, arôme naturel vanille (dont dextrose et maltodextrine de blé). Traces possibles de gluten, soja, lait, oeufs et fruits à coque. * Ingrédients issus de l'agriculture biologique. ** : ingrédients issus du commerce équitable (99.8% du poids total)., Valeur énergétique en Joules :  1549kj, Valeur énergétique en Kcal : 367kcal, Glucides : 71g, Lipides : 3,5g, Protides :8g, A conserver à l'abri de la chaleur et de l'humidité.]|"
6,40€ / Kg"|"
3,20 €"
636|Thé vert bien-être et légèreté aromatisé à la mûre, certifié AB|Les 20 sachets, 30g|[Origine : FRANCE, Vous apprécierez l'alliance subtile et originale du thé vert et du frêne, plantes reconnues pour leurs propriétés toniques et diurétiques., Versez de l'eau frémissante sur le sachet et laissez infuser 5 minutes., Thé vert* 63%, feuilles de frêne* 26%, arôme naturel mûre 7%, thalle de fucus 4%. *Ingrédients issus de l'agriculture biologique., Valeur énergétique en Joules :  3,4Kj, Valeur énergétique en Kcal : 0,8kcal, Glucides : 0,2g, Lipides : 0g, Protides :0g, A conserver à l'abri de l'humidité.]|"
70,00€ / Kg"|"
2,10 €"
637|Thé vert bien-être et légèreté aromatisé à la mûre, certifié AB|Les 20 sachets, 30g|[Origine : FRANCE, Vous apprécierez l'alliance subtile et originale du thé vert et du frêne, plantes reconnues pour leurs propriétés toniques et diurétiques., Versez de l'eau frémissante sur le sachet et laissez infuser 5 minutes., Thé vert* 63%, feuilles de frêne* 26%, arôme naturel mûre 7%, thalle de fucus 4%. *Ingrédients issus de l'agriculture biologique., Valeur énergétique en Joules :  3,4Kj, Valeur énergétique en Kcal : 0,8kcal, Glucides : 0,2g, Lipides : 0g, Protides :0g, A conserver à l'abri de l'humidité.]|"
70,00€ / Kg"|"
2,10 €"
638|Thé vert d'Inde, certifié AB|Les 20 sachets, 36g|[Origine : FRANCE, Délicatement parfumé, le thé vert d'Inde Monoprix Bio Max Havelaar vous propose un instant de plaisir frais et savoureux. Bonne dégustation !, En été, n'hésitez pas à le boire glacé ! Versez de l'eau frémissante sur le sachet, laissez infuser de 2 à 5 minutes selon votre goût, puis sucrez à votre convenance. Votre thé est prêt à être dégusté., Thé vert* 92%, arômes naturels de citron et de menthe (6%), cardamome* (2%). *Ingrédients issus de l'agriculture biologique et du commerce équitable (94%)., A conserver à l'abri de l'humidité.]|"
64,72€ / Kg"|"
2,33 €"
639|Thé vert d'Inde, certifié AB|Les 20 sachets, 36g|[Origine : FRANCE, Délicatement parfumé, le thé vert d'Inde Monoprix Bio Max Havelaar vous propose un instant de plaisir frais et savoureux. Bonne dégustation !, En été, n'hésitez pas à le boire glacé ! Versez de l'eau frémissante sur le sachet, laissez infuser de 2 à 5 minutes selon votre goût, puis sucrez à votre convenance. Votre thé est prêt à être dégusté., Thé vert* 92%, arômes naturels de citron et de menthe (6%), cardamome* (2%). *Ingrédients issus de l'agriculture biologique et du commerce équitable (94%)., A conserver à l'abri de l'humidité.]|"
64,72€ / Kg"|"
2,33 €"
640|Vollkornbrot, pain de seigle complet égrugé tranché, certifié AB|Le paquet de 500g|[Origine : ALLEMAGNE, Riche en fibres. Origine Allemagne. Levain de seigle., Levain* 34% (seigle complet égrugé* 20%, eau), seigle complet égrugé* 33%, eau, extrait de malt d'orge*, sel, levure. Présence possible de sésame. *ingrédients issus de l'agriculture biologique., Valeur énergétique en Joules :  894Kj, Valeur énergétique en Kcal : 212Kcal, Glucides : 40g, Lipides : 1,3g, Protides :5,5g, A conserver dans un endroit sec et frais, à l'abri de la lumière.]|"
4,68€ / Kg"|"
2,34 €"
641|Vollkornbrot, pain de seigle complet égrugé tranché, certifié AB|Le paquet de 500g|[Origine : ALLEMAGNE, Riche en fibres. Origine Allemagne. Levain de seigle., Levain* 34% (seigle complet égrugé* 20%, eau), seigle complet égrugé* 33%, eau, extrait de malt d'orge*, sel, levure. Présence possible de sésame. *ingrédients issus de l'agriculture biologique., Valeur énergétique en Joules :  894Kj, Valeur énergétique en Kcal : 212Kcal, Glucides : 40g, Lipides : 1,3g, Protides :5,5g, A conserver dans un endroit sec et frais, à l'abri de la lumière.]|"
4,68€ / Kg"|"
2,34 €"
642|Chocolat noir absolu, coopérative El Ceibo|La tablette de 100g|[Origine : FRANCE, Le chocolat biologique Noir Absolu Alter Eco est un pur chocolat d'exception recherché par les amateurs de sensations fortes. Toute la puissance du cacao de Bolivie est restitué tuée dans ce chocolat aux saveurs amères, intenses et raffinées. La coopérative El Ceibo s'est constituée historiquement autour de la ville de Sapecho en Bolivie, dans une zone tropicale proche de l'Amazonie. Elle regroupe aujourd'hui 38 coopératives, soit un total de plus de 800 membres. Grâce au prix d'achat Commerce Équitable et à la prime de développement versée par Alter Eco, El Ceibo peut offrir de nombreuses garanties à ses membres, parmi lesquelles des formations aux techniques agricoles et un fonds d'urgence dédié à la santé., pâte de cacao*(Bolivie/Costa-Rica), beurre de cacao*(Bolivie/Rép.   Dominicaine),   sucre   de    canne* (Paraguay).Cacao :85% minimum.100% des ingrédients agricoles issus de l'agriculture biologique.* produits issus du commerce équitable (100 % du volume total).Peut contenir des traces de lait, noisettes, noix de cajou et amandes., Conserver au frais (16-18°C), au sec et à l'abri de la lumière.]|"
26,80€ / Kg"|"
2,68 €"
643|Chocolat noir absolu, coopérative El Ceibo|La tablette de 100g|[Origine : FRANCE, Le chocolat biologique Noir Absolu Alter Eco est un pur chocolat d'exception recherché par les amateurs de sensations fortes. Toute la puissance du cacao de Bolivie est restitué tuée dans ce chocolat aux saveurs amères, intenses et raffinées. La coopérative El Ceibo s'est constituée historiquement autour de la ville de Sapecho en Bolivie, dans une zone tropicale proche de l'Amazonie. Elle regroupe aujourd'hui 38 coopératives, soit un total de plus de 800 membres. Grâce au prix d'achat Commerce Équitable et à la prime de développement versée par Alter Eco, El Ceibo peut offrir de nombreuses garanties à ses membres, parmi lesquelles des formations aux techniques agricoles et un fonds d'urgence dédié à la santé., pâte de cacao*(Bolivie/Costa-Rica), beurre de cacao*(Bolivie/Rép.   Dominicaine),   sucre   de    canne* (Paraguay).Cacao :85% minimum.100% des ingrédients agricoles issus de l'agriculture biologique.* produits issus du commerce équitable (100 % du volume total).Peut contenir des traces de lait, noisettes, noix de cajou et amandes., Conserver au frais (16-18°C), au sec et à l'abri de la lumière.]|"
26,80€ / Kg"|"
2,68 €"
644|Chocolat noir intense, force brut, coopérative El Ceibo|La tablette de 100g|[Origine : FRANCE, Le chocolat Noir Intense Bio Alter Eco vous offre toute la force brut d'un chocolat noir fabriqué dans le respect des traditions. Pour qu'il puisse dégager toute la richesse de ses arômes, les ingrédients sont malaxés pendant près de 70h (soit 3 à 6fois plus que pour un chocolat classique) dans une conche traditionnelle., Pâte de cacao* (Bolivie/Pérou), sucre de canne non raffiné* (Philippines), beurre de cacao* (Bolivie/République Dominicaine). Cacao : 58% minimum. *conforme aux standards Max Havelaar. 100% des ingrédients agricoles issus de l'agriculture biologique.Peut contenir des traces de fruits secs, d'amandes et de produits laitiers., Conserver dans un endroit frais (16-18°C) et sec.]|"
26,00€ / Kg"|"
2,60 €"
645|Chocolat noir intense, force brut, coopérative El Ceibo|La tablette de 100g|[Origine : FRANCE, Le chocolat Noir Intense Bio Alter Eco vous offre toute la force brut d'un chocolat noir fabriqué dans le respect des traditions. Pour qu'il puisse dégager toute la richesse de ses arômes, les ingrédients sont malaxés pendant près de 70h (soit 3 à 6fois plus que pour un chocolat classique) dans une conche traditionnelle., Pâte de cacao* (Bolivie/Pérou), sucre de canne non raffiné* (Philippines), beurre de cacao* (Bolivie/République Dominicaine). Cacao : 58% minimum. *conforme aux standards Max Havelaar. 100% des ingrédients agricoles issus de l'agriculture biologique.Peut contenir des traces de fruits secs, d'amandes et de produits laitiers., Conserver dans un endroit frais (16-18°C) et sec.]|"
26,00€ / Kg"|"
2,60 €"
646|Infusion sans théine rooibois|La boîte de 40g|[Origine : FRANCE, Le rooibos est une infusion de couleur corail à la texture ronde et veloutée. Les profonds sols sablonneux, l'alternance des hivers froids et humides et des étés chauds et secs procurent à cette boisson son parfum doux et subtilement vanillé., Temps d'infusion : 4 min. Température de l'eau : 90°C. Sans théine, le rooibos peut se déguster à toute heure de la journée avec ou sans lait., 100% Rooibos issu de l'agriculture biologique. Rooibos récolté en Afrique du Sud et conditionné en France., Pour préserver toute sa saveur, conservez ce produit à l'abri de la lumière, dans un endroit frais et sec.]|"
85,25€ / Kg"|"
3,41 €"
647|Infusion sans théine rooibois|La boîte de 40g|[Origine : FRANCE, Le rooibos est une infusion de couleur corail à la texture ronde et veloutée. Les profonds sols sablonneux, l'alternance des hivers froids et humides et des étés chauds et secs procurent à cette boisson son parfum doux et subtilement vanillé., Temps d'infusion : 4 min. Température de l'eau : 90°C. Sans théine, le rooibos peut se déguster à toute heure de la journée avec ou sans lait., 100% Rooibos issu de l'agriculture biologique. Rooibos récolté en Afrique du Sud et conditionné en France., Pour préserver toute sa saveur, conservez ce produit à l'abri de la lumière, dans un endroit frais et sec.]|"
85,25€ / Kg"|"
3,41 €"
648|Thé vert de Ceylan, certifié AB|Les 20 infusettes, 40g|[Origine : FRANCE, Ce thé vert de couleur jaune clair à la texture ample et moelleuse se caractérise par des notes fraiches et végétales. Ce thé vert 'mid grown' est récolté entre 500 et 1000 mètres d'altitude, dans la région montagneuse de Gampola. Dans les jardins des petits producteurs de SOFA se mêlent théiers, poivriers, canneliers et vanilliers., Temps d'infusion : 3 min dans 200 ml d'eau à 90°C. Pour une dégustation optimale, utilisez une eau filtrée ou de source., 100% thé vert Ceylan issu de l'agriculture biologique., Conservez ce thé à l'abri de la lumière, dans un endroit frais et sec.]|"
82,25€ / Kg"|"
3,29 €"
649|Thé vert de Ceylan, certifié AB|Les 20 infusettes, 40g|[Origine : FRANCE, Ce thé vert de couleur jaune clair à la texture ample et moelleuse se caractérise par des notes fraiches et végétales. Ce thé vert 'mid grown' est récolté entre 500 et 1000 mètres d'altitude, dans la région montagneuse de Gampola. Dans les jardins des petits producteurs de SOFA se mêlent théiers, poivriers, canneliers et vanilliers., Temps d'infusion : 3 min dans 200 ml d'eau à 90°C. Pour une dégustation optimale, utilisez une eau filtrée ou de source., 100% thé vert Ceylan issu de l'agriculture biologique., Conservez ce thé à l'abri de la lumière, dans un endroit frais et sec.]|"
82,25€ / Kg"|"
3,29 €"
650|Biscuits biologiques céréales, miel et noisettes|Les 4 sachets de 4 biscuits, 195g|[Origine : FRANCE, Savoureux mélange de céréales, de noisettes et de miel doré, les biscuits Equilidéj' de Bjorg, 100% biologiques*, vous séduiront par leur goût et leur croustillant lors de votre petit déjeuner. Non seulement gourmands, les biscuits Equilidéj' de Bjorg sont riches en bienfaits nutritionnels. Source de fibres, ils peuvent vous aider à atteindre la dose journalière de 30g de fibres conseillée par les experts nutritionnistes. Les biscuits Equilidéj' sont également source de magnésium et de vitamineE, éléments indispensables au bon fonctionnement de notre corps., *Céréales ((51%) *farine de blé, *flocons d'avoine, *grains de riz soufflés (*riz complet, *avoine, sel), *pétales de maïs, *son de blé), *sucre de canne roux non raffiné, *huile de palme non hydrogénée, *noisettes (8%), *graines de soja, *miel (1,4%), *lait écrémé en poudre, arôme naturel de vanille, sel marin non raffiné, poudre à lever : carbonate d'ammonium. Traces d'arachide. *100% des ingrédients d'origine agricole ont été obtenus selon les règles de la production biologique., Valeur énergétique en Joules :  2081Kj, Valeur énergétique en Kcal : 497Kcal, Glucides : 60g, Lipides : 25g, Protides :8g]|"
16,67€ / Kg"|"
3,25 €"
651|Biscuits biologiques céréales, miel et noisettes|Les 4 sachets de 4 biscuits, 195g|[Origine : FRANCE, Savoureux mélange de céréales, de noisettes et de miel doré, les biscuits Equilidéj' de Bjorg, 100% biologiques*, vous séduiront par leur goût et leur croustillant lors de votre petit déjeuner. Non seulement gourmands, les biscuits Equilidéj' de Bjorg sont riches en bienfaits nutritionnels. Source de fibres, ils peuvent vous aider à atteindre la dose journalière de 30g de fibres conseillée par les experts nutritionnistes. Les biscuits Equilidéj' sont également source de magnésium et de vitamineE, éléments indispensables au bon fonctionnement de notre corps., *Céréales ((51%) *farine de blé, *flocons d'avoine, *grains de riz soufflés (*riz complet, *avoine, sel), *pétales de maïs, *son de blé), *sucre de canne roux non raffiné, *huile de palme non hydrogénée, *noisettes (8%), *graines de soja, *miel (1,4%), *lait écrémé en poudre, arôme naturel de vanille, sel marin non raffiné, poudre à lever : carbonate d'ammonium. Traces d'arachide. *100% des ingrédients d'origine agricole ont été obtenus selon les règles de la production biologique., Valeur énergétique en Joules :  2081Kj, Valeur énergétique en Kcal : 497Kcal, Glucides : 60g, Lipides : 25g, Protides :8g]|"
16,67€ / Kg"|"
3,25 €"
652|Cereales et chicoree bio|Le bocal de 100g|[Origine : ITALIE, Ce mélange de céréales et de chicorée est une excellente alternative au café car naturellement il ne contient pas de caféine. Vous apprécierez son goût intense, à la fois amer et torréfié mais aussi la saveur délicieuse des céréales., Versez une ou deux cuillères à café dans un bol de 250 ml. Ajoutez de l'eau bouillante. Vous pouvez également ajouter du lait ou du sirop d'agave, à votre convenance., orge 38%, malt d'orge 27%, chicorÍe 23%, seigle 10%, figues, Valeur énergétique en Joules :  1532, Valeur énergétique en Kcal : 361, Glucides : 80.8, Lipides : 0, Protides :5.6, A conserver dans un endroit sec à l'abri de l'humidité.]|"
37,60€ / Kg"|"
3,76 €"
653|Cereales et chicoree bio|Le bocal de 100g|[Origine : ITALIE, Ce mélange de céréales et de chicorée est une excellente alternative au café car naturellement il ne contient pas de caféine. Vous apprécierez son goût intense, à la fois amer et torréfié mais aussi la saveur délicieuse des céréales., Versez une ou deux cuillères à café dans un bol de 250 ml. Ajoutez de l'eau bouillante. Vous pouvez également ajouter du lait ou du sirop d'agave, à votre convenance., orge 38%, malt d'orge 27%, chicorÍe 23%, seigle 10%, figues, Valeur énergétique en Joules :  1532, Valeur énergétique en Kcal : 361, Glucides : 80.8, Lipides : 0, Protides :5.6, A conserver dans un endroit sec à l'abri de l'humidité.]|"
37,60€ / Kg"|"
3,76 €"
654|Crousti' avoine chocolat|Le paquet de 500g|[Origine : ALLEMAGNE, Découvrez les Crousti' Avoine Chocolat Bjorg. Savoureux mélange d'avoine, de son d'avoine et de pépites de chocolat noir. Ces Crousti' Avoine ont une teneur réduite en acides gras saturés (-30% par rapport aux produits référents du marché) et contiennent des céréales complètes source de fibres., Flocons d'avoine complet* 47%, sucre de canne non raffinÍ*, chocolat noir* 10% (pÇte de cacao*, sucre de canne*, beurre de cacao*), riz soufflÍ* (farine de riz*), farine d'avoine* 6%, son d'avoine* 5%, huile de tournesol olÍique* 4.3% (huile de tournesol olÍique*, antioxydant : extrait de tocophÍrol), malt d'orge*, noix de coco*, sel de mer non raffinÍ., Valeur énergétique en Joules :  1851kj, Valeur énergétique en Kcal : 440kcal, Glucides : 68,9g, Lipides : 13,2g, Protides :8,8g, Conserver au frais et au sec. Bien refermer le paquet après utilisation.]|"
10,82€ / L"|"
5,41 €"
655|Crousti' avoine chocolat|Le paquet de 500g|[Origine : ALLEMAGNE, Découvrez les Crousti' Avoine Chocolat Bjorg. Savoureux mélange d'avoine, de son d'avoine et de pépites de chocolat noir. Ces Crousti' Avoine ont une teneur réduite en acides gras saturés (-30% par rapport aux produits référents du marché) et contiennent des céréales complètes source de fibres., Flocons d'avoine complet* 47%, sucre de canne non raffinÍ*, chocolat noir* 10% (pÇte de cacao*, sucre de canne*, beurre de cacao*), riz soufflÍ* (farine de riz*), farine d'avoine* 6%, son d'avoine* 5%, huile de tournesol olÍique* 4.3% (huile de tournesol olÍique*, antioxydant : extrait de tocophÍrol), malt d'orge*, noix de coco*, sel de mer non raffinÍ., Valeur énergétique en Joules :  1851kj, Valeur énergétique en Kcal : 440kcal, Glucides : 68,9g, Lipides : 13,2g, Protides :8,8g, Conserver au frais et au sec. Bien refermer le paquet après utilisation.]|"
10,82€ / L"|"
5,41 €"
656|Flocons d'avoine, 4 graines et raisins, certifié AB|Le paquet de 375g|[Origine : ALLEMAGNE]|"
8,61€ / Kg"|"
3,23 €"
657|Flocons d'avoine, 4 graines et raisins, certifié AB|Le paquet de 375g|[Origine : ALLEMAGNE]|"
8,61€ / Kg"|"
3,23 €"
658|Flocons d'avoine bio|La boîte de 500g|[Origine : FRANCE, Découvrez les flocons d'avoine Bjorg biologiques*, le plaisir naturel du petit déjeuner pour bien démarrer la journée et faire le plein d'énergie. L'avoine est  naturellement riche en magnésium et en phosphore., Ce produit se consomme aussi bien cru que cuit., Avoine complet issue de l'agriculture biologique, Valeur énergétique en Joules :  1531,2, Valeur énergétique en Kcal : 363,7, Glucides : 57,9, Lipides : 7,1, Protides :11,4, A conserver à l'abri de l'humidité.]|"
5,66€ / Kg"|"
2,83 €"
659|Flocons d'avoine bio|La boîte de 500g|[Origine : FRANCE, Découvrez les flocons d'avoine Bjorg biologiques*, le plaisir naturel du petit déjeuner pour bien démarrer la journée et faire le plein d'énergie. L'avoine est  naturellement riche en magnésium et en phosphore., Ce produit se consomme aussi bien cru que cuit., Avoine complet issue de l'agriculture biologique, Valeur énergétique en Joules :  1531,2, Valeur énergétique en Kcal : 363,7, Glucides : 57,9, Lipides : 7,1, Protides :11,4, A conserver à l'abri de l'humidité.]|"
5,66€ / Kg"|"
2,83 €"
660|Muesli aux fruits Bio|Le sachet de 750g|[Origine : FRANCE, Valeur énergétique en Joules :  1521kj, Valeur énergétique en Kcal : 1521kj, Glucides : 61,3g, Lipides : 6,3g, Protides :10,1g]|"
7,39€ / Kg"|"
5,54 €"
661|Muesli aux fruits Bio|Le sachet de 750g|[Origine : FRANCE, Valeur énergétique en Joules :  1521kj, Valeur énergétique en Kcal : 1521kj, Glucides : 61,3g, Lipides : 6,3g, Protides :10,1g]|"
7,39€ / Kg"|"
5,54 €"
662|Farine de blé type 65|Le paquet de 1kg|[Origine : ALLEMAGNE, Farine de blé type 65 issue de l'agriculture biologique., A conserver à l'abri de la chaleur et de l'humidité. Après ouverture , bien refermer le paquet.]|"
1,70€ / Kg"|"
1,70 €"
663|Farine de blé type 65|Le paquet de 1kg|[Origine : ALLEMAGNE, Farine de blé type 65 issue de l'agriculture biologique., A conserver à l'abri de la chaleur et de l'humidité. Après ouverture , bien refermer le paquet.]|"
1,70€ / Kg"|"
1,70 €"
664|Sucre de canne en morceaux, certifié AB|La boîte de 500g|[Origine : FRANCE, Le sucre en morceaux Monoprix Bio a été obtenu en moulant et en séchant des cristaux de sucre de canne biologique non raffiné. Il est naturellement parfumé., Sucre de canne du Paraguay ., A conserver à l'abri de la chaleur et de l'humidité.]|"
5,34€ / Kg"|"
2,67 €"
665|Sucre de canne en morceaux, certifié AB|La boîte de 500g|[Origine : FRANCE, Le sucre en morceaux Monoprix Bio a été obtenu en moulant et en séchant des cristaux de sucre de canne biologique non raffiné. Il est naturellement parfumé., Sucre de canne du Paraguay ., A conserver à l'abri de la chaleur et de l'humidité.]|"
5,34€ / Kg"|"
2,67 €"
666|Sucre de canne en poudre, brut non raffiné, certifié AB|Le paquet de 500g|[Origine : FRANCE, Blonvilliers étant aujourd'hui sa gamme en vous offrant un sucre biologique certifié commerce équitable. Blondvilliers Blond de Canne ne subit pas de raffinage., Sucre brut de canne bio.]|"
4,78€ / Kg"|"
2,39 €"
667|Sucre de canne en poudre, brut non raffiné, certifié AB|Le paquet de 500g|[Origine : FRANCE, Blonvilliers étant aujourd'hui sa gamme en vous offrant un sucre biologique certifié commerce équitable. Blondvilliers Blond de Canne ne subit pas de raffinage., Sucre brut de canne bio.]|"
4,78€ / Kg"|"
2,39 €"
668|Sirop d'Agave|Le flacon de 500ml|[Origine : FRANCE, Le sirop d'agave est la sève d'un cactus mexicain. C'est un sucre non raffiné qui représente une véritable alternative au sucre blanc., *100% sirop d'agave concentré. *Ingrédient d'origine agricole obtenu selon les règles de la production biologique., Valeur énergétique en Joules :  1800kj, Valeur énergétique en Kcal : 420kcal, Glucides : 106g, Lipides : 0,5g, Protides :0,5g]|"
15,22€ / L"|"
7,61 €"
669|Sirop d'Agave|Le flacon de 500ml|[Origine : FRANCE, Le sirop d'agave est la sève d'un cactus mexicain. C'est un sucre non raffiné qui représente une véritable alternative au sucre blanc., *100% sirop d'agave concentré. *Ingrédient d'origine agricole obtenu selon les règles de la production biologique., Valeur énergétique en Joules :  1800kj, Valeur énergétique en Kcal : 420kcal, Glucides : 106g, Lipides : 0,5g, Protides :0,5g]|"
15,22€ / L"|"
7,61 €"
670|Farine de blé bio|Le paquet de 1kg|[Origine : FRANCE, La farine de blé bio Francine est garantie sans grumeaux. Facile à travailler, elle est idéale pour tous les usages (crêpes, gâteaux, pâtes à tarte, sauces)., farine de blé* type 55. *Issus de l'agriculture biologique., Valeur énergétique en Joules :  1430kj, Valeur énergétique en Kcal : 337kcal, Glucides : 71g, Lipides : 1,1g, Protides :9,4g, Conservez à l'abri de la chaleur et de l'humidité.]|"
2,39€ / Kg"|"
2,39 €"
671|Sucre en poudre pure canne|La brique de 500g|[Origine : FRANCE]|"
4,58€ / Kg"|"
2,29 €"
672|Sucre en poudre pure canne|La brique de 500g|[Origine : FRANCE]|"
4,58€ / Kg"|"
2,29 €"
673|Steacks hachés, production biologique, 5% de mat. Gr|La barquette de 2x125g|[Origine : FRANCE]|"
22,88€ / Kg"|"
5,72 €"
674|Steacks hachés, production biologique, 5% de mat. Gr|La barquette de 2x125g|[Origine : FRANCE]|"
22,88€ / Kg"|"
5,72 €"
675|Steak haché, 15% de mat. Gr.|La barquette de 125g|[Origine : FRANCE]|"
14,08€ / Kg"|"
1,76 €"
676|Steak haché, 5% de mat. Gr.|Les 2 pièces de 250g|[Origine : FRANCE]|"
20,40€ / Kg"|"
5,10 €"
677|Steak haché pur boeuf, 5% de mat. Gr|La barquette de 125g|[Origine : FRANCE]|"
16,32€ / Kg"|"
2,04 €"
678|Steaks hachés, production biologique|La barquette de 2x125g|[Origine : FRANCE, Nous avons sélectionné pour vous ce produit issu de l'agriculture biologique répondant à un cahier des charges strict qui fixe son mode de production., A consommer cuit à coeur., Viande bovine française. Taux de matière grasse inférieur à 5%, rapport collagène sur protéine de viande inférieur à 12%., A conserver entre 0°C et 2°C.]|"
20,56€ / Kg"|"
5,14 €"
679|Steaks hachés, production biologique|La barquette de 2x125g|[Origine : FRANCE, Nous avons sélectionné pour vous ce produit issu de l'agriculture biologique répondant à un cahier des charges strict qui fixe son mode de production., A consommer cuit à coeur., Viande bovine française. Taux de matière grasse inférieur à 5%, rapport collagène sur protéine de viande inférieur à 12%., A conserver entre 0°C et 2°C.]|"
20,56€ / Kg"|"
5,14 €"
680|Steaks hachés frais pur boeuf, 12% de mat. Gr.|La barquette de 2x140g|[Origine : FRANCE, Race à viande origine Massif Central : les bovins proviennent exclusivement d'élevages du Massif Central. Un savoir-faire incontestable : un haché plus aéré, pour plus de moelleux dans le respect des meilleures traditions bouchères. Un goût authentique : avec moins de 10% de matières grasses, la viande hachée Monoprix Gourmet préserve toute la saveur de la viande bovine., A consommer cuit à coeur., 100% pur boeuf. Origine : France. Taux de matière grasse inférieure à 10%. Rapport collagène sur protéines inférieur à 15%., Valeur énergétique en Joules :  710, Valeur énergétique en Kcal : 170, Glucides : 0Traces, Lipides : 10g, Protides :20g, A conserver entre 0°C et +2°c.]|"
17,46€ / Kg"|"
4,89 €"
681|Steaks hachés pur boeuf, 15% de mat. Gr.|La barquette de 2x125g|[Origine : FRANCE, A consommer cuit à coeur., Pur boeuf. Origine France. Elaboré en France. 15% de matière grasse max. Rapport collagène sur protéine de viande inférieur à 15%., Valeur énergétique en Joules :  0, Valeur énergétique en Kcal : 0, Glucides : 0, Lipides : 0, Protides :0, Tenir au froid à 0°C +2°C.]|"
12,24€ / Kg"|"
3,06 €"
682|Steaks hachés pur boeuf, 5% de mat. Gr.|La barquette de 2x125g|[Origine : FRANCE, A consommer cuit à coeur., Pur boeuf. Origine : France. Elaboré en France. Taux de matière grasse inférieur à 5%. Rapport collagène sur protéine de viande inférieur à 12%., Valeur énergétique en Joules :  0, Valeur énergétique en Kcal : 0, Glucides : 0, Lipides : 0, Protides :0, Tenir au froid à 0°C +2°C.]|"
14,76€ / Kg"|"
3,69 €"
683|Steaks hachés pur boeuf, 5% de mat. Gr.|La barquette de 2x125g|[Origine : FRANCE]|"
18,56€ / Kg"|"
4,64 €"
684|Viande hachée, 5% de mat. Gr.|La barquette de 350g|[Origine : FRANCE]|"
20,17€ / Kg"|"
7,06 €"
685|Viande hachée, 5% de mat. Gr.|La barquette de 350g|[Origine : FRANCE]|"
20,17€ / Kg"|"
7,06 €"
686|Viande hachée fraîche pur boeuf, 5% de mat. Gr.|La barquette de 350g|[Origine : FRANCE, A consommer cuit à coeur., Pur boeuf. Origine France. Elaboré en France. 5% de matière grasse max. Rapport collagène sur protéine de viande inférieur à 12%., Valeur énergétique en Joules :  0, Valeur énergétique en Kcal : 0, Glucides : 0, Lipides : 0, Protides :0, Tenir au froid à 0°C +2°C.]|"
15,23€ / Kg"|"
5,33 €"
687|Viande hachée pur boeuf, 15% de mat. Gr.|La barquette de 350g|[Origine : FRANCE, 100% Viande de Boeuf 15% de mat. Gr VBF]|"
12,31€ / Kg"|"
4,31 €"
688|Viande hachée vrac, 10% de mat. Gr.|La barquette de 300g|[Origine : FRANCE]|"
17,87€ / Kg"|"
5,36 €"
689|Steaks hachés pur boeuf, 20% de mat. Gr.|Les 2 pièces de 125g|[Origine : FRANCE]|"
11,32€ / Kg"|"
2,83 €"
690|Viande hachée pur boeuf, 20% de mat. Gr.|La barquette de 650g|[Origine : FRANCE]|"
11,02€ / Kg"|"
7,16 €"
691|Steack haché tartare, 5% de mat. Gr.|La barquette de 250g|[Origine : FRANCE, Viande hachée de boeuf, Valeur énergétique en Joules :  525kj, Valeur énergétique en Kcal : 125kcal, Glucides : 0g, Lipides : 5g, Protides :20g]|"
20,56€ / Kg"|"
5,14 €"
692|Steak haché, 5% de mat. Gr.|La pièce de 130g|[Origine : FRANCE]|"
23,69€ / Kg"|"
3,08 €"
693|Steaks hachés de boeuf|La barquette de 3x100g|[Origine : FRANCE, A consommer cuit à coeur., Viande bovine 80%, eau, fibres de pousse de bambou, protéines de pois 1,7%, fécule de pomme de terre, sel, arômes, betterave rouge déshydratée, antioxydant :  E301., A conserver entre 0 et 2°]|"
15,27€ / Kg"|"
4,58 €"
694|Steaks hachés frais pur boeuf, 5% de mat. Gr.|La barquette de 2x130g|[Origine : FRANCE]|"
20,27€ / Kg"|"
5,27 €"
695|Steaks hachés pur boeuf, 15% de mat. Gr.|La barquette de 2x130g|[Origine : FRANCE]|"
16,42€ / Kg"|"
4,27 €"
696|Steaks hachés pur boeuf en petites portions, 5% de mat. Gr.|La barquette de 2x80g|[Origine : FRANCE]|"
20,25€ / Kg"|"
3,24 €"
697|Hachés frais, pur boeuf de race limousine, 5% de mat. Gr.|La barquette de 2x150g|[Origine : FRANCE]|"
19,73€ / Kg"|"
5,92 €"
698|Bavette d'aloyau|La barquette de 150g|[Origine : FRANCE]|"
36,40€ / Kg"|"
5,46 €"
699|Bavette d'aloyau, viande bovine d'origine française|La barquette de 2x140g|[Origine : FRANCE]|"
29,25€ / Kg"|"
8,19 €"
700|Bavette d'Aloyau, viande bovine d'origine française, bio|La barquette de 140g|[Origine : FRANCE]|"
46,00€ / Kg"|"
6,44 €"
701|Bavette d'Aloyau, viande bovine d'origine française, bio|La barquette de 140g|[Origine : FRANCE]|"
46,00€ / Kg"|"
6,44 €"
702|Bifteck, viande bovine d'origine française|La barquette de 140g|[Origine : FRANCE]|"
27,21€ / Kg"|"
3,81 €"
703|Faux filet|La barquette de 170g environ|[Origine : FRANCE]|"
30,24€ / Kg"|"
5,14 €"
704|Faux filet|La barquette de 170g environ|[Origine : FRANCE]|"
30,24€ / Kg"|"
5,14 €"
705|Onglet, viande bovine|La barquette de 120g|[Origine : COMMUNAUT EUROPEENNE]|"
34,25€ / Kg"|"
4,11 €"
706|Bifteck extra tendre|La barquette de 140g|[Origine : FRANCE]|"
28,79€ / Kg"|"
4,32 €"
707|Biftecks extra-tendres|La barquette de 2x140g|[Origine : FRANCE, Le meilleur de la viande. Forte de son savoir-faire et de celui de ses bouchers, Charal s'engage à vous offrir le meilleur de la viande, une viande toujours sélectionnée et contrôlée avec le plus grand soin, de l'élevage jusqu'au conditionnement., 5 minutes avant la cuisson, enlevez l'enveloppe aluminisée puis retirez le film protecteur. La viande mise sous vide est naturellement plus foncée mais elle reprendra sa couleur habituelle en quelques minutes. A poêler quelques minutes.  Poêle., Viande bovine fraîche origine France., Valeur énergétique en Joules :  467, Valeur énergétique en Kcal : 111, Glucides : 0g, Lipides : 2,5g, Protides :22g, Produit à tenir au froid entre 0°C et +4°C. Après ouverture : à conserver au réfrigérateur entre 0°C et +4°C dans un respect total des règles d'hygiène et à consommer dans les 24 heures maximum. Il vous est possible de congeler la viande Charal dans son emballage d'origine. La décongélation devra s'effectuer de préférence dans votre réfrigérateur.]|"
24,67€ / Kg"|"
7,40 €"
708|Biftecks tendres et savoureux en petites portions|La barquette de 2|[Origine : FRANCE]|"
26,36€ / Kg"|"
4,22 €"
709|Châteaubriands dans le filet, tendre et savoureux|La barquette de 2x200g|[Origine : FRANCE, Le meilleur de la viande. Forte de son savoir-faire et de celui de ses bouchers, Charal s'engage à vous offrir le meilleur de la viande, une viande toujours sélectionnée et contrôlée avec le plus grand soin, de l'élevage jusqu'au conditionnement., 5 minutes avant la cuisson, enlevez l'enveloppe aluminisée puis retirez le film protecteur. La viande mise sous vide est naturellement plus foncée mais elle reprendra sa couleur habituelle en quelques minutes. Pour les pièces à griller : à poêler quelques minutes. Pour un rôti : à cuire au four environ 15min. - th. 10.  Poêle., Viande bovine fraîche origine France., Valeur énergétique en Joules :  570, Valeur énergétique en Kcal : 136, Glucides : 0g, Lipides : 5,3g, Protides :22g, Produit à tenir au froid entre 0°C et +4°C. Après ouverture : à conserver au réfrigérateur entre 0°C et +4°C dans un respect total des règles d'hygiène et à consommer dans les 24 heures maximum. Il vous est possible de congeler la viande Charal dans son emballage d'origine. La décongélation devra s'effectuer de préférence dans votre réfrigérateur.]|"
49,03€ / Kg"|"
14,71 €"
710|Faux Filet|La barquette de 160g|[Origine : FRANCE]|"
32,39€ / Kg"|"
6,48 €"
711|Faux filets, tendre et savoureux|La barquette de 2, 380g environ|[Origine : FRANCE, Le meilleur de la viande. Forte de son savoir-faire et de celui de ses bouchers, Charal s'engage à vous offrir le meilleur de la viande, une viande toujours sélectionnée et contrôlée avec le plus grand soin, de l'élevage jusqu'au conditionnement., 5 minutes avant la cuisson, enlevez l'enveloppe aluminisée puis retirez le film protecteur. La viande mise sous vide est naturellement plus foncée mais elle reprendra sa couleur habituelle en quelques minutes. Pour les pièces à griller : à poêler quelques minutes. Pour un rôti : à cuire au four environ 15min. Th. 10.  Poêle., Viande bovine fraîche origine France., Valeur énergétique en Joules :  620, Valeur énergétique en Kcal : 148, Glucides : 0g, Lipides : 6,2g, Protides :23g, Produit à tenir au froid entre 0°C et +4°C. Après ouverture : à conserver au réfrigérateur entre 0°C et +4°C dans un respect total des règles d'hygiène et à consommer dans les 24 heures maximum. Il vous est possible de congeler la viande Charal dans son emballage d'origine. La décongélation devra s'effectuer de préférence dans votre réfrigérateur.]|"
30,64€ / Kg"|"
11,49 €"
712|Onglet|La barquette de 140g|[Origine : FRANCE]|"
39,24€ / Kg"|"
5,49 €"
713|Pavés de boeuf|La barquette de 2x140g|[Origine : FRANCE]|"
31,36€ / Kg"|"
8,78 €"
714|Rumsteck façon tournedos|La barquette de 2|[Origine : FRANCE, Rumsteck, barde de porc naturelle.]|"
34,20€ / Kg"|"
8,55 €"
715|Sauce 3 poivres, 2 personnes|Le sachet de 120g|[Origine : FRANCE, Idéale pour accompagner toutes les viandes Charal à griller ou à poêler : tournedos, entrecôtes, pavés de rumsteck  Au micro-ondes : ouvrez le sachet et mettez-le au micro-ondes pendant 1 mn à 800 watts. Au bain-marie : réchauffez 5 mn dans l'eau bouillante.  Micro-ondes. Bain-marie., Eau, crème (15%), amidon transformé de maïs, cognac, vin blanc (dont sulfites), oignons, poivres (vert réhydraté, noir, blanc: 1,6%), arômes, sel, farine de blé, sucre caramélisé, épaississants: E415, E412, ail., Valeur énergétique en Joules :  0, Valeur énergétique en Kcal : 0, Glucides : 0, Lipides : 0, Protides :0, À conserver entre 0°C et + 4°C et à consommer dans les 24 heures après ouverture.]|"
17,92€ / Kg"|"
2,15 €"
716|Sauce béarnaise, 2 personnes|Le sachet de 120g|[Origine : FRANCE]|"
17,17€ / Kg"|"
2,06 €"
717|Sauce roquefort, pour 2 personnes|Le sachet de 120g|[Origine : FRANCE]|"
18,42€ / Kg"|"
2,21 €"
718|Tournedos|La pièce de 140g|[Origine : FRANCE]|"
51,24€ / Kg"|"
7,17 €"
719|Tournedos dans le filet, tendre et savoureux|La barquette de 2x140g|[Origine : FRANCE, Le meilleur de la viande. Forte de son savoir-faire et de celui de ses bouchers, Charal s'engage à vous offrir le meilleur de la viande, une viande toujours sélectionnée et contrôlée avec le plus grand soin, de l'élevage jusqu'au conditionnement., 5 minutes avant la cuisson, enlevez l'enveloppe aluminisée puis retirez le film protecteur. La viande mise sous vide est naturellement plus foncée mais elle reprendra sa couleur habituelle en quelques minutes. Pour les pièces à griller : à poêler quelques minutes. Pour un rôti : à cuire au four environ 15min - th. 10.  Poêle., Viande bovine fraîche origine France., Valeur énergétique en Joules :  570, Valeur énergétique en Kcal : 136, Glucides : 0g, Lipides : 5,3g, Protides :22g, Produit à tenir au froid entre 0°C et +4°C. Après ouverture : à conserver au réfrigérateur entre 0°C et +4°C dans un respect total des règles d'hygiène et à consommer dans les 24 heures maximum. Il vous est possible de congeler la viande Charal dans son emballage d'origine. La décongélation devra s'effectuer de préférence dans votre réfrigérateur.]|"
49,08€ / Kg"|"
13,74 €"
720|Pavés de boeuf marinés aux 3 poivres|La barquette de 2x120g|[Origine : FRANCE]|"
25,21€ / Kg"|"
6,05 €"
721|Burgers Family|La boîte de 2, 230g|[Origine : FRANCE]|"
19,04€ / Kg"|"
4,38 €"
722|Cheeseburger doré et moelleux|La barquette de 145g|[Origine : FRANCE, Les Cheeseburger Charal Snack est préparé à partir d'une viande Charal d'origine française. Il a été élaboré à partir d'ingrédients rigoureusement sélectionnés pour un plus grand plaisir gustatif. Un effet 'doré et moelleux' garanti : cet emballage micro-ondable a été conçu pour vous apporter tout le moelleux et le doré d'un produit qui sortirait du four traditionnel., Placer l'emballage dans le micro-ondes sans l'ouvrir ni le percer. Réchauffer : 40 sec. (four 1000w). Attendez 1min. Ouvrir l'emballage.  Attention, le produit est très chaud. Micro-ondes uniquement. Ne pas réutiliser cet emballage. Viande cuite décongelée, ne pas recongeler., Préparation à base de viande hachée cuite assaisonnée 37,9% : viande de boeuf 99,6%, sel, arômes. Pain spécial 37,9% : farine de blé, eau, levure, dextrose de blé, huile de colza, huile de soja, graines de sésame, sucre, sel, gluten de blé, farine defève, émulsifiants : E471, E472e, conservateurs : E282, farine de soja, vinaigre, antioxygène : E300. Sauce 10,3% : eau, condiments au vinaigre (eau, vinaigre, graines de moutarde, sel, acidifiant : E330, sucre, curcuma, antioxygène : E224, extraitsd'épices), sucre, huile de colza, concentré de tomate, oignons, amidon transformé de maïs, cornichons, vinaigre, sel, épaississant : E415, E412, arômes, conservateurs : E202. Fromage fondu 9,8% : fromage, eau, beurre, poudre de lait écrémé, sels defonte : E331, E339, protéines de lait, arômes, poudre de lactosérum, sel, colorants : E160a, E160e. Cornichons 4% (dont saumure : eau, vinaigre, sel, conservateur : E224, affermissant : E509). Contient aussi : sulfites., Valeur énergétique en Joules :  1139, Valeur énergétique en Kcal : 272, Glucides : 22,5g, Lipides : 14g, Protides :14g, Tenir au froid : 0 +4°C.]|"
21,31€ / Kg"|"
3,09 €"
723|Cheeseburger maxi|La barquette de 220g|[Origine : FRANCE, Le Maxi Cheese Charal Snack est préparé à partir d'un pain spécial aux graines de sésame garnie d'une préparation de viande bovine française hachée cuite, de sauce, de fromage fondu et de cornichons. Il a été élaboré à partir d'ingrédients rigoureusement sélectionnés pour un plus grand plaisir gustatif. Un effet 'doré et moelleux' garanti : cet emballage micro-ondable a été conçu pour vous apporter tout le moelleux et le doré d'un produit qui sortirait du four traditionnel., Placer l'emballage dans le micro-ondes sans l'ouvrir ni le percer. Réchauffer : 70 sec. (four 1000w). Attendez 1min. Ouvrir l'emballage.  Attention, le produit est très chaud. Micro-ondes uniquement. Ne pas réutiliser cet emballage. Viande cuite décongelée, ne pas recongeler., Pain spécial 38.6% : farine de blé, eau, levure, dextrose de blé, huile de colza, graines de sésame, sucre, sel, gluten de blé, farine de fève, émulsifiants : E471, E472e, conservateurs : E282, vinaigre, antioxygène : E300. Préparation de viande hachée cuite assaisonnée 36.3% : Viande de boeuf 70%, protéines de soja réhydratées 26%, chapelure (farine de blé, sel), fibres de pois, sel, arômes, sucre caramélisé. Fromage fondu 12.9% : Fromage, eau, beurre, poudre de lait écrémé, sels de fonte : E331, E339, protéines de lait, arômes, poudre de lactosérum, sel, colorants : E160a, E160e. Sauce 9% : eau, huile végétale, cornichons, oignons, sucre, vinaigre, amidon transformé de maïs, poudre de lait écrémé, concentré de tomates, fibres végétales, sel, épaississants : E415, E412, poudre de tomate, extraits d'épices, caramel, acidifiant : E330, arômes. Cornichons 3.2% (dont saumure : eau, vinaigre, sel, conservateur : E224, affermissant : E509). Contient aussi : sulfites., Valeur énergétique en Joules :  1124, Valeur énergétique en Kcal : 269, Glucides : 22g, Lipides : 14g, Protides :13g, Tenir au froid : 0 +4°C.]|"
18,95€ / Kg"|"
4,17 €"
724|Cheeseburgers|La barquette de 2, 290g|[Origine : FRANCE, Les Cheeseburger Charal Snack est préparé à partir d'une viande Charal d'origine française. Il a été élaboré à partir d'ingrédients rigoureusement sélectionnés pour un plus grand plaisir gustatif. Un effet 'doré et moelleux' garanti : cet emballage micro-ondable a été conçu pour vous apporter tout le moelleux et le doré d'un produit qui sortirait du four traditionnel., Placer l'emballage dans le micro-ondes sans l'ouvrir ni le percer. Réchauffer : 40 sec. (four 1000w). Attendez 1min. Ouvrir l'emballage.  Attention, le produit est très chaud. Micro-ondes uniquement. Ne pas réutiliser cet emballage. Viande cuite décongelée, ne pas recongeler., Préparation à base de viande hachée cuite assaisonnée 37,9% : viande de boeuf 99,6%, sel, arômes. Pain spécial 37,9% : farine de blé, eau, levure, dextrose de blé, huile de colza, huile de soja, graines de sésame, sucre, sel, gluten de blé, farine defève, émulsifiants : E471, E472e, conservateurs : E282, farine de soja, vinaigre, antioxygène : E300. Sauce 10,3% : eau, condiments au vinaigre (eau, vinaigre, graines de moutarde, sel, acidifiant : E330, sucre, curcuma, antioxygène : E224, extraitsd'épices), sucre, huile de colza, concentré de tomate, oignons, amidon transformé de maïs, cornichons, vinaigre, sel, épaississant : E415, E412, arômes, conservateurs : E202. Fromage fondu 9,8% : fromage, eau, beurre, poudre de lait écrémé, sels defonte : E331, E339, protéines de lait, arômes, poudre de lactosérum, sel, colorants : E160a, E160e. Cornichons 4% (dont saumure : eau, vinaigre, sel, conservateur : E224, affermissant : E509). Contient aussi : sulfites., Valeur énergétique en Joules :  1071, Valeur énergétique en Kcal : 255, Glucides : 22,6g, Lipides : 12,1g, Protides :14,1g, Tenir au froid : 0 +4°C.]|"
18,79€ / Kg"|"
5,45 €"
725|Carpaccio, sauce basilic citron, viande bovine charolaise|Le plateau de 220g|[Origine : FRANCE]|"
27,86€ / Kg"|"
6,13 €"
726|Carpaccio pur boeuf, sauce huile d'olive et basilic|La barquette de 200g|[Origine : FRANCE]|"
23,45€ / Kg"|"
4,69 €"
727|Carpaccio au basilic, fin et fondant|La barquette de 230g|[Origine : FRANCE, Viande bovine, marinade épicée (huile de colza, arômes, colorant : extrait naturel de paprika). Dosette d'accompagnement : huile de colza, basilic 25%, huile d'olive, eau, jus de citron (conservateur : E224), ail, sel, poivre.]|"
26,83€ / Kg"|"
6,17 €"
728|Carpaccio au parmesan Parmigiano Reggiano et son huile d'accompagnement|La barquette de 230g|[Origine : FRANCE, La viande est une source d'énergie essentielle pour votre corps. Elle contribue à votre équilibre nutritionnel. Pour votre bien-être, Charal vous propose une gamme large et variée alliant plaisir et qualité. Forte de son savoir-faire et de celui de ses bouchers, Charal s'engage à vous offrir le meilleur de la viande : une viande toujours sélectionnée et contrôlée avec le plus grand soin, de l'élevage jusqu'au conditionnement., Viande bovine, marinade épicée (huile de colza, arômes, colorant : extrait naturel de paprika). Dosettes d'accompagnement : huile d'accompagnement 7% : huile de colza, huile d'olive (40%), parmesan râpé 6%., Valeur énergétique en Joules :  0, Valeur énergétique en Kcal : 0, Glucides : 0, Lipides : 0, Protides :0, Produit à tenir au froid entre 0°C et +4°C. Conserver ce produit dans la partie la plus froide de votre réfrigérateur. Une fois la barquette ouverte, il est possible de conserver la viande restante 24heures maximum au réfrigérateur entre 0°C et +4°C, dans un respect total des règles d'hygiène. Vous pouvez congeler la viande Charal dans son emballage d'origine. La décongélation devra s'effectuer d]|"
26,83€ / Kg"|"
6,17 €"
729|Brandade de morue|La boite de 300g|[Origine : FRANCE, Pour 1 personne. Au micro-ondes : percez de quelques trous l'opercule de la barquette et réchauffez 2min30 pour un four de 850 Watts. Retirez l'opercule de la barquette, mélangez la sauce avec le riz et dégustez. La barquette n'est pas adaptée à un réchauffage au four traditionnel., Purée de pommes de terre 45%, morceaux de filets de morue salés dessalés 34% (morue 33%, sel), crème fraiche, flocons de pommes de terre 2%, pulpe d'ail, huile d'olive vierge extra 2%, ciboulette 0,5%, sel, poivre., Valeur énergétique en Joules :  519kj, Valeur énergétique en Kcal : 124kcal, Glucides : 8,8g, Lipides : 6,6g, Protides :6,8g, A conserver entre 0°C et +4°C.]|"
13,63€ / Kg"|"
4,09 €"
730|Couscous poulet, boulettes et petits légumes|La barquette de 300g|[Origine : FRANCE, Couscous au poulet et aux petits légumes accompagnés de semoule aux raisins secs et boulette à la viande bovine., 1 personne. Au four à micro-ondes : percez l'opercule de chacun des compartiments de la barquette de quelques trous et réchauffez 2 minutes 30 environ pour un four ayant une puissance restituée de 850 Watts. La barquette n'est pas adaptée à un réchauffage au four traditionnel., Poulet et légumes 61,8% : haut de cuisse de poulet 23%, mélange de légumes 23% (carotte, courgette, navet, pois chiche, céleri), eau, double concentré de tomate, sel, amidon de maïs, arôme naturel, épices (coriandre, curcuma, romarin, fenouil, fenugrec, cumin, piment fort). Semoule aux raisins secs et boulette à la viande bovine 38,2% : eau, boulette 10% (viande bovine 8,9%, oignon, farine de blé, oeuf en poudre, persil, pulpe d'ail, sel, épices (coriandre, curcuma, romarin, fenouil, fenugrec)),semoule de blé dur 9%, huile d'olive vierge extra, raisin sec 1% (raisin sec, huile de coton), sel. Viande bovine origine France., Valeur énergétique en Joules :  636kj, Valeur énergétique en Kcal : 152kcal, Glucides : 9,3g, Lipides : 8,6g, Protides :8,6g, A conserver entre 0°C et +4°C. Conditionné sous atmosphère protectrice.]|"
9,50€ / Pce"|"
3,61 €"
731|Gratin de ravioles aux noix de Saint-Jacques, crème safranée|La barquette de 290g|[Origine : FRANCE, Spécialité gratinée à base de sauce à la crème et au safran, de ravioles et de noix de Saint Jacques., Au micro-ondes : sortez la barquette du carton et de son emballage plastique. Placez la barquette dans votre four à micro-ondes. laissez réchauffer 3 minutes à 700 watts. Au four traditionnel : préchauffez votre four à 200°C/th6. Ne jamais mettre lefour en position gril. Sortez la barquette du carton et de son emballage plastique. Placez la barquette dans le four et laissez réchauffer 15 minutes. Servez aussitôt., A conserver entre 0 et +4°C. Conditionné sous atmosphère protectrice.]|"
17,59€ / Kg"|"
5,10 €"
732|Hachis parmentier|La barquette de 300g|[Origine : FRANCE, Pour 1 personne. Au micro-ondes : percez de quelques trous l'opercule de la barquette et réchauffez 2min30 pour un four de 850 Watts. Retirez l'opercule de la barquette, mélangez la sauce avec le riz et dégustez. La barquette n'est pas adaptée à un réchauffage au four traditionnel., Purée 59,7% (purée de pommes de terre 41%, crème fraiche, eau, beurre, sel, poivre, curcuma), farce 40% (viande de boeuf cuite 30% (viande de boeuf 29,5%, sel), oignon déshydraté, oignon, brisures de champignons de Paris, farine de blé, pulpe d'ail,purée de carotte, purée de céleri, persil 0,4%, sel, thym, laurier, poivre, clou de girofle), chapelure 0,3% (farine de blé, sel)., Valeur énergétique en Joules :  624kj, Valeur énergétique en Kcal : 149kcal, Glucides : 9,3g, Lipides : 7,9g, Protides :9,6g, A conserver entre 0°C et +4°C.]|"
11,27€ / Kg"|"
3,38 €"
733|Lasagne de thon pipérade, gratinée au fromage de brebis|La boite de 290g|[Origine : FRANCE, De ses Landes natales, Hélène Darroze a gardé les intonations chantantes et le goût des bonnes choses.Auréolée de 2 étoiles, la jeune femme suit sa brillante trajectoire guidée par ses émotions. Elle s'impose aujourd'hui comme l'ambassadrice sensibleet généreuse du Sud-Ouest à Paris et Outre-Manche., 1 personne. Au bain marie, portez une grande casserole d'eau à ébullition. Hors du feu, plongez les sachets dans l'eau et laissez réchauffer 15 minutes. Au four à micro-ondes, percez le dessus des sachets de quelques trous et placez-les dans une assiette allant au four à micro-ondes. Réchauffez 2 à 3 minutes à puissance moyenne, ajustez selon la puissance du micro-ondes (750 à 900W). Ne pas placer les sachets dans un four traditionnel., Appareil thon piperade 48% : piperade 36% (tomates 15% (coulis, jus et pulpe de tomates), poivrons verts et rouges 10%, oignons 6.2%, ail 1.6%, huile d'olive, persil 0.7%, piment del pequillo 0.4% (poivrons, eau, sel, antioxydant : E330), fumet de poisson (sel, poissons blancs, arômes naturels, plante aromatique, sucre, amidon de blé, épices), gelée en poudre (gélatine porcine, dextrose de blé, sel), coriandre, sel, piment d'Espelette, thym, sucre, poivre blanc, stabilisant : E500ii), thon Listao à l'huile 12% (thon, huile de tournesol, sel). Lasagnes cuites 23% : lasagnes, eau, sel. Sauce à la tomate 16% : jus de tomate 5.3%, eau, coulis de tomate 3.3%, jus de cuisson de la piperade, huile d'olive, gelée en poudre (gélatine de porc, dextrose de blé, sel), fumet de poisson (sel, poissons blancs, arômes naturels, plantes aromatiques, sucre, amidon de blé, épices), ail, sel, poivre blanc, épaississants : E412 et E415, glucose de blé. Sauce béchamel 13% : lait demi écrémé, crème (crème delait, stabilisant : E407), fromage de brebis 3.5% (lait de brebis, sel, ferments lactiques), beurre, farine de blé, sel, noix de muscade, poivre blanc, piment d'Espelette, épaississants : E412 et E415, glucose de blé., A conserver entre 0°C et +4°C.]|"
19,59€ / Kg"|"
5,68 €"
734|Lasagnes à la bolognaise|La barquette de 350g|[Origine : FRANCE, Lasagnes à la Bolognaise., 1 personne. Au four à micro-onde : retirez complètement le film protecteur. Placez la barquette dans le four à micro-ondes, recouvrez d'une cloche spéciale micro-ondes puis réchauffez pendant 3 minutes à 750 Watts. Au four traditionnel : préchauffezle four à 200°C (th 6). Retirez complètement le film protecteur, placez la barquette dans le four et réchauffez pendant 25 minutes à 200°C (th 6). Ne pas mettre le four en position grill., Garniture 92,7% : eau, viande de boeuf 16,2%* (origine France), tomates 10,2%*, emmental 4,4%* (lait, sel, ferments lactiques, enzyme coagulante, fécule de pomme de terre), jus de tomates 4,4%*, double concentré de tomates 2,9%*, carottes, oignons, amidon transformé de maïs, lait écrémé en poudre, crème fraîche, vin blanc, farine de blé, huile de colza, basilic, sel, fond de veau (jus concentré d'os et de viande de boeuf, os et extrait de veau, sel, graisse de boeuf, carottes, oignons, champignons, poireaux, ail, tomate en poudre, eau, épices et extrait d'épices, aromates), ail, arôme naturel de poivre, sucre, thym, épaississant : gomme xanthane, arôme naturel de muscade avec autres arômes naturels, cumin, origan. *Pourcentages exprimés surla garniture. Pâte à lasagnes 7,3% : semoule de blé dur, eau., Valeur énergétique en Joules :  484kj, Valeur énergétique en Kcal : 115kcal, Glucides : 12g, Lipides : 4,3g, Protides :7,1g, A conserver entre 0°C et +4°C. Conditionné sous atmosphère protectrice. A consommer immédiatement après ouverture.]|"
7,71€ / Kg"|"
2,70 €"
735|Lasagnes au saumon|La barquette de 350g|[Origine : FRANCE, 1 personne. Au four à micro-ondes : retirez la barquette de son emballage carton. Retirez la barquette de son emballage plastique. Réchauffez-la 4 minutes à puissance maximale. Au four traditionnel : préchauffez votre four 10 minutes à 180°C (th6). Retirez la barquette de son emballage carton. Retirez la barquette de son emballage plastique. Placez la barquette sur une grille à mi-hauteur et laissez réchauffer 15 minutes. Ne pas mettre sur position gril. Malgré tout le soin apporté à la préparation des lasagnes au saumon, la présence d'arêtes reste possible., Sauce au saumon 45,7% : eau, saumon Atlantique 24%, lait écrémé en poudre, saumon fumé 4,8% (saumon Atlantique, sel), crème liquide (dont stabilisant : carraghénanes), farine de blé, matière grasse végétale de colza, préparation aromatique au poisson(maltodextrine de pomme de terre, sel, dextrose, lactose, arômes (crustacés, poisson), épice et aromates, extrait naturel de vin blanc, sucre, huile de tournesol, extrait naturel de céleri, fécule de pomme de terre, farine de blé, crevette et poisson blanc en poudre, antioxydant : acide citrique), amidon transformé de pomme de terre, concentré de tomate, arôme, sel, jus de citron concentré, persil, poivre, émulsifiant : mono- et diglycérides d'acides gras. Pourcentages exprimés sur la sauce ausaumon. Sauce blanche 27,2% : eau, lait écrémé en poudre, crème liquide (dont stabilisant : carraghénanes), amidon transformé de pomme de terre, farine de blé, matière grasse végétale de colza, sel, extraits naturels de poivre et de muscade, émulsifiant : mono- et diglycérides d'acides gras. Lasagnes aux oeufs frais précuites 22% : semoule de blé dur de qualité supérieure, eau, oeufs entiers frais pasteurisés (140g/kg de semoule). Garniture 4,3% : fromage râpé, amidon transformé de pomme de terre., Valeur énergétique en Joules :  665Kj, Valeur énergétique en Kcal : 2780Kcal, Glucides : 15g, Lipides : 7,9g, Protides :6,9g, A conserver entre 0°C et +4°C. Conditionné sous atmosphère protectrice.]|"
8,94€ / Kg"|"
3,13 €"
736|Lasagnes au saumon et aux poreaux|La barquette de 350g|[Origine : FRANCE, Lasagnes au saumon, au saumon fumé et aux poireaux., 1 personne. Au four à micro-onde : retirez complètement le film protecteur. Placez la barquette dans le four à micro-ondes, recouvrez d'une cloche spéciale micro-ondes puis réchauffez pendant 3 minutes à 750 Watts. Au four traditionnel : préchauffezle four à 200°C (th 6). Retirez complètement le film protecteur, placez la barquette dans le four et réchauffez pendant 20 minutes à 200°C (th 6). Ne pas mettre le four en position grill., Garniture 92,6% : eau, crème fraîche, saumon Salmo salar 8,7%*, poireaux 6,7%*, emmental 3%* (lait pasteurisé, fécule de pommes de terre, sel, ferments lactiques, enzyme coagulante), amidon transformé de maïs, lait écrémé en poudre, vin blanc, huilede colza, saumon fumé 1,8%* (saumon Salmo salar, sel), double concentré de tomates, farine de blé, sel, arôme naturel de saumon avec autres arômes naturels (contient poisson), jus de citron concentré, arôme naturel de poivre, arôme naturel de muscadeet autres arômes naturels, épaississant : gomme xanthane, curry (contient moutarde). *Pourcentages exprimés sur la garniture. Pâtes à lasagnes 7,4% : semoule de blé dur, eau, Valeur énergétique en Joules :  580kj, Valeur énergétique en Kcal : 139kcal, Glucides : 14g, Lipides : 6,9g, Protides :5,1g, A conserver entre 0°C et +4°C. Conditionné sous atmosphère protectrice. A consommer immédiatement après ouverture.]|"
8,69€ / Kg"|"
3,04 €"
737|Lasagnes aux chèvres et épinards|La barquette de 350g|[Origine : FRANCE, Lasagnes au fromage de chèvre et aux épinards., 1 personne. Au four à micro-onde : retirez complètement le film protecteur. Placez la barquette dans le four à micro-ondes, recouvrez d'une cloche spéciale micro-ondes puis réchauffez pendant 3 minutes à 750 Watts. Au four traditionnel : préchauffezle four à 200°C (th 6). Retirez complètement le film protecteur, placez la barquette dans le four et réchauffez pendant 25 minutes à 200°C (th 6). Ne pas mettre le four en position grill., Garniture 92,6% : eau, fromage de chèvre 20,2%*, épinards 12,4%*, emmental (lait pasteurisé, sel, ferments, enzyme coagulante, fécule de pommes de terre), amidon transformé de maïs, lait écrémé en poudre, crème fraîche, farine de blé, arôme naturel de poivre, sel, ail arôme naturel de muscade avec autres arômes naturels, épaississant : gomme xanthane.  *Pourcentages exprimés sur la garniture. Pâtes à lasagnes 7,4% : semoule de blé dur, eau., Valeur énergétique en Joules :  549kj, Valeur énergétique en Kcal : 131kcal, Glucides : 13g, Lipides : 5,6g, Protides :7,1g, A conserver entre 0°C et +4°C. Conditionné sous atmosphère protectrice. A consommer immédiatement après ouverture.]|"
9,69€ / Kg"|"
3,39 €"
738|Macaroni au jambon|La barquette de 350g|[Origine : FRANCE, Gratin de macaron au jambon cuit supérieur., 1 personne. Au four à micro-onde : retirez complètement le film protecteur. Placez la barquette dans le four à micro-ondes, recouvrez d'une cloche spéciale micro-ondes puis réchauffez pendant 3 minutes à 750 Watts. Au four traditionnel : préchauffezle four à 200°C (th 6). Retirez complètement le film protecteur, placez la barquette dans le four et réchauffez pendant 25 minutes à 200°C (th 6). Ne pas mettre le four en position grill., Eau, crème fraîche, macaronis 13,5% (semoule de blé dur, eau), jambon cuit supérieur 13% (jambon de porc, eau, sel, sirop de glucose, arômes naturels, bouillon de légumes, ferments), emmental 4,5% (lait pasteurisé, fécule de pomme de terre, sel, ferments lactiques, enzyme coagulante), amidon transformé de maïs, huile de colza, sel, arôme naturel de poivre., Valeur énergétique en Joules :  633kj, Valeur énergétique en Kcal : 151kcal, Glucides : 14g, Lipides : 7,5g, Protides :6,9g, A conserver entre 0°C et +4°C. Conditionné sous atmosphère protectrice. A consommer immédiatement après ouverture.]|"
8,63€ / Kg"|"
3,02 €"
739|Poulet aux épices tandoori, riz basmati|La boite de 280g|[Origine : FRANCE, Pour 1 personne. Au micro-ondes : percez de quelques trous l'opercule de la barquette et réchauffez 2min30 pour un four de 850 Watts. Retirez l'opercule de la barquette, mélangez la sauce avec le riz et dégustez. La barquette n'est pas adaptée à un réchauffage au four traditionnel., Poulet aux épices 51,8% : aiguillette de poulet 26,8%, eau, fromage blanc (lait écrémé, crème, ferments lactiques), crème fraiche, concentré de tomate, mangue, épices tandoori 0,7% (curry (curcuma, coriandre, graine de moutarde, fenugrec, cumin, piment), paprika, poivre), pulpe d'ail, amidon de maïs, sel, jus de citron. Riz basmati cuisiné 48,2% : riz cuit 46% (eau, riz), huile d'olive vierge extra, sel., Valeur énergétique en Joules :  557kj, Valeur énergétique en Kcal : 132kcal, Glucides : 16g, Lipides : 3g, Protides :10g, A conserver entre 0°C et +4°C. Conditionné sous atmosphère protectrice.]|"
11,79€ / Kg"|"
3,30 €"
740|Quinoa crémeux, ricotta épinard, filet de poulet au piment d'Espelette|La barquette de 300g|[Origine : FRANCE, Plat cuisiné à base de quinoa à la crème, aux épinards et à la ricotta et de filet de poulet cuisiné au piment d'Espelette., Bain marie : portez dans une grande casserole d'eau à ébullition. Hors du feu, plongez la barquette dans l'eau et laissez réchauffer 15 min. Micro-ondes : percez le film et réchauffez 2-3 min au micro-ondes à puissance moyenne. Ne pas placer la barquette dans un four traditionnel., Quinoa à la crème 77% (quinoa cuit (eau, quinoa 9,8%, sel, curcuma), crème 18%, eau, épinards 6,1%, fromage ricotta 3,6% (lait de vache, lactosérum, correcteur d'acidité : acide citrique), oignon, asperges 2,2%, fond de volaille aromatisé déshydraté(sel, fécule de pomme de terre, arômes naturels, graisse de poulet, plantes aromatiques, poulet, poireaux, levure, épices), huile d'olive, amidon de maïs, sel, poivre), filet de poulet cuisiné 23% (morceaux de filet de poulet cuit 21% (filet de poulet 20%, sel), huile d'olive, beurre, persil, paprika, piment d'Espelette AOP 0,02%). Traces de gluten oeuf, poisson, crustacé, mollusque, céleri, soja, moutarde, fruits à coque, sésame et arachide., Valeur énergétique en Joules :  685kj, Valeur énergétique en Kcal : 164kcal, Glucides : 7,9g, Lipides : 9,3g, Protides :11g, A conserver entre 0°C et +4°C.]|"
19,07€ / Kg"|"
5,72 €"
741|Risotto au poulet et aux cèpes|La boite de 300g|[Origine : FRANCE, De ses Landes natales, Hélène Darroze a gardé les intonations chantantes et le goût des bonnes choses. Auréolée de 2 étoiles, la jeune femme suit sa brillante trajectoire guidée par ses émotions.Elle s'impose aujourd'hui comme l'ambassadrice sensibleet généreuse du Sud-Ouest à Paris et Outre-Manche., Pour 1 personne. Au bain marie, portez une grande casserole d'eau à ébullition. Hors du feu, plongez la barquette dans l'eau et laissez réchauffer 15 minutes. Au four à micro-ondes, percez le dessus de la barquette de quelques trous et placez-la dansune assiette allant au four à micro-ondes. Réchauffez 2 à 3 minutes à puissance moyenne, ajustez selon la puissance du micro ondes (750 à 900W). Ne pas placer la barquette dans un four traditionnel., Risotto 85% : riz cuit 44% (eau, riz), crème (crème de lait, stabilisant : E407), cèpes en saumure 9% (cèpes 4%, huile de tournesol, sel, ail, poivre, extrait de levure, arôme, correcteur d'acidité : E270, antioxydant : E300), oignon, spécialité fromagère (lait, sel, présure, conservateur : E1105 (oeuf)), échalote, huile d'olive vierge extra, fond de volaille (sel, farine de blé, arôme, graisse de poule et viande déshydratée de poulet, fécule de pomme de terre, oignon, poireau, ail, extrait de poivre, antioxygène : extrait de romarin), persil 1%, vin blanc réduit, ail, colorant : E150c, piment d'Espelette 0,07%, épaississants : E412 et E415, poivre blanc, glucose de blé. Poulet cuisiné 15% : blanc de poulet cuit 12% (blanc de poulet 10%, dextrose, sel, stabilisant : E407 et E451, arôme naturel), échalote, persil 0,8%, huile de tournesol, ail, piment d'Espelette 0,02%, thym, sel, poivre, extrait de levure, arôme, correcteur d'acidité : E270, antioxydant : E300. Présence possible d'arachides, céleri, crustacés, mollusques, moutarde, fruits à coques, poisson, sésame, soja., A conserver entre 0°C et +4°C.]|"
19,07€ / Kg"|"
5,72 €"
742|Risotto aux crevettes et aux pointes d'asperges, sauce Tom Yam|La barquette de 300g|[Origine : FRANCE, Risotto aux crevettes à la thaïlandaise, cuisiné à la citronnelle et aux épices., Percez le film et réchauffez 4 min au micro-ondes pour un four ayant une puissance restituée de 800 Watts., Valeur énergétique en Joules :  545, Valeur énergétique en Kcal : 130, Glucides : 16, Lipides : 5,4, Protides :3,8, A conserver entre 0°C et +4°C.]|"
19,07€ / Kg"|"
5,72 €"
743|Risotto champignon parmesan|La barquette de 300g|[Origine : FRANCE, Pour 1 personne. Au micro-ondes : percez de quelques trous l'opercule de la barquette et réchauffez 2min30 pour un four de 850 Watts. Retirez l'opercule de la barquette, mélangez la sauce avec le riz et dégustez. La barquette n'est pas adaptée à un réchauffage au four traditionnel., Riz cuit 38% (eau, riz), brisure de champignon de Paris 19% (contient sulfites), crème fraîche 14%, eau, cèpe 4,5%, trompette de la mort 3,8%, échalote 3,6%, huile de tournesol, beurre 1,8%, parmesan 1,1% (lait, sel, présure animale), sel, pulpe d'ail, amidon de maïs, poivre., Valeur énergétique en Joules :  616kj, Valeur énergétique en Kcal : 148kcal, Glucides : 15g, Lipides : 8,3g, Protides :2,7g, A conserver entre 0°C et +4°C. Conditionné sous atmosphère protectrice.]|"
13,70€ / Kg"|"
4,11 €"
744|Risotto saumon asperges|La barquette de 300g|[Origine : FRANCE, Riz cuisiné au saumon et aux asperges., Pour 1 personne. Au four à micro-ondes : percez de quelques trous l'opercule de la barquette et réchauffez 2min30 pour un four ayant une puissance restituée de 850 Watts. Retirez l'opercule de la barquette et dégustez. La barquette n'est pas adaptéeà un réchauffage au four traditionnel., Sauce risotto 57,8% (eau, crème fraîche 19%, échalote 4,9%, beurre 2,1%, jus de citron, pulpe d'ail, amidon de maïs, sel, aneth 0,1%, poivre, curcuma), morceaux de filet de saumon 20,4%, riz assaisonné 16,2% (riz 14%, huile de tournesol, sel, poivre), asperges vertes 5,6%., Valeur énergétique en Joules :  749kj, Valeur énergétique en Kcal : 180kcal, Glucides : 12g, Lipides : 12g, Protides :5,7g, A conserver entre 0°C et +4°C. Conditionné sous atmosphère protectrice.]|"
13,70€ / Kg"|"
4,11 €"
745|Tagliatelles carbonara à la crème fraîche|La boite de 350g|[Origine : FRANCE, Pâtes à la crème fraîche et aux lardons cuits fumés., Au micro-ondes : retirez la barquette de son emballage carton. Percez de quelques trous l'opercule de la barquette et réchauffez 2 min 30 pour un four ayant une puissance restituée de 850 watts. Retirez l'opercule de la barquette et dégustez. La barquette n'est pas adaptée à un réchauffage au four traditionnel., Pâtes tagliatelles cuites 45% (eau, semoule de blé dur de qualité supérieure), crème fraîche 16%, eau, lardons cuits fumés 12% (poitrine de porc, sel, dextrose, conservateurs : érythorbate de sodium et nitrite de sodium), emmental râpé, huile de tournesol, farine de blé, sel, épaississant : gomme xanthane., Valeur énergétique en Joules :  789kj, Valeur énergétique en Kcal : 189kcal, Glucides : 13g, Lipides : 12g, Protides :6,8g, A conserver entre 0°C et +4°C.]|"
8,97€ / Kg"|"
3,14 €"
746|Tajine de poulet aux légumes et citron confit|La barquette de 300g|[Origine : FRANCE, Plat cuisiné à base de légumes, de poulet et de citron confit., Percez le film et réchauffez 4 min au micro-ondes pour un four ayant une puissance restituée de 800 Watts., A conserver entre 0°C et +4°C.]|"
19,07€ / Kg"|"
5,72 €"
747|Gratin de choux fleurs au jambon|La barquette de 280 g|[Origine : FRANCE, Les ingrédients sont cuisinés selon la recette élaborée par nos chefs cuisiniers, et mis dans une barquette fermée hermétiquement. Ils sont ensuite cuits à basse température à l'intérieur même de l'emballage. Ce mode de cuisson permet de garantir unebonne conservation sans avoir recours à des additifs, tout en préservant la qualité et les saveurs des ingrédients., Pour 1 pers. 2min au micro-ondes. Pour nos gratins, ôtez le film puis placez la barquette dans votre four à micro-ondes et laissez réchauffer 2min à 750 watts (ajuster le temps de réchauffage suivant la puissance de votre four). Ne pas placer la barquette dans un four traditionnel., 130g de choux-fleurs. 92g de sauce préparée avec de la crème fraîche, de l'eau, de la poudre de lait écrémé, de l'amidon transformé de riz, de la gélatine de volaille, de l'huile de colza, de l'oeuf, de la farine de blé, du sel, de la muscade, du poivre et de l'épaississant : gomme de xanthane. 41g de jambon cuit choix : jambon de porc 91%, sirop de glucose, sel, bouillons (eau, os de porc, viande de porc, céleri, plantes aromatiques, épices, dextrose), antioxydant : érythorbate de sodium, conservateur : nitrite de sodium. 17g d'emmental. Cette recette contient du céleri, du lait, de l'oeuf et du blé. Sans colorant., Valeur énergétique en Joules :  488kj, Valeur énergétique en Kcal : 117kcal, Glucides : 3,4g, Lipides : 7,6g, Protides :8,2g, A conserver au frais entre 0°C et +4°C. Ce produit peut être congelé avant la date limite de consommation et conservé à -18°C pendant 2 mois au plus. Après décongélation au réfrigérateur, consommer rapidement et ne pas recongeler.]|"
15,79€ / Kg"|"
4,42 €"
748|Gratin de pommes de terre , saumon, épinards|La boite de 300g|[Origine : FRANCE, Valeur énergétique en Joules :  469kj, Valeur énergétique en Kcal : 112kcal, Glucides : 10g, Lipides : 4,2g, Protides :7,9g]|"
13,23€ / Kg"|"
3,97 €"
749|Poulet à la crème et purée de pommes de terre|La barquette de 300g|[Origine : FRANCE, Pour 1 personne. Au micro-ondes : percez de quelques trous l'opercule de la barquette et réchauffez 2min30 pour un four de 850 Watts. Retirez l'opercule de la barquette, mélangez la sauce avec le riz et dégustez. La barquette n'est pas adaptée à un réchauffage au four traditionnel., Purée de pommes de terre 50% (purée de pommes de terre 35%, crème fraiche 7%, eau, beurre, sel, poivre, curcuma), aiguillettes de poulet 25%, sauce 20% (crème fraiche 10%, eau, cèpes, échalote, amidon de maïs, pulpe d'ail, persil déshydraté 0,2%, sel, jus de citron concentré, poivre), brisures de champignons de Paris 5%., Valeur énergétique en Joules :  521kj, Valeur énergétique en Kcal : 125kcal, Glucides : 6,1g, Lipides : 6,5g, Protides :10g, A conserver entre 0°C et +4°C.]|"
13,70€ / Kg"|"
4,11 €"
750|Chili con carne épicé|La barquette de 280g|[Origine : FRANCE, Savourez ce Spicy Chili Con Carne, recette mythique du sud des Etats-Unis, délicieusement épicée. Notre version est très aromatique : saveurs de piment, paprika, ail, cumin, origan, clous de girofle. Régalez vous !, 1 personne. Au micro-ondes : percez l'opercule de la barquette et réchauffez 2 min à 800W. Au bain-marie : dans une casserole d'eau frémissante laissez réchauffer la barquette fermée pendant 7 minutes. Ne convient pas au four traditionnel., Chili con carne : haricot rouge 24%, coulis de tomates, préparation à base de viande cuite de boeuf 7,6%, eau, tomate pelée, oignon 3,8%, échalote, fond aromatisé déshydraté (fécule de pomme de terre, arômes naturels, sel, plantes aromatiques, tomate, levure, chicorée, huile de tournesol, sucre, viandes de boeuf, épices), huile de tournesol, ail 0,9%, mélange d'épices 0,2% (piment fort, paprika, ail, cumin, origan, clous de girofle), sel, colorant : caramel ordinaire, riz cuit : eau, riz 10%, sel. Peut contenir des traces de gluten, lait, oeuf, poisson, crustacé, mollusque, céleri, soja, moutarde, sésame, fruits à coque, arachide et sulfites. Sans conservateur. Sans exhausteur de goût. Sans huiles hydrogénées. Sans huile de palme. Sans OGM., Valeur énergétique en Joules :  521kj, Valeur énergétique en Kcal : 123kcal, Glucides : 19,3g, Lipides : 2,4g, Protides :6,2g, A conserver entre 0°C et +4°C.]|"
23,93€ / Kg"|"
6,70 €"
751|Crevettes Vatapa, lait de coco gingembre cacahuète|La barquette de 270g|[Origine : FRANCE, Savourez nos crevettes Vatapa, recette mythique brésilienne. Croquantes crevettes marinées dans une délicieuse sauce au lait de coco, gingembre, coriandre, piment et cacahuète. Un voyage par les sens !, 1 personne. Au micro-ondes : percez l'opercule de la barquette et réchauffez 2 min à 800W. Au bain-marie : dans une casserole d'eau frémissante, laissez réchauffer la barquette fermée pendant 7 minutes. Ne convient pas au four traditionnel., Riz cuit : eau, riz basmati 17%, sel, poivre, crevettes cuisinées au lait de coco : crevette 18%, lait de coco 10% (extrait de coco, eau), coulis de tomates, oignon, poivron rouge 2%, poivron jaune, ail, fumet de poisson aromatisé (sel, poissons blancs, oignons, arômes naturels, sucre, huile de tournesol, extrait de vin blanc, amidon de blé, jus de citron, ail), noix de coco râpée 1,8%, gingembre moulu 0,7%, amidon de maïs, coriandre, sel, paprika, piment fort, cacahuète grillée 3,5%. Peut contenir des traces de lait, oeuf, mollusque, céleri, soja, moutarde, sésame, fruits à coque et sulfites. Sans OGM. Sans huile de palme. Sans colorant. Sans conservateur. Sans exhausteur de goût., Valeur énergétique en Joules :  488kj, Valeur énergétique en Kcal : 116kcal, Glucides : 12,2g, Lipides : 4,8g, Protides :6g, A conserver entre 0°C et +4°C.]|"
24,81€ / Kg"|"
6,70 €"
752|Cabillaud tom-yam, coco citronnelle et écrasé de pommes de terre au beurre|La barquette de 300g|[Origine : FRANCE, Des restaurants parisiens glamours et chics dans les plus beaux endroits de la capitale. Des recettes raffinées et gourmandes pour des repas variés et équilibrés., Percez le dessus de la barquette de quelques trous et réchauffez au micro-ondes 2mn à 800W. Sortez la barquette et laissez-la refroidir quelques secondes avant d'ouvrir l'opercule. Ne convient pas au four traditionnel.  Micro-ondes., Ecrasé de pomme de terre 50% (pomme de terre 46%, beurre 3.9%, sel), cabillaud 23.3%, sauce tom yam 23.3% (lait de coco 20% (extrait de noix de coco, eau, émulsifiant E435), purée de citron 1.6% (sucre), pâte tom yam 1.1% (eau, citronnelle, piment rouge, oignon, sel, huile de palme, sucre, galanga, feuille de citronnier, exhausteur de goût E621, ADD, acide citrique E330, colorant paprika E160c), amidon modifié de maïs, sucre, curcuma 0.2%, sel), carottes 3.4%., A conserver entre 0°C et +4°C.]|"
22,33€ / Kg"|"
6,70 €"
753|Curry de lentilles, pois cassés butternut et coriandre|La barquette de 290g|[Origine : FRANCE]|"
22,38€ / Kg"|"
6,49 €"
754|Linguine chic , crevettes, coriandre, ail et poivre noir|La boite de 270g|[Origine : FRANCE, Une recette délicieusement parfumée. Linguine al dente, crevettes croquantes, mariage fort en goût d'ail, coriandre, curcuma et poivre noir., Au micro-ondes : percez le film transparent de quelques trous et réchauffez au micro-ondes 2 minutes à 800W. Sortez la barquette et laissez la refroidir quelques secondes avant d'ouvrir l'opercule. Au bain-marie : laissez réchauffer la barquette sansl'ouvrir dans une casserole d'eau frémissante pendant 7 minutes. Ne convient pas au four traditionnel., Linguine cuisinées 81% : linguine cuites 63% (eau, semoule de blé), eau, beurre, ail 3%, fumet de poisson (sel, poisson blanc en poudre, oignon, arômes naturels, sucre, huile de tournesol, extrait de vin blanc, amidon de blé, jus de citron, ail), coriandre 1%, champignons noirs déshydratés 1%, amidon de maïs, sel, poivre noir 0,1%, curcuma, crevettes cuites 19% : crevettes 18%, sel, persil, poivre noir 0,01%. Peut contenir des traces d'oeuf, mollusques, fruits à coque, sésame, sulfites, soja, moutarde, céleri., A conserver entre 0°C et +4°C.]|"
24,81€ / Kg"|"
6,70 €"
755|Macaroni sauce morilles, crémeux et corsé|La barquette de 290g|[Origine : FRANCE, La délicieuse sauce morille Costes, crémeuse et puissante en saveurs, sur des macaronis al dente., 1 personne. Au micro-ondes : percez le film transparent de quelques trous et réchauffez au micro-ondes 2 à 3 minutes selon la puissance (de 750 à 900W). Sortez la barquette et laissez-la refroidir quelques secondes avant d'ouvrir l'opercule. Au bain-marie : laissez réchauffer la barquette sans l'ouvrir dans une casserole d'eau frémissante pendant 7 minutes. Ne convient pas au four traditionnel., Macaroni cuisinés 65% : macaroni cuits (eau, semoule de blé dur, poudre de blanc d'oeuf), sel, curcuma. Sauce morilles 35% : eau, crème 12% (crème de lait, stabilisant : carraghénanes E407), emmental, roux (farine de blé, beurre), échalote, fond de volaille (sel, farine de blé, arômes, graisse de poulet, fécule de pomme de terre, poulet déshydraté, oignon, poireau, ail, extrait de poivre, antioxydant : extrait de romarin), porto, morilles 0,9%, mini queues de morilles déshydratées 0,9%, arôme naturel champignon, colorant : caramel E150c, poivre blanc. Peut contenir des traces de poisson, crustacé, mollusque, soja, céleri, moutarde, sulfites, fruits à coque, sésame., Valeur énergétique en Joules :  671kj, Valeur énergétique en Kcal : 160kcal, Glucides : 17,3g, Lipides : 7,8g, Protides :5,2g, A conserver entre 0 et +4°C.]|"
23,10€ / Kg"|"
6,70 €"
756|Poulet Tikka Masala, gingembre, coriandre et yaourt|La barquette de 280g|[Origine : FRANCE]|"
23,93€ / Kg"|"
6,70 €"
757|Quinoa vert, asperges, petits pois, haricots verts|La barquette de 270g|[Origine : FRANCE, Une recette saine et équilibrée : le quinoa est un carburant d'exception! Digeste, sans gluten, riche en protéines, en fer ainsi qu'en acides aminés essentiels., Quinoa : 66,7%, eau, quinoa 23%, huile d'olive, sel, persil, coriandre, ciboulette, poivre blanc, légumes : 33,3%: épinard branche (spinacia olearacea. L), asperge 10%, petit pois 8%, haricot vert 8%., A conserver entre 0°C et +4°C.]|"
21,93€ / Kg"|"
5,92 €"
758|Risotto au crabe, crémeux épicé|La barquette de 290g|[Origine : FRANCE, Sublime risotto crémeux au crabe, gourmand et puissant en saveurs. Parfums de citronnelle, curcuma, galanga et piment. Parfait accompagné de quelques sucrines., 1 personne. Au micro-ondes : percez le film transparent de quelques trous et réchauffez au micro-ondes 2 à 3 minutes selon la puissance (de 750 à 900W). Sortez la barquette et laissez-la refroidir quelques secondes avant d'ouvrir l'opercule. Au bain-marie : laissez réchauffer la barquette sans l'ouvrir dans une casserole d'eau frémissante pendant 7 minutes. Ne convient pas au four traditionnel., Riz cuit 38% (eau, riz), crème 25% (crème de lait, stabilisant : carraghénanes E407), lait de coco, chair de crabe 5,8%, oignons, cabillaud, petit pois 2,7%, huile d'olive, échalote, carotte 1,5%, fromages râpés (lait, sel, présure animale, conservateur : E1105 (boeuf), pâte tom yam 0,8% (huile de soja, citronnelle, échalote, eau, jus de citron, sel, piment, galanga, sucre, feuille de bergamote, exhausteur de goût E621, colorant E160c, conservateur E211), fumet de poisson (sel, poissons blancs,oignons, arômes naturels, sucre, huile de tournesol, extrait de vin blanc, amidon de blé, jus de citron, ail), arôme saint jacques, curcuma 0,06%, sel, épaississants (E412, E415), sucre. Peut contenir des traces de soja, fruits à coque, céleri, moutarde, sésame, mollusques., Valeur énergétique en Joules :  855kj, Valeur énergétique en Kcal : 205kcal, Glucides : 19,3g, Lipides : 12,1g, Protides :4,7g, A conserver entre 0 et +4°C.]|"
23,10€ / Kg"|"
6,70 €"
759|Risotto au poulet, asperges et morilles|La barquette de 300g|[Origine : FRANCE, Cette recette a été créée au 239 rue Saint Honoré à Paris dans les cuisines de l'hôtel Costes. La base de ce risotto est la fabuleuse sauce morille Costes, très crémeuse et gourmande., Percez le dessus de la barquette de quelques trous et réchauffez au micro-ondes 2mn à 800W. Sortez la barquette et laissez-la refroidir quelques secondes avant d'ouvrir l'opercule. Ne convient pas au four traditionnel., Garniture 83% : riz cuit 55% (eau, riz), crème (crème de lait, stabilisant E407), asperges 6%, oignon, morilles 2%, échalote, huile d'olive, fond de volaille (sel, farine de blé, arômes, poulet : graisse de poulet, viande déshydratée, fécule de pommede terre, oignon, poireau déshydraté, ail, extrait de poivre, antioxygène : extrait de romarin), vin blanc, parmesan râpé (Parmigiano Reggiano, Grana Padano (lait, sel, présure animale, conservateur : E1105 (oeuf))), sel, poivre blanc, épaississants: E412, E415, sucre, poulet rôti 17% : cuisse de poulet, eau, dextrose de blé, sel, polyphosphates : E450, E451, émulsifiant : E407, antioxydant : E316., Valeur énergétique en Joules :  679Kj, Valeur énergétique en Kcal : 162kcal, Glucides : 18g, Lipides : 7,6g, Protides :5,4g, A conserver entre 0°C et +4°C.]|"
22,33€ / Kg"|"
6,70 €"
760|Epinards à  la béchamel|La boite de 350g|[Origine : FRANCE, Ce légume-feuille est connu pour ses vertus curatives favorisant une digestion heureuse. Riche en fibres, minéraux et vitamines., Bain-marie : portez une grande casserole d'eau à ébullition. Plongez la barquette dans l'eau et laissez réchauffer hors du feu 4 à 5 min. Micro-ondes : percez le dessus de la barquette de quelques et placez au micro-ondes. Réchauffez 2 à 3 min à puissance moyenne, ajustez ce temps selon la puissance du four utilisé., Epinards 60%, crème 40% : lait demi écrémé, crème liquide (crème de lait, stabilisant E407), farine de blé, beurre, sel, fécule de pomme de terre et de manioc, noix de muscade, poivre blanc., Valeur énergétique en Joules :  403kj, Valeur énergétique en Kcal : 97kcal, Glucides : 6,6g, Lipides : 6,2g, Protides :3,6g, Ce produit doit être conservé entre 0°C et +4°C.]|"
13,09€ / Kg"|"
4,58 €"
761|Blanquette de veau à l'ancienne et riz blanc, cuisson séparée|La barquette de 330g|[Origine : FRANCE, Une bonne recette, c'est aussi de bons ingrédients. Nos cuisiniers ont sélectionné, parmi tous les muscles, la partie collier bas carré pour son moelleux et sa tendreté.Pour la qualité de notre sauce, pas de bouillons tout prêts ! Nous préparons dansnos ateliers notre bouillon de volaille dans la tradition culinaire sans ajout d'exhausteurs de goût., 1 personne. Micro-ondes (2min30) : placez les sachets dans une assiette après les avoir percés de quelques trous. Placez l'assiette dans votre micro-ondes et laissez réchauffer 2min30 à 750 Watts (ajustez le temps de réchauffage selon la puissance devotre four). Bain-marie (20min) : plongez les sachets non ouverts dans l'eau frémissante. Ne pas couvrir. Pour servir : tirez sur l'amorce pour ouvrir facilement les sachets. Ne pas placer les sachets dans un four traditionnel., 210g de blanquette de veau, sauce crème, carottes et champignons : préparée avec 90g de bas de carré de veau (42%) coupé en morceaux et assaisonné avec du sel et de l'amidon de riz, poché et mijoté dans une sauce cuisinée avec du bouillon de volaille(eau, os de poulet, sel), de la crème fraîche, de l'eau, des carottes (9,5%), des champignons (7,7%), de l'amidon transformé de riz, de la fibre de chicorée, du concentré de champignons (dont sel, huile de colza), de la farine de blé, du sel, du jusde citron et du piment. 120g de riz blanc : riz blanc cuit (93%) assaisonné d'huile de colza et de sel. % exprimé sur le poids de chaque préparation. Informations destinées aux personnes allergiques : cette recette contient du lait et du blé. Sans conservateur. Sans huile de palme. Sans colorant. Sans exhausteur de goût. Sans huiles hydrogénées. 452 Kcal pour la portion., Valeur énergétique en Joules :  578, Valeur énergétique en Kcal : 138,1, Glucides : 14, Lipides : 5, Protides :9,1, A conserver au frais entre 0° et +4°C. Ce produit peut être congelé avant la date limite de consommation et conservé à -18°C pendant 2 mois au plus. Après décongélation au réfrigérateur, consommer rapidement et ne pas recongeler.]|"
16,06€ / Kg"|"
5,30 €"
762|Boeuf bourguignon aux pommes de terre et carottes|La barquette de 300g|[Origine : FRANCE, Nos cuisiniers ont sélectionné pour notre bourguignon des morceaux de boeuf issus de la filière VBF Viande Bovine Française qui garantit l'origine France depuis la naissance de l'animal. Nous avons privilégié une filière de champignons de Paris totalement intégrée et engagée vers une culture responsable et durable., 1 personne. Sachets à ouverture facile. Micro-ondes : placez les sachets dans une assiette après les avoir percés de quelques trous. Placez l'assiette dans votre four à micro-ondes et laissez réchauffer 1 minute le sachet de viande puis 2 minutes l'ensemble à 750 W (ajuster le temps de réchauffage selon la puissance de votre four). Bain-marie : plongez les sachets non ouverts dans l'eau frémissante 20 minutes. Ne pas couvrir. Pour servir : tirez sur l'amorce pour ouvrir facilement les sachets. Ne pas placer les sachets dans un four traditionnel., .51.7% de boeuf bourguignon : boeuf cuit 48% (boeuf 90%, sel, glucose), vin rouge (23%), champignons de Paris (11%), jus de cuisson du boeuf, eau, concentrÍ de tomates, amidon de riz, farine de blÍ,  oignons, concentrÍ de champignons (eau, champignon, sel, huile de colza), sucre, extrait de malt d'orge, sel, poivre, thym, laurier. .48.3% de pommes de terre et carottes persillÍes : Pommes de terre 60% (pommes de terre, sel), carottes 37%, sel, persil 0.6%. % exprimÍs sur le poids de chaque prÍparation., Valeur énergétique en Joules :  375kj, Valeur énergétique en Kcal : 89kcal, Glucides : 6,4g, Lipides : 2,2g, Protides :10g, A conserver entre 0°C et +4°C. Ce produit peut être congelé avant la date limite de consommation et conservé à -18°C pendant 2 mois au plus. Après décongélation au réfrigérateur, consommer rapidementet ne pas recongeler.]|"
18,73€ / Kg"|"
5,62 €"
763|Brandade de morue parmentier à la crème fraîche|La barquette de 330g|[Origine : FRANCE, Une bonne recette, c'est aussi de bons ingrédients., 1 personne.Micro-ondes : 3 min. Placez le sachet dans une assiette après l'avoir percé de quelques trous. Placez l'assiette dans votre four à micro-ondes et laissez réchauffer 3 min à 750 Watts (ajustez le temps de réchauffage selon la puissance de votre four). Bain-marie : 15 min. Plongez le sachet non ouvert dans l'eau frémissante. Ne pas couvrir. Pour servir : tirez sur l'amorce pour ouvrir facilement le sachet. Ne pas placer les sachets dans un four traditionnel., 210g de purée de pommes de terre préparée avec de l'eau, des pommes de terre 26% (dont sel), des flocons de pommes de terre 8,7% (dont extrait d'épices), de la crème fraîche (5,5%), de la poudre de lait entier, du poivre, du persil et du curcuma. 120g de morue cuisinée : morue 85% (cabillaud salé) effilochée assaisonnée avec de l'huile d'olive vierge extra, de l'ail et de l'huile de colza. % exprimés sur le poids de chaque préparation. Informations destinées aux personnes allergiques : cette recette contient du poisson et du lait. Sans colorant, sans conservateur, sans exhausteur de goût, sans huiles hydrogénées, sans gluten., A conserver au frais entre 0°C et +4°C. Ce produit peut être congelé avant la date limite de consommation et conservé à -18°C pendant 2 mois au plus. Après décongélation au réfrigérateur, consommer rapidement et ne pas recongeler.]|"
16,06€ / Kg"|"
5,30 €"
764|Cassolette de St-Jacques aux poireaux déjà gratiné|La barquette de 140g|[Origine : FRANCE, Un mode de conservation maîtrisé : Fleury Michon, le créateur des plats cuisinés au rayon traiteur frais, maîtrise ce savoir-faire depuis plus de 30 ans !, 8min au four traditionnel. Préchauffez votre four à 180°C - 200°C. Enlevez le film. Sortez la cassolette de son emballage plastique. Placez-la dans le four. Laissez réchauffer environ 8 minutes. 1min30 au four micro-ondes. Percez de quelques trous lefilm de la cassolette à l'aide d'une fourchette. Placez la cassolette dans votre four à micro-ondes. Laissez réchauffer 1 minute 30 à 750 watts., 28g de Noix de Saint-Jacques cuites à la vapeur.13g de champignons de Paris émincés et cuits. 26g de poireaux coupés en petits morceaux et blanchis. 63g de sauce cuisinée à partir du jus de cuisson des noix, de crème fraîche, d'eau, de jus de champignons, de jaune d'oeuf, d'échalote, de beurre, d'amidon transformé de riz, de vin blanc, de Noilly Prat, d'huile d'olive vierge extra, de fumet de poisson (gluten, lactose) et assaisonné de sel et de poivre. Le tout gratiné de 10g d'emmental et chapelure (farine de blé). Information destinée aux personnes allergiques : cette recette contient du gluten, des mollusques, des oeufs, du poisson et des produits laitiers. Sans conservateur, sans arôme ni colorant artificiels., Valeur énergétique en Joules :  478, Valeur énergétique en Kcal : 114,2, Glucides : 5, Lipides : 8,1, Protides :5,5, A conserver au frais entre 0°C et +4°C. Ce produit peut être congelé avant la date limite de consommation et conservé à -18°C pendant 2 mois au plus. Après décongélation au réfrigérateur, consommer rapidement et ne pas recongeler.]|"
27,93€ / Kg"|"
3,91 €"
765|Chili con carne et riz blanc|La barquette de 300g|[Origine : FRANCE, Le chili con carne et riz blanc de Fleury Michon, ce plat d'origine mexicaine est un délicieux émincé de boeuf mitonné avec ses haricots rouges dans un jus légèrement pimenté et accompagné de riz blanc., Riz cuit 33% (Riz, eau, huile de colza, sel), haricots rouges, viande de boeuf 12% (dont céleri dans arôme légumes), eau, poivrons rouges, oignons, tomate concentrée, vin rouge, tomates, huile d'olive vierge extra, sel, amidon transformé de riz, épices, ail, arôme volaille (gluten), épaississant : gomme de guar., Valeur énergétique en Joules :  551, Valeur énergétique en Kcal : 131,6, Glucides : 17,5, Lipides : 3,9, Protides :6,4, Conservation entre 0 et +4°c maximum.]|"
14,73€ / Kg"|"
4,42 €"
766|Courgettes farcies et semoule méridionale|La barquette de 300g|[Origine : FRANCE, Découvrez de délicieuses courgettes garnies d'une farce de boeuf et de porc, relevée d'épices et d'aromates, accompagnées d'une fine semoule aux poivrons rouges., Percez le film de quelques trous puis placez la barquette dans votre four à micro-ondes et laissez réchauffer 2 min à 900 watts, (ajustez le temps de réchauffage suivant la puissance de votre four), Courgettes forcies 53 % [courgettes 50 %, viande de boeuf et de porc, oignons grillés (huile de colza, extrait de romarin), purée de tomates, chapelure (farine de blé, eau, levures, sel), oeuf entier en poudre, sel, purée d'ail (dont huile de tournesol), persil, poivre], semoule de couscous 46 %, courgettes, poivrons rouges, huile olive vierge extra, sel. Contient : gluten, oeuf., Valeur énergétique en Joules :  147Kj, Valeur énergétique en Kcal : 617Kcal, Glucides : 15,4g, Lipides : 6,8g, Protides :6,1g, A conserver entre 0°C et +4°C]|"
15,97€ / Kg"|"
4,79 €"
767|Couscous à la marocaine, au poulet et merguez, avec ses petits légumes|La barquette de 450g|[Origine : FRANCE, Un mode de conservation maîtrisé : à partir de la recette élaborée par nos chefs cuisiniers, nos ingrédients sont cuits à basse température dans des sachets individuels pendant une durée ajustée à leur nature. Ce mode de cuisson préserve toutes leurssaveurs, leurs textures, et garantit une bonne conservation au réfrigérateur sans avoir recours à l'ajout de conservateurs. Fleury Michon, le créateur des plats cuisinés au rayon traiteur frais, maîtrise ce savoir-faire depuis plus de 30 ans !, 1 personne. Au four à micro-ondes : Placez les sachets dans une assiette après les avoir percés de quelques trous. Placez l'assiette dans votre four à micro-ndes et laissez réchauffer 4 min à 750 Watts (ajustez le temps de réchauffage selon la puissance de votre four). Au bain marie : Plongez les sachets non ouverts dans l'eau frémissante. Ne pas couvrir. Pour servir, Ouvrez en utilisant l'amorce dentelée située sur le côté des sachets. Ne pas placer les sachets dans un four traditionnel., Viande et légumes cuisinés dans un jus aromatique et épicé (310g). Un haut de cuisse de poulet rôti (90g) (1). Des Merguez grillées de 50g (2). Des carottes, des courgettes, des navets, des pois chiches et des poivrons rouges (110g). Le tout mijoté dans 60 g de jus cuisiné avec de l'eau, de la tomate concentrée, des oignons, de la graisse de canard, de l'amidon transformé de riz, de l'ail, des arômes naturels (céleri, fenouil, coriandre, lactose), du sel et des épices (cumin, thym, harissa, piment, paprika). Semoule de couscous aux raisins secs (140g). Semoule de couscous réhydratée assaisonnée d'huile de colza et de sel, puis agrémentée de raisins secs. Une dosette d'harissa. (1) Haut de cuisse de poulet, dextrose, amidon de tapioca, sel.(2) La merguez est composée de viande de boeuf, de gras de mouton, d'épices et plantes aromatiques, de sel, sirop de glucose, dextrose et arômes naturels. Informations destinées aux personnes allergiques : cette recette contient du blé, du céleri etdes produits laitiers. Sans conservateur. Sans arôme ni colorant artificiels., Valeur énergétique en Joules :  568Kj, Valeur énergétique en Kcal : 136kcal, Glucides : 9,1g, Lipides : 7,5g, Protides :8g, A conserver au frais entre 0°C et +4°C. Ce produit peut être congelé avant la date limite de consommation et conservé à -18°C pendant 2 mois au plus. Après décongélation au réfrigérateur, consommer rapidement et ne pas recongeler.]|"
10,76€ / Kg"|"
4,84 €"
768|Dos de cabillaud à la provençale, écrasée de pommes de terre|La barquette de 280g|[Origine : FRANCE, Valeur énergétique en Joules :  415kj, Valeur énergétique en Kcal : 99kcal, Glucides : 5,8g, Lipides : 5,3g, Protides :6,2g]|"
17,46€ / Kg"|"
4,89 €"
769|4 Nems au poulet, avec sauce nuoc-mâm|La boite de 300g|[Origine : FRANCE, 4 galettes de riz frites, farcies d'une préparation à base de poulet et de menthe accompagnées avec sauce nuoc mâm., Au four : préchauffez votre four 10 minutes à 210°C (th 7), disposez les nems dans un plat allant au four et réchauffez-les 15 minutes à mi-hauteur. A la poêle : faites frire les nems 5 minutes dans un peu d'huile en les retournant régulièrement. A la friteuse : plongez les nems 7 minutes dans l'huile chaude. Egouttez-les avant de vous régaler. Le micro-ondes est fortement déconseillé. La sauce nuoc mâm se consomme froide., Nem au poulet et à la menthe 4x70g : galette de riz 39,5% (eau, farine de riz 38%, huile de tournesol, sel), vermicelle de pois réhydraté 14,6% (haricot mungo, pois, eau), oignon 13,4%, viande de poulet 12%, carotte 7,2%, germe d'haricot mungo, protéine et amidon de blé, farine de blé, huile de tournesol, sel, champignon noir réhydraté, arôme, menthe 0,3%, poivre blanc. Sauce nuoc mâm 20g : eau, sucre, nuoc mâm 14% (anchois, sel), vinaigre, sel., Valeur énergétique en Joules :  770kj, Valeur énergétique en Kcal : 183kcal, Glucides : 25g, Lipides : 6,1g, Protides :6,5g, A conserver entre 0°C et +4°C. Conditionné sous atmosphère protectrice.]|"
10,27€ / Kg"|"
3,08 €"
770|8 Gyozas au poulet avec sauce au soja|La barquette de 200g|[Origine : FRANCE, Bouchées garnies d'une farce aux légumes et au poulet accompagnées de 2 sauces au soja., A la poêle (mode de préparation conseillé) : huilez légèrement la poêle. Réchauffez 5 min à feu doux. Arrêtez le feu et couvrez 1 min pour conserver l'humidité. Au micro-ondes : retirez le film de moitié et ôtez les dosettes de sauce. Réchauffez ensuite la barquette 1 min 15 pour un four ayant une puissance restituée de 750 watts., Gyozas au poulet 8x20 g : farine de blé, préparation de viande de poulet 15%, eau, châtaigne d'eau 9%, chou 7%, oignon 6,2%, carotte 5%, oignon frit 3% (oignon, huile d'olive, sel, correcteur d'acidité : acide citrique), fécule de manioc, sauce soja(eau, graines de soja, farine de blé, sel), huile de tournesol oléique, protéine de pois, coriandre, sel, dextrose. Pourcentages exprimés sur les gyozas au poulet. Sauce au soja., Valeur énergétique en Joules :  660kj, Valeur énergétique en Kcal : 157kcal, Glucides : 25g, Lipides : 4g, Protides :4,6g, A conserver entre 0°C et +4°C.]|"
24,15€ / Kg"|"
4,83 €"
771|Acras à la morue|La barquette de 10 acras, 150g|[Origine : FRANCE, Les acras sont de petits beignets à base de morue et d'épices d'origine créole. Leur texture moelleuse et leur goût légèrement relevé raviront tous les palais. Ils se dégustent à l'apéritif ou en entrée., AU FOUR : Préchauffez votre four pendant 10 minutes (th.6/7-200°C). Disposez les acras dans un plat allant au four et réchauffez-les 10 à 12 minutes à mi-hauteur. A LA POÊLE : Faites revenir les acras 4 minutes à la poêle en les retournant régulièrement. A LA FRITEUSE : Plongez les acras dans l'huile chaude à 180°C pendant 3 minutes. Déposez-les sur un papier absorbant. Le four à micro-ondes est fortement déconseillé., Chair de cabillaud 34% (Gadus Morhua), eau, chair de morue 15% [chair de cabillaud (Gadus Morhua), sel], huile de tournesol, flocons de pomme de terre (pomme de terre, émulsifiant : mono- et diglycérides d'acides gras, antioxygènes : acide ascorbiqueet esters d'acides gras de l'acide ascorbique), fécule de pomme de terre, oignons déshydratés, ail, persil 1,4%, blanc d'oeuf, sel, épices 0,15% (poivre, piment)., Valeur énergétique en Joules :  849kJ, Valeur énergétique en Kcal : 203kcal, Glucides : 15g, Lipides : 11g, Protides :11g, A conserver entre 0°C et + 4°C.]|"
19,40€ / Kg"|"
2,91 €"
772|Assortiment asiatique|La barquette de 360g|[Origine : FRANCE, L'assortiment asiatique Monoprix vous permet de découvrir la cuisine vietnamienne et chinoise tout en variant les plaisirs. Vous apprécierez le classique mini-nem au porc à la vietnamienne et sa fine galette de riz, le mini-samoussa au boeuf ancré dans la cuisine asiatique avec sa moelleuse galette de blé et son goût épicé et la crevette panée, délicieuse association du croustillant de la panure et du fondant de la crevette. Trois sauces différentes vous permettent de les accompagner.Assortiment composé de 4 mini nems au porc, 4 mini samoussas, 4 crevettes panées, 3 sauces incluses, A la poêle : faites frire les mini-nems, mini-samoussas et crevettes panées 3 minutes de chaque côté dans un peu d'huile. Au four : préchauffez votre four pendant 10 minutes à 200°C (th 7). Réchauffez les mini-nems, mini-samoussas et crevettes panées pendant 10 minutes à mi-hauteur. A la friteuse : plongez les mini-nems, mini-samoussas et crevettes 5 minutes dans l'huile chaude, égouttez-les avant de vous régaler. Le micro-ondes est fortement déconseillé.  Poêle. Four. Friteuse., Mini-nems au porc 4 x 30g : galette de riz 37% (eau, farine de riz 44%, huile de tournesol, sel), viande de porc 33%, vermicelle de pois réhydratés, oignon 9%, champignon noir réhydraté 4%, carotte 4%, protéines et amidon de blé (dont sulfites), sel,nuoc-mâm (anchois, sel, sucre), poivre. Mini-samoussas 4 x 25g : galette de blé 34% (eau, farine de blé 33%, blanc d'oeuf, huile de tournesol, sel, émulsifiant : E322), oignon 28%, viande de boeuf 27%, carotte 6%, concentré de tomate, huile de tournesol, curry (dont moutarde), sel, poivre, piment. Crevettes panées 4 x 20g : crevette 43%, préparation pâte à beignet (fécule de pomme de terre, farine et amidon de blé, amidon modifié de pomme de terre, sel, poudres à lever : E450i, E500ii, épaississants : E407, E412 et E415, curcuma), chapelure (farine de blé, levure, sel), eau, huile de tournesol, oeuf, sucre. Sauce nuoc-mâm 20g : eau, sucre, nuoc-mâm14% (anchois, sel), vinaigre (dont orge), sel. Sauce pour samoussas 20g : eau, sucre, concentré de tomate, vinaigre (conservateur : sulfite acide de sodium), amidon transformé de maïs, sel, colorant : E150a, oignon, acidifiant : E330, poivre, arômes. Sauce pour crevettes panées 20g : eau, sucre, vinaigre, ananas, poivron, amidon transformé de maïs, huile de tournesol, sel, acidifiant : E330, épices (curry (dont moutarde), gingembre), stabilisants : E412, E415., A conserver entre 0°c et +4°C.]|"
14,03€ / Kg"|"
5,05 €"
773|Assortiment vapeur, 4 funko au poulet et 4 xiu mai au porc, sauceaigre-douce et au soja|La barquette de 200g|[Origine : FRANCE, Assortiment de bouchées farcies cuites à la vapeur accompagnées de sauce aigre douce et de sauce au soja., A la vapeur : déposez les bouchées dans un panier vapeur préalablement huilé. Réchauffez 8 min au dessus d'une casserole d'eau bouillante. Au micro-ondes : retirez le film de moitié et ôtez les dosettes de sauce. Réchauffez ensuite la barquette 1 min30 pour un four ayant une puissance restituée de 750 watts., Funko au poulet 4x20 g : eau, préparation de viande de poulet 17%, amidon de blé, fécule de manioc, carotte, oignon frit (oignon, huile de tournesol), châtaigne d'eau, courgette, protéine de soja, farine de blé, huile de tournesol oléique, sel, sucre, coriandre, arôme (lactose), poivre. Pourcentage exprimé sur le funko au poulet. Xiu mai au porc 4x20 g : viande de porc 27%, farine de blé, eau, carotte 11%, oignon frit 11% (oignon, huile de tournesol), gras de porc 4,6%, protéines et amidon de blé (sulfites), fécule de manioc, sucre, petits pois 1,5%, fibre de bambou, coriandre, sel, arôme (blé et orge), poivre, curcuma. Pourcentages exprimés sur le xiu mai au porc. Sauce aigre douce 20 g : eau, sucre, vinaigre d'alcool, poivron rouge, amidon transformé de pomme de terre, jus d'ananas concentré, sel, huile de colza, sauce soja (graines de soja, sel, eau, farine de blé), curcuma, gingembre, épaississants : E412, E415. Sauce au soja 20 g : eau, sauce soja 35% (graines de soja, sel, eau, farine de blé), sucre, jus concentré de citron, épaississants : E412, E415. Pourcentage exprimé sur la sauce au soja., Valeur énergétique en Joules :  779kj, Valeur énergétique en Kcal : 186kcal, Glucides : 21g, Lipides : 8,6g, Protides :5,4g, A conserver entre 0°C et +4°C.]|"
23,65€ / Kg"|"
4,73 €"
774|Beignets de crevettes, sauce aigre douce|La barquette de 140g|[Origine : FRANCE, Au four : préchauffez-le 10 minutes à 180°C (th. 6), disposez les beignets dans un plat puis réchauffez 8 minutes. A la poêle : réchauffez 2 minutes. Au four à micro-ondes : disposez les beignets dans un plat adapté puis réchauffez 1 minute pour un four ayant une puissance restituée de 750 Watts., Beignets de crevette 120g : crevette 40% (crevette, eau), eau, farine de blé, fécule de pomme de terre, huile de tournesol, poudre à lever : diphosphate disodique et carbonate acide de sodium, sel. Huile de friture : Huile de tournesol. Pourcentage exprimé sur les beignets de crevette. Sauce aigre-douce 20g : eau, sucre, vinaigre de vin (contient des sulfites), concentré de tomate, sel, fécule de pomme de terre, piment., A conserver entre 0°C et +4°C.]|"
27,57€ / Kg"|"
3,86 €"
775|Chips de crevettes|Le sachet de 75g|[Origine : FRANCE, La chips de crevette est un produit à base de farine de manioc, extraite de l'arbrisseau tropical.Sa texture est à la fois croustillante, légère et fondante, son goût est caractéristique de la crevette. Elle se consomme au cours d'un apéritif en famille ou entre amis., Farine de manioc, huile de tournesol, sucre, crevettes 4,7%, sel, ail, acidifiant : acide citrique, poudre à lever : carbonate acide de sodium, épices., Valeur énergétique en Joules :  2223kj, Valeur énergétique en Kcal : 532kcal, Glucides : 62gg, Lipides : 31g, Protides :1,3g, A conserver dans un endroit sec, à l'abri de la chaleur.]|"
13,60€ / Kg"|"
1,02 €"
776|Mini nems, sauce nuoc-mâm|La barquette de 200g|[Origine : FRANCE, Grand classique de la cuisine vietnamienne, ces mini nems au porc vous régaleront avec leur fine galette de riz croustillante et leur farce moelleuse. A déguster à l'apéritif ou en entrée, servis accompagnés de la sauce nuoc-mâm, de feuilles de salade craquante et de menthe fraîche., AU FOUR : préchauffez votre four pendant 10 minutes (th.6/7-200°C). Disposez les nems dans un plat allant au four et réchauffez-les 10 à 12 minutes à mi-hauteur. A LA POÊLE : faites revenir les nems 3 minutes à la poêle en les retournant régulièrement. A LA FRITEUSE : plongez les nems dans l'huile chaude à 180°C pendant 5 minutes. Déposez-les sur un papier absorbant. Le four à micro-ondes est fortement déconseillé., 6 Minis nems au porc : Galette de riz 37% (eau, farine de riz 44%, huile de tournesol, sel), viande de porc 33%, vermicelles de pois réhydratés, oignon 9%, champignon noir réhydraté 4%, carotte 4%, protéines et amidon de blé (dont sulfites), sel, nuoc-mâm (anchois, sel, sucre), poivre. Sauce nuoc-mâm 20g : Eau, sucre, nuoc-mâm 14% (anchois, sel), vinaigre (dont orge), sel., Valeur énergétique en Joules :  957kj, Valeur énergétique en Kcal : 229kcal, Glucides : 21g, Lipides : 13g, Protides :7g, A conserver entre 0°C et + 4°C.]|"
13,30€ / Kg"|"
2,66 €"
777|Mini samossas|La barquette de 150g|[Origine : FRANCE, Grands classiques de la cuisine indienne, ces samossas sont composés d'une galette de blé dorée et croustillante garnie avec une farce moelleuse et épicée à base de viande de boeuf et d'oignons. A consommer à l'apéritif ou en entrée., Au four : préchauffez votre four pendant 10 minutes (th.6/7-200°C). Disposez les samossas dans un plat allant au four et réchauffez-les 10 à 12 minutes à mi-hauteur. A la poêle : faites revenir les samossas 5 minutes à la poêle en les retournant régulièrement. A la friteuse : plongez les samossas dans l'huile chaude à 180°C pendant 4 minutes. Égouttez-les avant de les servir. Le four à micro-ondes est fortement déconseillé.  Four. Poêle. Friteuse., Galette de blé 34% (eau, farine de blé 35%, huile de tournesol, blanc d'oeuf, sel, émulsifiant : lécithine de colza), oignons 28%, viande de boeuf 27%, carottes 6%, concentré de tomate, huile de tournesol, curry 0.6% (dont moutarde), sel, épices 0.18% (poivre, piment)., Valeur énergétique en Joules :  1014kj, Valeur énergétique en Kcal : 243kcal, Glucides : 17g, Lipides : 15g, Protides :10g, A conserver entre 0°C et +4°C.]|"
21,93€ / Kg"|"
3,29 €"
778|Nems au crabe avec sauce nuoc-mâm|La barquette de 4 pièces, 300g|[Origine : FRANCE, A déguster à l'apéritif ou en entrée, servis accompagnés de la sauce nuoc-mâm, de feuilles de salades craquantes et de menthe fraîche., Au four : préchauffez votre four pendant 10min (th 6/7, 200°C). Disposez les nems dans un plat allant au four et réchauffez les 15min à mi-hauteur. A la poêle : faites revenir les nems 5 min à la poêle en les retournant régulièrement. A la friteuse :placer les nems dans l'huile chaude à 180°C pendant 7min. Egouttez-les avant de vous régaler. La sauce nuoc-mâm se consomme froide. Le four à micro-ondes est fortement déconseillé., Nems au crabe/lieu : galette de riz 39,5% (eau, farine de riz 38%, huile de tournesol, sel), chair de crabe et e crabe tourteau 13,9%, lieu 13,9%, oignon 9,5%, vermicelle de pois réhydraté (haricot mungo, pois, eau), carotte 3,6%, champignon noir réhydraté, protéine  de soja, oignon déshydraté, sauce poisson (anchois, sel, sucre), sel, poivre blanc. Sauce nuoc-mâm : eau, sucre , nuoc-mâm 14% (anchois, sel), vinaigre, sel., Valeur énergétique en Joules :  676kj, Valeur énergétique en Kcal : 161kcal, Glucides : 20g, Lipides : 4,4g, Protides :9,1g, Entre 0°C et °C.+]|"
10,27€ / Kg"|"
3,08 €"
779|Nems au porc, sauce Nuoc-Mâm|La barquette de 300g|[Origine : FRANCE, les nems constituent l'un des plats nationaux les plus connus au Vietnam. Consommés au quotidien, ils participent aussi à tous les repas de fête. Ils se caractérisent par leur fine galette de riz croustillante et leur garniture savoureuse. Ces nems de porc sont élaborés dans le respect de la recette vietnamienne. Un soin particulier est apporté à leur présentation et à leur saveur., A LA POELE : faites frire les nems 5 minutes de chaque côté dans un peu d'huile. AU FOUR :  réchauffez votre four pendant 10 minutes à 200°C (th 7). Réchauffez les nems pendant 15 minutes à mi-hauteur. A LA FRITEUSE : placez les nems 7 minutes dans l'huile chaude, égouttez-les avant de vous régaler. Le micro-ondes est fortement déconseillé., Nems au porc 4 x 70g : Galette de riz 37% (eau, farine de riz 44%, huile de tournesol, sel), viande de porc 33%, vermicelle de pois réhydraté, oignon 9%, champignon noir réhydraté 4%, carotte 4%, protéines et amidon de blé (sulfite), sel, sauce nuoc-mâm (anchois, sel, sucre), poivre. Sauce 20g : Eau, sucre, nuoc-mâm 14% (anchois, sel), vinaigre (dont orge), sel., Valeur énergétique en Joules :  974Kj, Valeur énergétique en Kcal : 233KCal, Glucides : 21g, Lipides : 13g, Protides :8g, A conserver entre 0°C et +4°C.]|"
8,87€ / Kg"|"
2,66 €"
780|Riz cantonais|La barquette de 400g|[Origine : FRANCE, Au four à micro-ondes : percez le film de la barquette de quelques trous. Déposez la barquette sans l'ouvrir dans le four à micro-ondes à 850 Watts et laissez chauffer 3 minutes. Ne pas réchauffer la barquette dans votre four traditionnel., Riz basmati cuit 58% (riz, eau), oignons 9,1%, petits pois 7%, carottes 6,7%, jambon cuit choix 5,1% (jambon de porc, eau, sel, sirop de glucose de blé et/ou de maïs, arôme naturel, conservateurs : érythorbate de sodium et nitrite de sodium), omelette 5,1% (oeuf entier, eau, huile de tournesol, extrait de curcuma, protéine de pois, fibre et amidon de poisson, épaississant : gomme xanthane, poivre blanc), huile de colza, champignons noirs réhydratés 2%, arôme naturel, sel, extrait de poivre. Présence possible de poisson, crustacés, mollusques, soja, lait, céleri, moutarde et céréales contenant du gluten., Valeur énergétique en Joules :  691kj, Valeur énergétique en Kcal : 164kcal, Glucides : 23,g, Lipides : 5,6g, Protides :4,7g, A conserver entre 0°C et +4°C. Conditionné sous atmosphère protectrice.]|"
8,55€ / Kg"|"
3,42 €"
781|Kebab de poulet et semoule à l'orientale|La barquette de 280g|[Origine : FRANCE, Kebab de poulet & semoule à l'orientale. Un émincé de poulet mariné accompagné d'une délicieuse semoule aux raisins, sans oublier l'indispensable sauce blanche, le citron et la menthe. Je mange sur le pouce, je mange bien !, Percez le film de quelques trous puis placez la barquette dans votre four à micro-ondes et laissez réchauffer 2min à 900 watts.(ajustez le temps de réchauffage suivant la puissance de votre four)., Semoule de couscous cuite 49% (gluten), kebab 12% [émincé de poulet 81%, eau, sirop de glucose de blé, épices, dextrose de blé, amidon de riz, sel, plantes aromatiques], eau, fromage blanc, crème fraîche, raisins sec, huile de colza et d'olive viergeextra, sel, farine de blé, jus de citron, ail, menthe, amidon transformé de riz, persil, épice. Contient : gluten, lactose., Valeur énergétique en Joules :  746Kj, Valeur énergétique en Kcal : 178Kcal, Glucides : 19,4g, Lipides : 8,4g, Protides :6,2g, Ce produit peut être congelé avant la date limite de consommation et conservé ào -18°C pendant 2 mois au plus. Après décongelation au réfrigérateur, consommet rapidement et ne pas recongeler.]|"
13,07€ / Kg"|"
3,66 €"
782|Tajine de boeuf aux légumes du soleil|La barquette de 350g|[Origine : FRANCE, Le secret des Tajines repose autant sur la richesse de la recette que sur le mode de cuisson. A partir de la recette élaborée par nos chefs cuisiniers, nos ingrédients sont cuits à basse température à basse température dans des sachets individuels pendant une durée ajustée à leur nature. Ce mode de cuisson préserve toute leurs saveurs, leurs textures, et garantit une bonne conservation au réfrigérateur sans avoir recours à l'ajout de conservateurs. Fleury Michon, le créateur des plats cuisinés au rayon traiteur frais, maîtrise ce savoir faire depuis plus de 30 ans., 2min30 au four à micro-ondes. Placez les sachets dans une assiette après les percées de quelques trous. Placez l'assiette dans votre four à micro-ondes et laissez réchauffer 2 min 30 à 750 watts. Ajustez le temps de réchauffage suivant la puissance de votre four. Ne pas placer la barquette dans un four traditionnel. 25min au bain-marie. Plongez les sachets non ouverts dans l'eau frémissante. Ne pas ouvrir. Pour servir: ouvrez en utilisant l'amorce dentelée située sur le côté des sachets. Ne pasplacer les sachets dans un four traditionnel., 48g de keftas de boeuf (19%) préparées avec 36g de viande de boeuf, du blanc d'oeuf, de la chapelure (avec de la farine de blé), de la fibre de pois, de l'amidon d epomme de terre, des oignons, de spoivrons rouges, des épices, du sel et de l'huile detournesol. 134g de légumes (56%): des carottes, des courgettes, des aubergines frites dans l'huile de tournesol, de spoivrons jaunes et rouges, de spois chiches. 68g de jus pour tajine préparé avec de l'eau, des oignons, de la tomate concentrée, del'amidon transformé de riz, du gingembre, du sel, de la menthe douce, des épices (canelle, coriandre, 5 épices) et de l'ail. 100g de semoule aux épices: de la semoule de couscous cuite 76%, de l'huile de colza, des courgettes, des oignons, des raisins de Corinthe, des carottes, du sel, de la menthe douce et des épices. Cette recette contient du blé et des oeufs., Valeur énergétique en Joules :  528Kj, Valeur énergétique en Kcal : 126Kcal, Glucides : 12,1g, Lipides : 6,6g, Protides :4,6g, A conserver au frais entre 0°C et +4°C. Ce produit peut être congelé avant la date limite de consommation et conservé à -18°C pendant 2 mois au plus. Après décongélation au réfrigérateur, consommer rapidement et ne pas recongeler.]|"
13,97€ / Kg"|"
4,89 €"
783|Poulet Korma et riz basmati|La boite de 400g|[Origine : FRANCE, Micro-ondes : percez le film à l'aide d'une fourchette et réchauffez pendant 5 min à 600 W., Viande et sauce 60% : poulet 40%, purée de tomates (tomates, jus de tomates), eau, huile de soja, oignons, lait de coco, crème fraîche, yaourt, oeufs, aromates, épices, fécule de pomme de terre, sucre, sel de cuisine, lait, jus de citron, stabilisants : xanthane et gomme guar, colorant : betacarotène, huile de tournesol. Accompagnement 40% : riz basmati (eau, riz basmati), huile de soja, sel de cuisine. Préparé dans un atelier ou sont utilisés : sésame, céleri, gluten, crustacés, poissons, fruits à coques, mollusques., Valeur énergétique en Joules :  707kj, Valeur énergétique en Kcal : 169kcal, Glucides : 14,8g, Lipides : 9,2g, Protides :6,3g, Tenir au frais entre 0 et 4°C. Congeler le jour de l'achat et consommer dans le mois. Une fois décongelé, à consommer dans les 24h. Ne pas recongeler.]|"
14,93€ / Kg"|"
5,97 €"
784|Poulet tikka massala et riz basmati|La barquette de 400g|[Origine : BELGIQUE, 1 personne. Four à micro-ondes : percez le film à l'aide d'une fourchette et réchauffez pendant 5min. à 600W (congelé : 10min.)., Viande et sauce 60% : poulet 40%, crème, oignons, purée de tomates (tomates, jus de tomates), huile de soja, yaourt, carottes, lait, oeufs, aromates, sucre, amandes, fécule de pomme de terre, épices, jus de citron, sel de cuisine, stabilisants : gomme de xanthane E415, farine de guar E412, colorants : rouge cochenille E124, bétacarotène E160aii, huile de tournesol. Accompagnement 40% : eau, riz basmati, raisins, huile de soja, sel de cuisine. Préparé dans un atelier où sont utilisés : arachides,sésame, céleri, gluten, crustacés, poissons., Tenir au frais : 0 +4°C. Congeler le jour de l'achat et consommer dans le mois. Une fois décongelé, à consommer dans les 24 heures. Ne pas recongeler.]|"
14,30€ / Kg"|"
5,72 €"
785|Riz cantonais|La barquette de 400g|[Origine : FRANCE, Valeur énergétique en Joules :  716kj, Valeur énergétique en Kcal : 171kcal, Glucides : 20,5g, Lipides : 7g, Protides :6,4g]|"
12,23€ / Kg"|"
4,89 €"
786|Tortilla, omelette à la pomme de terre|L'assiette de 450g|[Origine : FRANCE, Valeur énergétique en Joules :  656kj, Valeur énergétique en Kcal : 157kcal, Glucides : 10g, Lipides : 9,9g, Protides :5,8g]|"
9,11€ / Kg"|"
4,10 €"
787|Porc au curry coco et riz basmati|La barquette de 280g|[Origine : FRANCE]|"
15,54€ / Kg"|"
4,35 €"
788|Assortiment asiatique + sauces|La boîte de 430g|[Origine : FRANCE]|"
12,93€ / Kg"|"
5,56 €"
789|Nems à la crevette, sauce Nuoc Mam|La boîte de 4, 240g|[Origine : FRANCE, Nos cuisiniers ont ÍlaborÍ pour vous ces nems avec les ingrÍdients suivants : Une farce composÍe de crevette cuisinÍe Å la sauce soja et relevÍe d'une pointe de gingembre (63%) : crevette 16%, carotte, chair de crabe 12%, oignon, spÍcialitÍ Å base desurimi 10% (surimi (chair de poissons, sucre, stabilisants : sorbitol, E452), eau, fÍcule de pomme de terre, blanc d'oeuf rÍhydratÍ, huile de colza, sucre, sel, ar«me crabe (dont crustacÍs), colorant : E160c), vermicelle de pois, sauce soja 5%, pousse de haricot mungo 5%, protÍines de soja, chÇtaigne d'eau, ciboule, gingembre 2%, noix de coco rÇpÍe (conservateur : E220), ail, fumet de crustacÍs aromatisÍ (sel, dextrose, crevette poudre, tomate poudre, ar«mes naturels (dont crustacÍ) huile vÍgÍtale, oignon poudre, Ípices), Ípices et dextrose, poivre, vinaigre d'alcool, ar«me naturel de carotte. Une pÇte fine Å l'oignon et au persil prÍparÍe chaque jour par nos soins (37%) : eau, farine de blÍ, sel, oignon dÍshydratÍ, huile de tournesol, vinaigre d'alcool, persil, ar«me naturel de carotte. Ce produit est frit dans l'huile de tournesol. Ces nems sont accompagnÍs d'une sauce nuoc mam (30g) prÍparÍe dans nos ateliers : eau, sucre, vinaigre d'alcool, nuoc mam (5%) (anchois, sel, eau), sel,conservateur : E262.]|"
12,59€ / Kg"|"
3,40 €"
790|Nems au poulet, sauce Nuoc Mam|La boîte de 4, 270g|[Origine : FRANCE]|"
11,74€ / Kg"|"
3,17 €"
791|Tortilla au jambon Serrano|La barquette de 200g|[Origine : ESPAGNE, 1mn30 au micro-ondes ou 3mn à la poêle.  Micro-ondes. Poêle., Pommes de terre (44%), oeuf pasteurisé, jambon (viande de porc, sel, conservateur E250 et E252, antioxydant E302) (10%), huile de tournesol, oignon frit (oignons, huile d'olive et jus de citron), huile d'olive, sel et épices., A conserver au frais entre  0°C et +4°C.]|"
18,30€ / Kg"|"
3,66 €"
792|Tortilla aux oignons|La barquette de 500g|[Origine : ESPAGNE, Ingrédients : Pommes de terre (50%)   OEUF pasteurisé (27%)   oignons  frits (15%) Ýoignons   huile d'olive   sel   jus de citron~   Huile de tournesol   Huile d'olive   sel - ce produit ne contient pas d'ingrédients génétiquement modifiés, Valeur énergétique en Joules :  668, Valeur énergétique en Kcal : 160, Glucides : 10,6, Lipides : 10,4, Protides :5,3, Maintenir le produit entre 0 ¬ et 4° C - Une fois l?emballage ouvert, à consommer dans les 24 heures]|"
10,28€ / Kg"|"
5,14 €"
795|Nems au porc, sauce nuoc mam|La barquette de 280g|[Origine : FRANCE, Découvrez ce grand classique de la cuisine vietnamienne. Préparés selon la recette traditionnelle, les nems Traditions d'Asie se composent d'une croustillante galette de riz farcie de viande de porc et de légumes croquants : carottes, germes de haricot mungo et champignons noirs, le tout délicieusement relevé par une pointe de menthe., Au four traditionnel : préchauffez votre four pendant 10 min à 220°C (th.8). Sortez le Plateau Spécial Four de la barquette noire et enfournez-le pendant 15 min. à 220°C maximum, en ayant retiré au préalable la dosette de sauce. Servir ensuite les nems directement dans le Plateau Spécial Four. A la poêle : faites réchauffer les nems dans un peu d'huile pendant 6 à 8 min à feu doux, en les retournant régulièrement. En friteuse : faites frire les nems pendant 3 min. dans une huile à 160°C. Nous vous déconseillons le réchauffage au micro-ondes.  Four. Poêle. Friteuse., A conserver entre 0 et 4°C.]|"
11,21€ / Kg"|"
3,14 €"
798|Nems au poulet, sauce Nuoc Mâm|La barquette de 280g|[Origine : FRANCE, Découvrez ce grand classique de la cuisine vietnamienne. Préparés selon la recette traditionnelle, les nems Traditions d'Asie se composent d'une croustillante galette de riz farcie de viande de poulet et de légumes croquants : oignons, carottes, germes de haricot mungo et champignons noirs., Au four traditionnel : préchauffez votre four pendant 10 min. à 220°C (th.8). Sortez le plateau spécial four de la barquette noire et enfournez-le pendant 15 min à 220°C maximum, en ayant retiré au préalable la dosette de sauce. Servir ensuite les nems directement dans le plateau spécial four. A la poêle : faites réchauffer les nems dans un peu d'huile pendant 6 à 8 min. en les retournant régulièrement. En friteuse : faites frire les nems pendant 3 min. dans une huile à 160°C., A conserver entre 0 et 4°C.]|"
13,21€ / Kg"|"
3,70 €"
801|Raviolis vapeur aux crevettes et au crabe|La barquette de 240g|[Origine : FRANCE, Légèreté, saveur et équilibre sont 3 grandes qualités de la cuisine asiatique. La cuisson à la vapeur, née en Chine, en est l'exemple parfait.       Les Ha Cao sont de petites bouchées cuites à l'étuvée, garnies de chair de crabe, de crevettes, de pousses de bambou. De succulents raviolis à craquer en une bouchée..., Au four micro-ondes o : Retirez le film de moitié et ôtez les 2 dosettes de sauce placées à l'intérieur.  Posezensuite la barquette à demi-ouverte directement au micro-ondes pendant 1,30 mn. (pour une puissance de 750W). A la vapeur : Déposez les raviolis dans un panier vapeur préalablement huilé. Réchauffez 8 mn. au dessus d'une casserole d'eau bouillante., Ha cao : crevettes 33% (crevettes, sel).eau, amidon de blé. amidon transformé de manioc, blanc d'oeuft (acidiant : acide citrique), crabe 2,6%, huile de tournesol amidon de riz, sel, châtaigne d'eau, pousses de bambou, Jibre de bambou, sucre, arôme (crustacés, épaississant : somme xanthane). huile de sésame, huile de àhomi, Sauce Aigre Douce (20g), eau, sucre, vinaigre d'alcool, purée d'ananas, poivron. amidon transformé de pomme de terre, sel. huile de colza, sauce soja (grains de soja, sel. eau. farine de blé), anti-oxydant : acide citrique, curry (coriandre. Jénugrec. curcuma. fenouil, pimenta, céleri), conservateur: àorbatede potassium, gingembre. AfabiliaantA :farine de graines de guar, gomme xanthane. Sauce Soja (20g) : eau.sauce soja(grains de soja. sel farine de blé), sucre, concentré de citron. stabilisants : gomme de   de guar. gomme de xanthane. conservateur : sorbate de potassium., Valeur énergétique en Joules :  192Kj, Valeur énergétique en Kcal : 805Kcal, Glucides : 26,7g, Lipides : 7,2g, Protides :5g, A conserver entre 0°C et +4°c]|"
24,17€ / Kg"|"
5,80 €"
802|Galettes de soja, à la tomate et herbes de Provence|Les 2 palets, 200g|[Origine : FRANCE, Monoprix a sélectionné pour vous, avec des entreprises partenaires, des produits issus de l'agriculture biologique. Leurs modes de production et de transformation sont contrôlés et certifiés par un organisme indépendant, conformément à la règlementation en vigueur. Les producteurs emploient des fertilisants respectueux de l'environnement et pratiquent la rotation des cultures afin de garder des sols vivants et une fertilité durable., A la poêle : réchauffez vos palets de soja directement à la poêle, 3 minutes de chaque côté, sans ajout de matière grasse. Vous pouvez également les préparer à l'étouffée accompagnés d'une jardinière de petits légumes., Tofu* frais 71% (eau, soja* dépelliculé 17%, gélifiants : sulfate de calcium, nigari), concentré de tomate* 6.6%, oignons* 5.7%, flocons d'avoine*, huile de palme*, sauce de soja* 2.1% (eau, soja entier*, blé complet*, sel, ferment : aspergilus oryzae), basilic* 1.9%, farine de blé*, persil* 0.9%, ail*, sel, épices* et aromates* 0.3% (poivre*, basilic*, thym*, origan*, sauce*, paprika*), extrait de levure, épaississant : gomme de guar. *ingrédients issus de l'agriculture biologique., Valeur énergétique en Joules :  704Kj, Valeur énergétique en Kcal : 168KCal, Glucides : 3,7g, Lipides : 11,4g, Protides :12,9g, A conserver entre 0 et +4°C.]|"
15,90€ / Kg"|"
3,18 €"
803|Galettes de soja, à la tomate et herbes de Provence|Les 2 palets, 200g|[Origine : FRANCE, Monoprix a sélectionné pour vous, avec des entreprises partenaires, des produits issus de l'agriculture biologique. Leurs modes de production et de transformation sont contrôlés et certifiés par un organisme indépendant, conformément à la règlementation en vigueur. Les producteurs emploient des fertilisants respectueux de l'environnement et pratiquent la rotation des cultures afin de garder des sols vivants et une fertilité durable., A la poêle : réchauffez vos palets de soja directement à la poêle, 3 minutes de chaque côté, sans ajout de matière grasse. Vous pouvez également les préparer à l'étouffée accompagnés d'une jardinière de petits légumes., Tofu* frais 71% (eau, soja* dépelliculé 17%, gélifiants : sulfate de calcium, nigari), concentré de tomate* 6.6%, oignons* 5.7%, flocons d'avoine*, huile de palme*, sauce de soja* 2.1% (eau, soja entier*, blé complet*, sel, ferment : aspergilus oryzae), basilic* 1.9%, farine de blé*, persil* 0.9%, ail*, sel, épices* et aromates* 0.3% (poivre*, basilic*, thym*, origan*, sauce*, paprika*), extrait de levure, épaississant : gomme de guar. *ingrédients issus de l'agriculture biologique., Valeur énergétique en Joules :  704Kj, Valeur énergétique en Kcal : 168KCal, Glucides : 3,7g, Lipides : 11,4g, Protides :12,9g, A conserver entre 0 et +4°C.]|"
15,90€ / Kg"|"
3,18 €"
804|Palets soja, olives vertes et noires, 100% végétal|Les 2 palets de 100g|[Origine : FRANCE, Monoprix a sélectionné pour vous, avec des entreprises partenaires, des produits issus de l'agriculture biologique. Leurs modes de production et de transformation sont contrôlés et certifiés par un organisme indépendant, conformément à la règlementation en vigueur. Les producteurs emploient des fertilisants respectueux de l'environnement et pratiquent la rotation des cultures afin de garder des sols vivants et une fertilité durable., A la poêle : réchauffez vos palets de soja directement à la poêle, 3 minutes de chaque côté, sans ajout de matière grasse. Vous pouvez également les préparer à l'étouffée accompagnés d'une jardinière de petits légumes., Tofu* frais 79% (eau, soja* dépelliculé 20%, gélifiants : sulfate de calcium, nigari), olives* vertes saumurées 4.4% (olives vertes*, eau, sel, vinaigre de cidre*), olives* noires salées 1.8%, sauce de soja* 4.8% (eau, soja* entier, blé complet*, sel, ferment : aspergilus oryzae), flocons d'avoine*, huile de palme*, épices* et aromates* 0.5% (basilic*, thym*, sariette*, romarin*, poivre*, origan*, sauce*, paprika*). *ingrédients issus de l'agriculture biologique., Valeur énergétique en Joules :  774Kj, Valeur énergétique en Kcal : 185KCal, Glucides : 1,9g, Lipides : 13,8g, Protides :13,6g, A conserver entre 0 et +4°C.]|"
15,90€ / Kg"|"
3,18 €"
805|Palets soja, olives vertes et noires, 100% végétal|Les 2 palets de 100g|[Origine : FRANCE, Monoprix a sélectionné pour vous, avec des entreprises partenaires, des produits issus de l'agriculture biologique. Leurs modes de production et de transformation sont contrôlés et certifiés par un organisme indépendant, conformément à la règlementation en vigueur. Les producteurs emploient des fertilisants respectueux de l'environnement et pratiquent la rotation des cultures afin de garder des sols vivants et une fertilité durable., A la poêle : réchauffez vos palets de soja directement à la poêle, 3 minutes de chaque côté, sans ajout de matière grasse. Vous pouvez également les préparer à l'étouffée accompagnés d'une jardinière de petits légumes., Tofu* frais 79% (eau, soja* dépelliculé 20%, gélifiants : sulfate de calcium, nigari), olives* vertes saumurées 4.4% (olives vertes*, eau, sel, vinaigre de cidre*), olives* noires salées 1.8%, sauce de soja* 4.8% (eau, soja* entier, blé complet*, sel, ferment : aspergilus oryzae), flocons d'avoine*, huile de palme*, épices* et aromates* 0.5% (basilic*, thym*, sariette*, romarin*, poivre*, origan*, sauce*, paprika*). *ingrédients issus de l'agriculture biologique., Valeur énergétique en Joules :  774Kj, Valeur énergétique en Kcal : 185KCal, Glucides : 1,9g, Lipides : 13,8g, Protides :13,6g, A conserver entre 0 et +4°C.]|"
15,90€ / Kg"|"
3,18 €"
806|Tofu, herbes aromatiques, prêt à cuisiner|Les 2 tranches, 250g|[Origine : FRANCE, Monoprix a sélectionné pour vous, avec des entreprises partenaires, des produits issus de l'agriculture biologique. Leurs modes de production et de transformation sont contrôlés et certifiés par un organisme indépendant, conformément à la règlementation en vigueur. Les producteurs emploient des fertilisants respectueux de l'environnement et pratiquent la rotation des cultures afin de garder des sols vivants et une fertilité durable., A consommer froid, coupé en cubes dans une salade ou une entrée froide. Peut également être consommé chaud, doré à la poêle, avec des légumes ou bien en farce, en remplacement de légumes ou de viande., Tofu frais* 93% (eau, soja* dépelliculé 23%, gélifiant : nigari), tamari* (eau, soja entier*, sel marin, ferment : aspergilus oryzae), sel marin non raffiné, herbes aromatiques* 1.9% (basilic*, ciboulette*, persil*). *ingrédients issus de l'agriculture biologique., Valeur énergétique en Joules :  537Kj, Valeur énergétique en Kcal : 128KCal, Glucides : 0,4g, Lipides : 8,4g, Protides :12,9g, A conserver entre 0 et +4°C. Après ouverture, immerger le tofu dans l'eau au réfrigérateur et le consommer rapidement.]|"
12,92€ / Kg"|"
3,23 €"
807|Tofu, herbes aromatiques, prêt à cuisiner|Les 2 tranches, 250g|[Origine : FRANCE, Monoprix a sélectionné pour vous, avec des entreprises partenaires, des produits issus de l'agriculture biologique. Leurs modes de production et de transformation sont contrôlés et certifiés par un organisme indépendant, conformément à la règlementation en vigueur. Les producteurs emploient des fertilisants respectueux de l'environnement et pratiquent la rotation des cultures afin de garder des sols vivants et une fertilité durable., A consommer froid, coupé en cubes dans une salade ou une entrée froide. Peut également être consommé chaud, doré à la poêle, avec des légumes ou bien en farce, en remplacement de légumes ou de viande., Tofu frais* 93% (eau, soja* dépelliculé 23%, gélifiant : nigari), tamari* (eau, soja entier*, sel marin, ferment : aspergilus oryzae), sel marin non raffiné, herbes aromatiques* 1.9% (basilic*, ciboulette*, persil*). *ingrédients issus de l'agriculture biologique., Valeur énergétique en Joules :  537Kj, Valeur énergétique en Kcal : 128KCal, Glucides : 0,4g, Lipides : 8,4g, Protides :12,9g, A conserver entre 0 et +4°C. Après ouverture, immerger le tofu dans l'eau au réfrigérateur et le consommer rapidement.]|"
12,92€ / Kg"|"
3,23 €"
808|Couscous aux falafels végétarien|La barquette de 300g|[Origine : FRANCE, PROVISOIRE :  Semoule de couscous rÍhydratÍe 28% (eau, semoule de blÍ dur), eau, lÍgumes couscous 20% (carottes, courgettes, navets, cÍleri, pois chiche, poivrons rouges, poivrons verts), falafels 20%, huile de colza, raisins blonds rÍhydratÍs (raisin, huile de colza, eau), concentrÍ de tomates, oignons, sel, amidon transformÍ de riz, ail, ar«mes naturels (cÍleri, fenouil (lait), coriandre), cumin, thym,  harissa (piment extra fort, piment doux, curcuma, ail, sel), ar«me naturel, piment., Valeur énergétique en Joules :  515, Valeur énergétique en Kcal : 123, Glucides : 19.2, Lipides : 4, Protides :4]|"
13,70€ / Kg"|"
4,11 €"
809|Gratin légumes du soleil et boulgour végétarien|La barquette de 300g|[Origine : FRANCE, Tomates 21%, boulgour cuit 19% (eau, blÍ dur, curcuma), courgettes 10%, aubergines 10% (aubergines, huile de tournesol), prÍparation Å base de tomates 10% (tomate, huile de tournesol, sucre, amidon modifiÍ de pomme de terre, oignons, sel, ail), poivrons jaunes 6.1%, pois chiche, emmental, oignons, mozzarella, concentrÍ de tomates, huile d'olive vierge extra, huile de colza, beurre, sel, ail, graines de tournesol, jaune d'oeuf, thym, poivre, caramel., Valeur énergétique en Joules :  511, Valeur énergétique en Kcal : 123, Glucides : 10.6, Lipides : 7.5, Protides :4.4]|"
13,70€ / Kg"|"
4,11 €"
810|Petites St-Jacques, avec torsades et jus de citron léger|La barquette de 300g|[Origine : FRANCE, Au four micro-ondes : percez le film de quelques trous puis placez la barquette dans votre four à micro-ondes et laissez réchauffer 2min à 750 Watts. (ajustez le temps de réchauffage suivants la puissance de votre four). Ne pas placer la barquette dans un four traditionnel., 135g de légumes et jus au citron cuisinés avec de l'eau, des légumes 31% (carottes, poireaux et céleri), de la crème fraîche, du jus de citron (4%), de l'amidon transformé de riz, de la ciboulette, de la citronnelle, du gingembre, du vin blanc, du sel, de l'huile de colza, du thym, du poivre, du curcuma et de l'épaississant : gomme de xanthane. 100g de torsades. Torsades 93% (eau, semoule de blé dur, blanc d'oeuf, curcuma) assaisonnées avec de l'huile de colza, du sel et de l'épaississant : gomme de xanthane. 65g de noix de Saint Jacques. % exprimés sur le poids de chaque préparation., Valeur énergétique en Joules :  381Kj, Valeur énergétique en Kcal : 90Kcal, Glucides : 11,8g, Lipides : 1,9g, Protides :6,5g, A conserver entre 0°C et + 4°C.]|"
14,83€ / Kg"|"
4,45 €"
811|Risotto aux petites St-Jacques et asperges|La barquette de 280g|[Origine : FRANCE, Nos chefs cuisiniers et notre nutritionniste vous proposent de découvrir une nouvelle recette cuisinée autrement, pour associer plaisir et légèreté.Un fruit de mer naturellement pauvre en matières grasses : la St-Jacques, des féculents et des légumespour contribuer à vos apports quotidiens en énergie et en fibres, une pointe de parmesan pour plus de saveurs et de légèreté., 1 personne. Au four micro-ondes : percez le film de quelques trous puis placez la barquette dans votre four à micro-ondes et laissez réchauffer 2min. à 750 watts. (Ajustez le temps de réchauffage suivant la puissance de votre four). Ne pas placer labarquette dans un four traditionnel., 52g de Saint-Jacques. 90g de riz  cuit et assaisonné avec du sel et de l'huile de colza. 138g d'asperges cuisinées avec de l'eau, des asperges (23%), des oignons frits*, de la crème fraîche, du fond de volaille (eau, os de poulet, sel), du parmesan,du vin blanc, de l'amidon transformé de riz, de la fibre de chicorée, du jus de citron, du sel et du poivre. *Les oignons sont frits avec de l'huile d'olive et du sel. Informations destinées aux personnes allergiques : cette recette contient des produits laitiers et des mollusques. Sans conservateur, sans arôme ni colorant artificiels., Valeur énergétique en Joules :  433kj, Valeur énergétique en Kcal : 103kcal, Glucides : 14g, Lipides : 2,6g, Protides :5,5g, A conserver au frais entre 0°C et +4°C. Ce produit peut être congelé avant la date limite de consommation et conservé à -18°C pendant 2 mois au plus. Après décongélation au réfrigérateur, consommer rapidement et ne pas recongeler.]|"
16,93€ / Kg"|"
4,74 €"
812|Risotto poireaux, champignons et parmesan|La barquette de 300g|[Origine : FRANCE, Riz cuit 22% (eau, riz), eau, crÈme lÍgÈre, champignons 7.9% (champignons de Paris, sel), poireaux 7.2%, lentilles blondes, parmesan 4%, oignons frits (oignons, huile d'olive, sel), ciboule, vin blanc, bouillon de lÍgumes (eau, sel, huile de colza, carotte, oignon, cÍleri, thym, laurier, badiane), beurre, huile de colza, amidon transformÍ de riz, farine de blÍ, sel, gingembre, coriandre, poivre., Valeur énergétique en Joules :  499, Valeur énergétique en Kcal : 119, Glucides : 13.8, Lipides : 5.7, Protides :4]|"
13,70€ / Kg"|"
4,11 €"
813|Konjac à la bolognaise|La boite de 300g|[Origine : FRANCE, Une exclusivité mondiale : un plat préparé avec un féculent non féculent : une bolognaise avec des shirataki de Konjac. Ce qui permet à ce plat d'être consommé dès la phase d'attaque. Une révolution alimentaire pour les amateurs de cuisine italienne,des shirataki de Konjac qui apportent seulement 19 kcal pour 100g. Une mention magique : à volonté., 1 personne. A volonté dès la phase d'attaque. Au micro-ondes : soulevez le coin de l'opercule côté Konjac, videz l'eau*** du compartiment puis percez l'opercule côté bolognaise. Réchauffez 2 à 3 minutes selon la puissance du micro-ondes (de 750 à 900watts) et laissez-la refroidir quelques secondes. Mélangez les Konjac et la bolognaise avant de déguster. Au bain-marie : portez une grande casserole d'eau à ébullition, hors du feu, plongez la barquette dans l'eau et laissez-la réchauffer pendant 15 minutes. Sortir la barquette de l'eau, soulevez le coin de l'opercule côté Konjac et videz l'eau*** du compartiment. Mélangez les Konjac et la bolognaise avant de déguster. Ne pas mettre la barquette au four traditionnel. ***L'eau présente dans leKonjac permet sa conservation., Sauce bolognaise 60% : eau, boeuf haché 16% (viande de boeuf), oignon 4%, échalotes, concentré de tomates 3%, jus de veau lié (fécule de pomme de terre, sel, extraits de levure, légumes déshydratés (oignon, tomate), graisse de poulet, arômes, sucre,oignon, farine de blé, viande de veau déshydratée, ail, extrait de vin blanc, antioxydant : extrait de romarin, extrait de poivre et de laurier), ail, coriandre, persil 0,5%, sauce piment (vinaigre, piment rouge, sel), sel, amidon de maïs 0,1%. Konjac 40% : eau, poudre de Konjac, sel. Allergènes : contient du blé. Peut contenir des traces de lait, oeuf, poisson, crustacé, mollusque, soja, céleri, moutarde, sulfites, fruits à coque, sésame., Valeur énergétique en Joules :  216kj, Valeur énergétique en Kcal : 51kcal, Glucides : 6,4g, Lipides : 0,6g, Protides :6,7g, Ce produit doit être conservé au réfrigérateur entre 0 et +4°C.]|"
22,43€ / Kg"|"
6,73 €"
814|Konjac façon risotto, aux champignons|La barquette de 300g|[Origine : FRANCE, Non aux féculents inutiles ! Glucides à l'état pur, riches en calories, les féculents sont largement impliqués dans la prise de poids. Oui au Konjac ! Remplace vos pâtes, les calories en moins, 10 kcal au 100 g. Non à l'excès de matières grasses ! Pour sa richesse en calories et sa transformation facile en graisse corporelle., Percez l'opercule de la barquette. Réchauffez-la 2 minutes à puissance maximale et laissez-la refroidir quelques secondes avant d'ouvrir l'opercule. Au bain-marie : laissez chauffer la barquette sans l'ouvrir dans une grande casserole d'eau à ébullition pendant 15 minutes. Ne pas mettre la barquette au four traditionnel., Perles de konjac 30% (eau, poudre de konjac), champignons de Paris 19% (dont sel, acidifiant : acide citrique, antioxydant : acide ascorbique), mélange de champignons 13% (bolet jaune, pleurote, shiitaké, pholiote), oignon, lait écrémé en poudre, tofu (eau, soja dépelliculé, nigari), échalote, ail, amidon de maïs, arômes, persil, sel minéral, sel de potassium, arôme naturel, épaississants : gomme de guar, et gomme de xanthane, poivre. Allergènes : lait, soja. Peut contenir des traces de gluten,oeuf, poisson, crustacé, mollusque, céleri, moutarde, fruits à coque, sésame, arachide., Valeur énergétique en Joules :  223kj, Valeur énergétique en Kcal : 53kcal, Glucides : 6,9g, Lipides : 0,7g, Protides :3,3g, A conserver entre 0°C et +4°C.]|"
21,09€ / Kg"|"
6,75 €"
815|Médaillons de poulet forestier aux courgettes et champignons|Le Paquet de 300g|[Origine : FRANCE, Du poulet aux courgettes fondantes dans sa ribambelle de champignons. Pour la première fois au monde un plat prêt à consommer, totalement adapté aux préconisations du Régime Dukan.Une proportion inédite de protéines dans un environnement de légumes gourmands., 1 personne. A micro-ondes : percez l'opercule de la barquette de quelques trous. Réchauffez 2 à 3 minutes selon la puissance du micro-ondes (de 750 à 900 watts) et laissez-la refroidir quelques secondes avant d'ouvrir l'opercule. Au bain-marie : portez une grande casserole d'eau à ébullition. Hors du feu, plongez la barquette dans l'eau et laissez la réchauffer pendant 15 minutes. Ne pas mettre la barquette au four traditionnel., Médaillons de poulet forestier 33% : cuisse/haut de cuisse de poulet, protéines de blé réhydratées, amidon de maïs 0,3%, plantes aromatiques, arômes : arômes de transformation, préparations aromatisantes, substances aromatisantes identiques au naturel (gluten), champignon, colorant : caramel E150c, sel, échalote, persil déshydraté, arôme naturel champignon. Sauce 33% : eau, tofu 10% (eau, soja dépelliculé, nigari), fond de volaille (sel, farine de blé, arômes, graisse de poulet 0,1%, fécule de pomme de terre 0,1%, poulet déshydraté, oignon, poireau, ail, extrait de poivre, antioxydant : extrait de romarin), échalotes, oignons, ail, amidon de maïs 0,5%, moutarde (eau, graines de moutarde, vinaigre d'alcool, sel, antioxydant E224, acidifiantsE330), arôme champignon. Courgettes 17%. Champignons cuisinés 17% : champignons 9% (bolets jaunes, pleurotes, shiitake, pholiote), champignons de Paris 8% (champignons de Paris, eau, sel, acidifiants : E300, E330). Contient blé, soja, moutarde. Peutcontenir des traces de lait, oeuf, poisson, crustacé, mollusque, céleri, sulfites, fruits à coque, sésame., Valeur énergétique en Joules :  341kj, Valeur énergétique en Kcal : 82kcal, Glucides : 5,1g, Lipides : 3,7g, Protides :8,2g, Ce produit doit être conservé au réfrigérateur entre 0°C et +4°C.]|"
21,30€ / Kg"|"
6,39 €"
816|Tajine de boulettes de boeuf à l'orientale|La boîte de 340g|[Origine : FRANCE, Un tajine à volonté et provoquant par sa richesse en saveur. Ses boulettes de boeuf onctueuses et fondantes, si éloignées des problèmes de poids., Au micro-ondes : percez l'opercule de la barquette de quelques trous. Réchauffez 2 à 3 minutes selon la puissance du micro-ondes (de 750 à 900 watts) et laissez la refroidir quelques secondes avant d'ouvrir l'opercule. Au bain marie : portez une grande casserole d'eau à ébullition. Hors du feu, plongez la barquette dans l'eau et laissez la réchauffer pendant 15 minutes. Ne pas mettre la barquette au four traditionnel., Légumes 41,2% : courgettes 17%, navets 9%, poivrons rouges 7,6%, carottes 7,6%. Boulettes de boeufs 32,3% : viande de boeuf, protéines de soja texturées réhydratées, blanc d'oeuf, chapelure de blé, oignons, fécule de pomme de terre, fibre de pois, sel, échalotes, épices, arôme boeuf (arôme, sel, antiagglomérant : E551). Jus 26,5% : eau, fond de volaille (sel, farine de blé, arômes, graisse de poulet, fécule de pomme de terre, poulet déshydraté, oignon, poireau, ail, extrait de poivre, antioxydant : extrait de romarin), coulis de tomate, mélange d'épices et de plantes aromatiques (cumin, ail, poivre, gingembre, moutarde, cannelle, muscade, piment fort, paprika, girofle, curcuma, coriandre, safran), concentré de citron, amidon de maïs. Contient blé, oeuf, soja et moutarde. Peut contenir des traces de lait, poisson, crustacé, mollusque, céleri, sulfites, fruits à coque, sésame, arachide., Valeur énergétique en Joules :  312kj, Valeur énergétique en Kcal : 74kcal, Glucides : 6,6g, Lipides : 2,4g, Protides :6,5g, Ce produit doit être conservé au réfrigérateur entre 1°C et +4°C.]|"
20,84€ / Kg"|"
6,46 €"
817|Steak de soja tomate mozzarella|La barquette de 2, 200g|[Origine : FRANCE]|"
18,55€ / Kg"|"
3,71 €"
818|Steaks de soja à l'indienne|Les 2 steaks, 200g|[Origine : FRANCE, Délicatement parfumés au curry, les steaks de soja à l'Indienne de Sojasun sont un coeur de repas riche en protéines et sans cholestérol. Assaisonnés de leur sauce et accompagnés d'une salade ou de légumes cuits ou crus, ils font un plat complet et équilibré., Prêt en 5 minutes. Faire dorer vos steaks Sojasun 2 minutes de chaque côté dans une poêle anti-adhésive bien chaude, sans ajout de matière grasse.  Poêle., Steak : jus de soja (eau, graines), protéines de soja, concentré de tomates, oignons, huile de tournesol, sucre, curry, sel, fibres de blé, gélifiant : méthylcellulose, moutarde. Sauce : eau, huile de colza, moutarde, vinaigre, sucre, épaississants :amidon modifié de pomme de terre, gomme xanthane, curry, sel, céleri. Les steaks Sojasun et leur sauce sont garantis sans gluten. Sans cholestérol. Sojasun n'utilise pas de soja génétiquement modifié., Valeur énergétique en Joules :  558, Valeur énergétique en Kcal : 133, Glucides : 6,5g, Lipides : 4,5g, Protides :16,5g, A conserver à +2°C/+6°C.]|"
16,85€ / Kg"|"
3,37 €"
819|Steaks de soja à la tomate et au basilic|Les 2 steaks, 200g|[Origine : FRANCE, Recette aux saveurs estivales, les steaks de soja Tomate Basilic de Sojasun sont un coeur de repas riche en protéines et pauvre en graisses saturées.Assaisonnés de leur sauce et accompagnés d'une salade ou de légumes cuits ou crus, ils font un plat complet et équilibré., Faire dorer vos steaks Sojasun 2 à 3 minutes de chaque côté dans une poêle anti-adhésive bien chaude, sans ajout de matière grasse., Steak : eau, tomates 26%, protéines de soja 21%, jus de soja 13% (eau, graines), huile de tournesol, oignons, basilic 5%, sel, fibres de blé*, sucre, gélifiant : méthylcellulose. Sauce : eau, coulis de tomates (30%), huile de colza, huile d'olive (8%), basilic (3%), épaississants : amidon modifié de pomme de terre et gomme xanthane, sel, dextrose, jus concentré de citron, poivre, ail, acide citrique. *Les steaks Sojasun et leur sauce sont garantis sans gluten., Valeur énergétique en Joules :  554Kj, Valeur énergétique en Kcal : 132Kcal, Glucides : 3,5g, Lipides : 6g, Protides :16g, A conserver à +2°C/+6°C. Conditionné sous atmosphère protectrice.]|"
17,15€ / Kg"|"
3,43 €"
820|Steaks de soja aux fines herbes|Les 2 steaks, 200g|[Origine : FRANCE, Cboulette, persil et estragon parfument délicatement les steaks de soja aux fines herbes de Sojasun pour un coeur de repas riche en protéines et sans cholestérol. Assaisonnés de leur sauce et accompagnés d'une salade ou de légumes cuits ou crus, ilsfont un plat complet et équilibré., Faire dorer vos steaks Sojasun 2 minutes de chaque côté dans une poêle anti-adhésive bien chaude, sans ajout de matière grasse., Steak : Jus de soja (eau, graines), protéines de soja, oignons, fines herbes 5% (ciboulette, persil,''estragon), huile de tournesol,concentré de tomates, fibres de blé, sel, sucre, jus concentré de citron, gélifiant : méthylcellulose, jus concentré d'oignons.Sauce : Eau, huile de colza, fines herbes 3.5% (persil, ciboulette), moutarde, vinaigre, épaississants : amidon modifié de pomme de terre et gomme xanthane, sel, sucre, jus concentré de citron., Valeur énergétique en Joules :  586Kj, Valeur énergétique en Kcal : 140Kcal, Glucides : 4,4g, Lipides : 7,1g, Protides :17g, A conserver à +2°C/ +6°C]|"
16,55€ / Kg"|"
3,31 €"
821|Steaks de soja aux petits légumes|Les 2 steaks, 200g|[Origine : FRANCE, Carottes, haricots verts et maïs apportent douceur et croquant aux steaks de soja aux petits légumes de Sojasun pour un coeur de repas riche en protéines et pauvre en graisses saturées.Assaisonnés de leur sauce et accompagnés d'une salade ou de légumes cuits ou crus, ils font un plat complet et équilibré., Faire dorer vos steaks Sojasun 2 à 3 minutes de chaque côté dans une poêle anti-adhésive bien chaude, sans ajout de matière grasse., Steak : eau, petits légumes 21% (carottes, haricots verts, maïs), jus de soja 21% (eau, graines), protéines de soja 19%, huile de tournesol, concentré de tomates, jus concentré de légumes (carotte, poireau), sel, fibres de blé*, sucre, gélifiant : méthylcellulose, aneth. Sauce : eau, huile de colza, fines herbes 3.5% (persil, ciboulette), moutarde, vinaigre, épaississants : amidon modifié de pomme de terre et gomme xanthane, sel, sucre, jus concentré de citron. *Les steaks Sojasun et leur saucesont garantis sans gluten. Sojasun n'utilise pas de soja génétiquement modifié., Valeur énergétique en Joules :  554Kj, Valeur énergétique en Kcal : 132Kc, Glucides : 4.7g, Lipides : 5g, Protides :17g, A conserver à +2°C/+6°C. Conditionné sous atmosphère protectrice.]|"
16,55€ / Kg"|"
3,31 €"
822|Blanquette de poulet, petits legumes et riz creole c|La barquette de 300g|[Origine : FRANCE, Une blanquette cuisinée avec : petites pièces de poulet, viande maigre, riz aux petits légumes, sauce aux champignons à base de crème fraîche légère à 15% de mat gr pour un repas savoureux., Pour 1 personne. 15 minutes au bain-marie : Laissez chauffer la barquette sans l'ouvrir dans une casserole d'eau frémissante pendant 15 minutes. 2 min 30 au micro-ondes : Percez le film supérieur de la barquette de quelques trous sans l'ouvrir. Faites chauffer 2 min 30 au four à micro-ondes à 750 watts. Ne pas mettre la barquette au four traditionnel., Riz blanc cuit 25.5%, viande de poulet cuite18% (filet de poulet, dextrose, stabilisants : E 450 et E 451, ar«me, poivre), courgettes 11.5%, carottes 11.5%, crÈme fraÓche lÍgÈre, eau, fromage blanc, champignons 4%, petit pois, sel, Ípaississants : E1422 et gomme Xanthane, ar«mes, poivre. Contient : lait, blÍ., Valeur énergétique en Joules :  366kj, Valeur énergétique en Kcal : 87kcal, Glucides : 9,3g, Lipides : 2,5g, Protides :6,2g, Ce produit doit être conservé entre 0°C et 4°C.]|"
18,00€ / Kg"|"
5,40 €"
823|Cannelloni à la ricotta et épinards|La barquette de 290g|[Origine : FRANCE, Des cannelloni cuisinés avec une sauce à base de crème fraîche légère à 15% de matière grasse et accompagnés d'une délicieuse sauce tomate pour un vrai moment de plaisir., 1 personne. Micro-ondes : percez le film de la barquette de quelques trous sans l'ouvrir. Faites chauffer 2 min 30 au four à micro-ondes à 750 Watts. Bain-marie : laissez chauffer la barquette sans l'ouvrir dans une casserole d'eau frémissante pendant 15 minutes. Ne pas mettre la barquette au four traditionnel., Cannelloni ricotta épinards 31% (pâte 37% (semoule de blé dur, eau, oeufs frais), Farce 63% (ricotta 66%*, épinards 22%*, chapelure de blé, grana padano, sel)), tomates 24,5% (tomates pelées et jus de tomates, acidifiant : acide citrique), eau, poivrons, courgettes, crème fraîche légère, échalotes, concentré de tomates, carottes, épinards 1,5%, lait écrémé en poudre, sucre, amidon transformé, sel, pulpe d'ail, basilic, arôme naturel (dont céleri), épaississant : farine de graines de caroube et gomme xanthane, glucose. Fabriqué dans un atelier qui utilise : poisson, crustacés, mollusques, soja, moutarde. *pourcentages exprimés sur la farce du cannelloni., Valeur énergétique en Joules :  329Kj, Valeur énergétique en Kcal : 78Kcal, Glucides : 9,6g, Lipides : 2,6g, Protides :3,5g, A conserver au réfrigérateur entre 0°C et +4°C.]|"
19,14€ / Kg"|"
5,55 €"
824|Couscous oriental, légumes cuisinés et poulet émincé|La barquette de 300g|[Origine : FRANCE, Les produits Weight Wathers ont été spécialement conçus pour vous aider à faire de meilleurs choix alimentaires.Vous gardez le plaisir de manger des produits savoureux, variés et gourmands, de l'entré au dessert, quel que soit votre style de vie., Micro-ondes: percez le film de la barquette de quelques trous sans l'ouvrir. Faites chauffer 2mn30 au four à micro-ondes à 750 Watts. Bain-marie: laissez chauffer la barquette sans l'ouvrir dans une casserole d'eau frémissante pendant 15min. Ne pas mettre la barquette au four traditionnel., Semoule de couscous précuite 26% (eau, semoule de blé dur), légumes en proportion variable 23% (carottes, courgettes, navets, pois chiches, oignons, poivrons, céleri), viande de poulet traitée en salaison et cuite 21,5% (filet de poulet 78%, eau, sel, dextrose, stabilisants: E450 et E451, poivre), eau, tomate 4,5% (tomates pelées et jus de tomates, acidifiant: acide citrique), concentré de tomates, épices, beurre, huile végétale, arômes naturels (dont oeuf), poivron déshydraté, sucre, sel, amidon transformé, épaississant: gomme xanthane. Fabriqué dans un atelier qui utilise: poisson, crustacés, mollusques, soja, moutarde., Valeur énergétique en Joules :  436kj, Valeur énergétique en Kcal : 103kcal, Glucides : 14g, Lipides : 1,8g, Protides :7,7g, Ce produit doit être conservé entre 0°C et 4°C.]|"
15,63€ / Kg"|"
4,69 €"
825|Crevettes, crème citron basilic et penne aux légumes|La barquette de 290g|[Origine : FRANCE, Des produits savoureux au quotidien. Les produits Weight Watchers ont été spécialement conçus pour vous aider à faire de meilleurs choix alimentaires.Vous gardez le plaisir de manger des produits savoureux, variés et gourmands, de l'entrée au dessert, quel que soit votre style de vie., Plat pour 1 personne. Micro-ondes : percez le film de la barquette de quelques trous sans l'ouvrir. Faites chauffer 2min30 à 750 Watts.  Bain-marie : Laissez chauffer la barquette sans l'ouvrir dans une casserole d'eau frémissante pendant 15min., Carottes 22,5%, pâtes précuites (mini mezze penne), 20,5% (semoule de blé dur, eau), crevettes 17% (antioxygène: E331, sulfites), eau, fèves 5,5%, crème fraîche 5,5%, tomates, courgettes 3,5%, échalotes, basilic 0,8%, vinaigre de Xérès, huile d'olive, miel de fleurs, zestes de citron 0,5%, ail, sel, jus de citron 0,4%, arômes naturels (dont oeuf, céleri), amidon transformé, pulpe d'ail, épices, épaississant: gomme xanthane. Fabriqué dans un atelier qui utilise: poisson, mollusques, soja, moutarde., Ce produit doit être conservé entre 0°C et +4°C.]|"
17,41€ / Kg"|"
5,05 €"
826|Duo de carottes , poivrons & petits pois, riz au basilic, compotée de tomates|La boîte de 280g|[Origine : FRANCE, Les produits Weight Watchers ont été conçus pour vous aider à faire de meilleurs choix alimentaires. Vous gardez le plaisir de manger des produits savoureux, variés et gourmands., Micro-ondes : percez le film de la barquette de quelques trous sans l'ouvrir. Faites chauffer 2min30 au four micro-ondes à 750W. Bain-marie : laissez chauffer la barquette sans l'ouvrir dans une casserole d'eau frémissante pendant 15min. Ne pas mettre la barquette au four traditionnel., Riz blanc cuit 25.5%, viande de poulet cuite18% (filet de poulet, dextrose, stabilisants : E 450 et E 451, arome, poivre), courgettes 11.5%, carottes 11.5%, crème fraiche légère, eau, fromage blanc, champignons 4%, petit pois, sel, épaississants : E1422 et gomme Xanthane, aromes, poivre. Contient : lait, blé., Valeur énergétique en Kcal : 95,06, Glucides : 12,8, Lipides : 2,5, A conserver au réfrigérateur entre 0 et 4°C. Conditionné sous atmosphère protectrice.]|"
17,00€ / Kg"|"
4,76 €"
827|Gratin de courgettes, tomates, pommes de terre et jambon|La barquette de 290g|[Origine : FRANCE, Valeur énergétique en Joules :  369kj, Valeur énergétique en Kcal : 88kcal, Glucides : 9,7g, Lipides : 2,6g, Protides :5,4g]|"
16,62€ / Kg"|"
4,82 €"
828|Parmentier de poisson|La barquette de 300g|[Origine : FRANCE, Le succès de Weight Watchers repose sur un principe essentiel : pour maîtriser son poids, le plaisir est aussi important que l'équilibre. Weight Watchers a donc développé une expertise unique dans l'art de révéler les saveurs sans calories superflues. Dans ses plats cuisinés, Weight Watchers nous livre les secrets de sa cuisine légère et savoureuse., MICRO-ONDES: percez le film de la barquette de quelques trous sans l'ouvrir. Faites chauffer 2 min au four à micro-ondes à 750 watts. BAIN-MARIE: Laissez chauffer la barquette sans l'ouvrir dans une casserole d'eau frémissante pendant 10 minutes., Purée 56,5% (eau, crème fraîche légère, flocons de pommes de terre, ail, arôme naturel (crustacés, céleri), sel, épaississant: gomme xanthane, poivre, curcuma), poisson 22,5%, carottes, courgettes, poireaux, chapelure (farine de blé, levure, sel, paprika, curcuma), vin blanc, échalotes, persil. Fabriqué dans un atelier qui utilise: oeuf, soja., Valeur énergétique en Joules :  375Kj, Valeur énergétique en Kcal : 89Kcal, Glucides : 10,3g, Lipides : 2,9g, Protides :5,4g, Ce produit doit être conservé entre 0°C et 4°C.]|"
16,83€ / Kg"|"
5,05 €"
829|Poisson aux zestes d'agrumes & puréé fondante|La barquette de 300g|[Origine : FRANCE, Plat pour 1 personne : 1,9% de matières grasses.Des produits savoureux au quotidien. Les produits Weight Watchers ont été spécialement conçus pour vous aider à faire de meilleurs choix alimentaires. Vous gardez le plaisir de manger des produits savoureux, variés et gourmands, de l'entrée au dessert, quel que soit votre style de vie., Micro-ondes : percez le film de la barquette de quelques trous sans l'ouvrir. Faites chauffer 2min.30 à 750 Watts.  Bain-marie : Laissez chauffer la barquette sans l'ouvrir dans une casserole d'eau frémissante pendant 15min. Ne pas mettre la barquette au four traditionnel., Purée fondante 39% (eau, flocons de pommes de terre (pommes de terre, émulsifiant : E471, stabilisant : E450, extrait d'épices, acidifiant : acide citrique), beurre, eau, lait écrémé en poudre, sel, pulpe d'ail, épaississant : gomme xanthane, extraits d'épices, poivre, curcuma), poisson 24%, carottes 23%, tomates en cube non pelées 8,5%, eau, zestes de citron 0,59%, huile d'olive, poivron, farine de blé, épice et aromates, sel, huile de tournesol, extrait d'aromates, extrait de vin blanc, sucre,amidon transformé, zestes d'orange 0,29%. Fabriqué dans un atelier qui utilise : crustacés, mollusques, soja, oeuf, moutarde, céleri., Valeur énergétique en Joules :  295Kj, Valeur énergétique en Kcal : 70Kcal, Glucides : 7,6g, Lipides : 1,9g, Protides :5,6g, Ce produit doit être conservé entre 0°C +4°C.]|"
16,40€ / Kg"|"
4,92 €"
830|Porc à l'ananas et riz cantonais aux légumes|La barquette de 300g|[Origine : FRANCE, Valeur énergétique en Joules :  438kj, Valeur énergétique en Kcal : 104kcal, Glucides : 10,6g, Lipides : 2,9g, Protides :8,1g]|"
17,33€ / Kg"|"
5,20 €"
831|Poulet  au curry et noix de coco et riz aux éclats de légumes|La barquette de 300g|[Origine : FRANCE, Les produits Weight Watchers ont été spécialement conçus pour vous aider à faire de meilleurs choix alimentaires.Vous gardez le plaisir de manger des produits savoureux, variés et gourmands, de l'entrée au dessert, quel que soit votre style de vie., 1 personne. Micro-ondes : percez le film de la barquette de quelques trous sans l'ouvrir. Faites chauffer 2mn30 au four à micro-ondes à 750 watts. Bain-marie : laissez chauffer la barquette sans l'ouvrir dans une casserole d'eau frémissante pendant 15mn. Ne pas mettre la barquette au four traditionnel., Eau, riz cuit 21% (riz, eau), viande de poulet traitée en salaison 20% (poulet 73%, eau, dextrose, stabilisants : E450 et E451, arôme naturel, poivre), carottes 12%, poivrons rouges 6.5%, oignons, noix de coco en poudre 2%, crème fraîche, raisins secs, sucre, amidon transformé, curry 0.5% (dont moutarde), sel, huile végétale, lait écrémé en poudre, champignons noirs, ail, arôme naturel (dont oeuf, blé, céleri), jus de citron, gingembre, épices et aromates (dont moutarde), épaississant : gomme xanthane. Fabriqué dans un atelier qui utilise : poisson, crustacés, mollusques, soja., Valeur énergétique en Joules :  409kj, Valeur énergétique en Kcal : 97kcal, Glucides : 12,2g, Lipides : 2,6g, Protides :6,2g, Ce produit doit être conservé entre 0°C et 4°C.]|"
17,00€ / Kg"|"
5,10 €"
832|Raviolis au saumon, fondue d'épinards à la crème|La barquette de 290g|[Origine : FRANCE, Micro-ondes : percez le film de la barquette de quelques trous sans l'ouvrir. Faites chauffer 2min30 à 750 watts. Bain-marie : laissez chauffer la barquette sans l'ouvrir dans une casserole d'eau frémissante pendant 15 min., Ravioli saumon précuit 44,5% (pâte 65% (semoule de blé dur, eau, oeufs), farce 35% (ricotta, saumon (14%), mascarpone, saumon fumé (8%), chapelure, jus de citron, aneth, huile de tournesol, échalote, sel, poivre), eau, huile de colza), eau, épinards12%, purée de chou-fleur, lait écrémé en poudre, crème fraîche 1%, vermouth (colorant : caramel), amidon transformé, arôme naturel (dont oeuf, blé et céleri), ail, sel, extraits d'épices, épaississant : gomme Xanthane, poivre. Fabriqué dans un atelier qui utilise : crustacés, mollusques, soja, moutarde., Valeur énergétique en Joules :  430kj, Valeur énergétique en Kcal : 102kcal, Glucides : 13,4g, Lipides : 3,3g, Protides :4,7g, Ce produit doit être conservé entre 0°C et +4°C.]|"
18,28€ / Kg"|"
5,30 €"
833|Rigatoni au chèvre, épinards à la crème|La barquette de 280g|[Origine : FRANCE, Micro-ondes : percez le film de la barquette de quelques trous sans l'ouvrir. Faites chauffer 2min30 à 750 watts. Bain-marie : laissez chauffer la barquette sans l'ouvrir dans une casserole d'eau frémissante pendant 15 min., A conserver entre 0°C et +4°C. Conditionné sous atmosphère protectrice.]|"
15,07€ / Kg"|"
4,22 €"
834|Riz & poulet à l'indienne, sauce massala et petits légumes|La barquette de 280g|[Origine : FRANCE, Les produits Weight Watchers ont été spécialement conçus pour vous aider à faire de meilleurs choix alimentaires. Vous gardez le plaisir de manger des produits savoureux et variés., Micro-ondes : percez le film de la barquette de quelques trous sans l'ouvrir. Faites chauffer 2min30 à 750 watts. Bain-marie : laissez chauffer la barquette sans l'ouvrir dans une casserole d'eau frémissante pendant 15 min., Riz précuit 22,5% (riz, eau), eau, viande de poulet traitée en salaison 16% (poulet, eau, sel, dextrose, sucre, amidon, maltodextrine, sirop de glucose), carottes 9%, courgettes 8%, poivrons rouges 6,5%, oignons, tomates (tomates pelées et jus de tomates), crème fraîche, concentré de tomates, huile de colza, noix de coco en poudre, lait écrémé en poudre, épices massala et aromates 0,4% (dont moutarde), sel, amidon transformé, ail, sucre, coriandre, jus de citron, arôme naturel (contient blé, céleri et oeuf), colorants : extraits de paprika, curcumine, épices, dextrose, épaississant : gomme xanthane. Fabriqué dans un atelier qui utilise : poisson, crustacés, mollusque, soja., Valeur énergétique en Joules :  388kj, Valeur énergétique en Kcal : 92kcal, Glucides : 10,7g, Lipides : 2,6g, Protides :6,0g, Ce produit doit être conservé entre 0°C et +4°C. Conditionné sous atmosphère protectrice.]|"
14,96€ / Kg"|"
4,19 €"
835|St Jacques et torti à la crème safranée et éclats de légumes|La barquette de 300g|[Origine : FRANCE, Des produits savoureux au quotidien. Les produits Weight Watchers ont été spécialement conçus pour vous aider à faire de meilleurs choix alimentaires.Vous gardez le plaisir de manger des produits savoureux, variés et gourmands, de l'entrée au dessert, quel que soit votre style de vie., Plat pour 1 personne. Micro-ondes : percez le film de la barquette de quelques trous sans l'ouvrir. Faites chauffer 2min30 à 750 Watts.  Bain-marie : Laissez chauffer la barquette sans l'ouvrir dans une casserole d'eau frémissante pendant 15min., Pâtes précuites (torti) 33% (semoule de blé dur, eau, épinards en poudre, tomates en poudre, huile végétale, sel), noix de Saint Jacques 21,5% (A*: Zygochlamys patagonica (Argentine) - B*: Chlamys nobilis (Vietnam) - C*: Argopecten purpuratus (Pérou)), oignons ,eau, poivrons rouges 6,5%, crème fraîche légère 5,5%, courgettes 5%, carottes 3,5%, ail, huile d'olive, amidon transformé, lait écrémé en poudre, arômes (dont arôme safran) (contient : poisson, crustacés, céleri, moutarde), sel, poivre, gélatine de porc, extrait de vin blanc, aneth, épaississant : gomme xanthane, épices, colorants : extraits de paprika et curcumine, dextrose. Fabriqué dans un atelier qui utilise : oeuf, soja. *Pour l'espèce et l'origine se reporter au numéro de lot., Valeur énergétique en Joules :  420, Valeur énergétique en Kcal : 100,3, Glucides : 13,9, Lipides : 2,3, Protides :6,3, Ce produit doit être conservé entre 0°C et +4°C.]|"
16,97€ / Kg"|"
5,09 €"
836|Tagliatelles au poulet et champignons, à la crème légère et ciboulette|La barquette de 300g|[Origine : FRANCE, Des produits savoureux au quotidien. Les produits Weight Watchers ont été spécialement conçus pour vous aider à faire de meilleurs choix alimentaires.Vous gardez le plaisir de manger des produits savoureux, variés et gourmands, de l'entrée au dessert, quel que soit votre style de vie., Plat pour 1 personne. Micro-ondes : percez le film de la barquette de quelques trous sans l'ouvrir. Faites chauffer 2min30 à 750 Watts.  Bain-marie : Laissez chauffer la barquette sans l'ouvrir dans une casserole d'eau frémissante pendant 15min. Ne pas mettre la barquette au four traditionnel., Tagliatelles cuites 41,5% (eau, semoule de blé dur, oeufs, huile de colza, persil, poudre à lever : E500), viande de poulet traitée en salaison et cuite 20% (filet de poulet 74%, eau, sel, dextrose, stabilisants : E450, E451, arômes, poivres), eau, carottes 4,5%, crème fraîche 4,5%, champignons de Paris naturels (dont céleri), ciboulette, sel, épaississant : gomme xanthane, poivre. Fabriqué dans un atelier qui utilise : poisson, crustacés, mollusques, soja, moutarde., Valeur énergétique en Joules :  459Kj, Valeur énergétique en Kcal : 1919Kcal, Glucides : 12,6g, Lipides : 3,2g, Protides :7,5g, Ce produit doit être conservé entre 0°C et +4°C.]|"
15,80€ / Kg"|"
4,74 €"
837|Tarte courgettes & tomates, mozzarella|La boite de 135g|[Origine : FRANCE, Les produits Weight Watchers ont été spécialement conçus pour vous aider à faire de meilleurs choix alimentaires. Vous gardez le plaisir de manger des produits savoureux et variés., Micro-ondes : retirer la tarte de son emballage, la démouler puis réchauffer la tarte pendant 1min30 à 900 watts. Au four : retirer la tarte de son emballage, la démouler puis réchauffer la tarte sur une plaque pendant 15 min dans un four préchaufféà 200°C., Eau, courgettes 15,5%, blanc d'oeuf, fromage blanc, oeufs frais, oignons, fibre de chicorée, flocons de pommes de terre (pommes de terre, émulsifiant : E471, stabilisant : E450, extrait d'épices, acidifiant : acide citrique), tomates 3% (tomates pelées et jus de tomates), concentré de tomates 3%, semoule de blé dur, mozzarella 3%, crème fraîche, lait écrémé en poudre, amidon transformé, huile de colza, ail, moutarde de Dijon (eau, graines de moutarde, vinaigre d'alcool, sel, conservateur : disulfite de potassium, acidifiant : acide citrique), sel, vinaigre de Xérès, thym, extrait d'épice, épaississant : gomme xanthane. Fabriqué dans un atelier qui utilise : poisson, crustacés, mollusques, céleri., Valeur énergétique en Joules :  542kj, Valeur énergétique en Kcal : 129kcal, Glucides : 14,7g, Lipides : 4,2g, Protides :6,4g, A conserver jusqu'à 4°C. Conditionné sous atmosphère protectrice.]|"
17,41€ / Kg"|"
2,35 €"
838|Tomates farçies et boulgour|La barquette de 300g|[Origine : FRANCE, Valeur énergétique en Joules :  312kj, Valeur énergétique en Kcal : 74kcal, Glucides : 8,4g, Lipides : 2,5g, Protides :3,7g]|"
16,97€ / Kg"|"
5,09 €"
839|Fusilli à la sauce bolognaise|La box de 300g|[Origine : FRANCE, Pâtes à la sauce tomate et à la viande de boeuf., Ouvrez la boite carton et retirez la fourchette. Décollez l'opercule supérieur sur 1/2 centimètre et mettez la box plastique avec le carton dans le four à micro-ondes. Réchauffez 2 minutes 30 à 850 watts. Retirez l'opercule, mélangez à l'aide de la fourchette et dégustez., Pâtes penne cuites 39% (eau, semoule de blé dur de qualité supérieure), tomate concassée 24% (tomate pelée concassée, purée de tomate), viande de boeuf 18%, concentré de tomate 7,8%, oignon préfrit (oignon, huile d'olive, sel, acidifiant : acide citrique), carotte 2,4%, arômes naturels (dont lactose), pulpe d'ail, huile de tournesol, sel, basilic, sucre, amidon transformé de pomme de terre., Valeur énergétique en Joules :  590kj, Valeur énergétique en Kcal : 140kcal, Glucides : 18g, Lipides : 3,8g, Protides :7,7g, A conserver entre 0°C et +4°C. Conditionné sous atmosphère protectrice.]|"
10,03€ / Kg"|"
3,01 €"
840|Tortellini à la ricotta et épinards|La box de 300g|[Origine : FRANCE, Pâtes farcies à la ricotta et aux épinards, sauce au fromage., Pour 1 personne. Ouvrez la boite carton et retirez la fourchette. Décollez l'opercule supérieur sur 1/2 centimètre et mettez la box plastique avec le carton dans le four à micro-ondes. Réchauffez 2 minutes 30 à 850 watts. Retirez l'opercule, mélangezà l'aide de la fourchette et dégustez., Pâtes farcies tortellini cuites 49% (eau, semoule de blé dur de qualité supérieure, ricotta 7,7%, oeufs, flocons de pomme de terre, épinard 2%, huile de tournesol, emmental 1,2%, lactosérum en poudre, sel, chapelure (farine de blé, sel, levure), arôme naturel de noix de muscade), eau, crème fraîche 14%, parmesan 2,5%, huile de tournesol, oignon en poudre, farine de blé, sucre, sel, arôme naturel (lait), ail en poudre, épaississant : gomme xanthane, poivre., Valeur énergétique en Joules :  620kj, Valeur énergétique en Kcal : 148kcal, Glucides : 19g, Lipides : 5,9g, Protides :4,2g, A conserver entre 0°C et +4°C. Conditionné sous atmosphère protectrice.]|"
10,03€ / Kg"|"
3,01 €"
841|Maxi cheese beef & cheese|La boite de 300g|[Origine : FRANCE, Valeur énergétique en Joules :  839kj, Valeur énergétique en Kcal : 201kcal, Glucides : 16,4g, Lipides : 10,6g, Protides :9,3g]|"
12,07€ / Kg"|"
3,62 €"
842|Parmentier de saumon|La boite de 300g|[Origine : FRANCE, Valeur énergétique en Joules :  586kj, Valeur énergétique en Kcal : 140kcal, Glucides : 10,2g, Lipides : 7,9g, Protides :6,6g]|"
13,37€ / Kg"|"
4,01 €"
843|Torsades poulet sauce au fromage vache qui rit|La box de 300g|[Origine : FRANCE, Retirez la fourchette, soulevez légèrement le film, mettez la boîte dans le micro-ondes pendant 2 min à 750 watts, bien mélanger et enfin, dégustez directement dans la boîte. Ne pas placer la boîte dans un four traditionnel., 140g de pâtes torsades (torsades 91% (eau, semoule de blé dur, curcuma), huile de colza, sel). 130g de sauce au fromage fondu La Vache Qui Rit (eau, fromage fondu La Vache Qui Rit 33% (lait écrémé réhydraté, fromages, beurre, protéines de lait, selsde fonte (polyphosphates, phosphates de calcium, acide citrique, diphosphates, sel), amidon modifié de pomme de terre, huile de colza, sel, arôme naturel de céleri, poivre). 30g de poulet (poulet 96%, amidon et dextrose de tapioca, sel.) % exprimés sur le poids de chaque préparation. Informations destinées aux personnes allergiques : cette box contient du blé, des produits à base de lait et du céleri. Sans conservateur., Valeur énergétique en Joules :  682kj, Valeur énergétique en Kcal : 163kcal, Glucides : 15,1g, Lipides : 8g, Protides :7g, A conserver au frais entre 0°C et +4°C.]|"
14,20€ / Kg"|"
4,26 €"
844|Vraiment Patate, tartiflette au reblochon|La box de 300g|[Origine : FRANCE]|"
13,70€ / Kg"|"
4,11 €"
845|Vraiment pâtes, au jambon et emmental|La box de 300g|[Origine : FRANCE, Vraiment 100% bon !, Plat pour 1 personne. Retirez la fourchette de la boite, soulevez légèrement le film, puis mettez la boite dans votre micro-ondes pendant 2 minutes à 750 watts. Bien mélanger et dégustez directement dans la boîte. Ne pas placer la boîte dans un fourtraditionnel., 145g de coquillettes aux oeufs (48%) : semoule de blé dur, oeufs, eau, sel, curcuma, huile de colza, épaississant : gomme xanthane. 130g de sauce à l'emmental (43,4%) : eau, crème fraîche, emmental (14%), beurre, amidon transformé de riz, sel, poivre, muscade. 25g d'allumettes de jambon (8,6%) : jambon de porc (86%), eau, acidifiant : lactate de potassium, sel, sirop de glucose, dextrose, céleri, plantes aromatiques, épices, gélatine de porc, arômes, stabilisants : triphosphates, polyphosphates,antioxydant : érythorbate de sodium, conservateur : nitrite de sodium. Contient du gluten, des oeufs, du céleri et des produits laitiers. Sans colorant., A conserver au frais entre 0°C et +4°C. Conditionné sous atmosphère protectrice.]|"
12,83€ / Kg"|"
3,85 €"
846|Tortelloni aux oeufs frais, jambon cuit et basilic, fabrication artisanale|La barquette de 250g|[Origine : ITALIE, Préparation : porter a ébullition 1 litre d'eau pour 100g de pâtes et ajouter une cuillère de gros sel. Lorsque l'eau bout, immerger les pâtes et les laisser cuire pendant 5 minutes pour obtenir une cuisson ferme ('al dente').  Ne pas percer l'emballage.  Casserole., Pâte : farine de blé tendre type '0', oeufs entiers pasteurisés (17.4% de la pâte, 8.7% sur le total du produit), eau, gluten. Farce : jambon cuit (44.7% de la farce, 17.9% sur le total) (viande de porc, sel, saccharose, fructose, dextrose, épices, arômes naturels, exhausteur de goût : E621, antioxydant : E301), ricotta (sérum de lait, sel, correcteur d'acidité : acide citrique, crème de riz, flocons de pomme de terre, sérum de lait, huile de tournesol, basilic (3.16% de la farce, 1.26% sur le total), mortadelle (viande de porc, tripes de porc, sel, sucre, émulsifiant : E471, épices), sel, fibres, fromage râpé (lait, sel, présure), poivre, noix de muscade, arôme. Allergènes : gluten, oeuf, produits dérivés du lait. Sans colorant, ni conservateur., Valeur énergétique en Joules :  973Kj, Valeur énergétique en Kcal : 230KCal, Glucides : 38,11g, Lipides : 4,1g, Protides :10,2g, Conserver au réfrigérateur entre 0°C et +4°C. Une fois ouvert le produit doit être conservé au réfrigérateur et consommé dans les 3 jours.]|"
16,80€ / Kg"|"
4,20 €"
849|Bolo Balls|La box de 300g|[Origine : FRANCE]|"
10,97€ / Kg"|"
3,29 €"
850|Fusilli à la Bolognaise|La box de 300g|[Origine : FRANCE, Ouvrir l'emballage, retirer la fourchette et soulever légèrement le film. Mettre la boite avec le carton au micro-ondes pendant 2min 30 à pleine puissance. Ne pas mettre au four traditionnel. Retirer le film, bien mélanger les pâtes et la sauce avecla fourchette. Dégustez directement dans votre Lunch Box., Fusilli cuits 53,3% : eau, Fusilli (spécialité céréalière à base de semoule de blé dur et de blanc d'oeuf), huile végétale (tournesol ou colza), sel, colorants : extraits de curcuma et de paprika, arôme. Sauce 46,6% : eau, tomates 30% (pulpe et purée), préparation de boeuf hachée cuite 17%, oignons 9%, carottes 3%, ail, huile d'olive vierge extra, sucre, sel, arômes, thym 0,03%, conservateurs : sorbate de potassium et acétate de sodium, extrait d'épices, lécithine de soja. Produit fabriqué dansun atelier utilisant du lait, des oeufs, du poisson, des crustacés et des noix., Valeur énergétique en Joules :  597kj, Valeur énergétique en Kcal : 142kcal, Glucides : 18g, Lipides : 5,4g, Protides :5,1g, A conserver au frais entre 0° et +4°C.]|"
11,10€ / Kg"|"
3,33 €"
851|Serpentini, cèpes et poulet|La box de 280g|[Origine : FRANCE]|"
12,89€ / Kg"|"
3,61 €"
854|Serpentini tomate mozzarella basilic|La box de 300g|[Origine : FRANCE, Ouvrir l'emballage, retirer la fourchette et soulever légèrement le film. Mettre la boite avec le carton au micro-ondes pendant 2min 30 à pleine puissance. Ne pas mettre au four traditionnel. Retirer le film, bien mélanger les pâtes et la sauce avecla fourchette. Dégustez directement dans votre Lunch Box., Serpentini cuits 60% : eau, Serpentini (spécialité céréalière à base de semoule de blé dur et de blanc d'oeuf), huile végétale (tournesol ou colza), sel, colorants : extraits de curcuma et de paprika, arôme. Sauce 40% : tomates 72% (pulpe et purée),crème UHT, mozzarella 5,5%, oignons 4,5%, huile d'olive vierge extra, basilic 1,7%, sucre, amidon transformé, ail, sel, arôme, extrait d'épice, thym, conservateurs : sorbate de potassium et acétate de sodium, lécithine de soja. Produit fabriqué dansun atelier utilisant des oeufs, du poisson, des crustacés et des noix., Valeur énergétique en Joules :  643kj, Valeur énergétique en Kcal : 152kcal, Glucides : 21g, Lipides : 5,8g, Protides :4,2g, A conserver au frais entre 0° et +4°C.]|"
11,77€ / Kg"|"
3,53 €"
857|Tortellini aux quatre fromages|La box de 300g|[Origine : FRANCE, Ouvrir l'emballage, retirer la fourchette et soulever légèrement le film. Mettre la boite avec le carton au micro-ondes pendant 2min 30 à pleine puissance. Ne pas mettre au four traditionnel. Retirer le film, bien mélanger les pâtes et la sauce avecla fourchette. Dégustez directement dans votre Lunch Box., Pâtes fraîches farcies cuites 63,3% : pâtes farcies (pâtes 64% (semoule de blé dur de qualité supérieure, eau, oeuf frais 10,3% (soit 140g d'oeufs frais/kg de semoule)), farce 36% (ricotta 21%, fromage frais 20%, semoule de blé dur, crème fraîche, flocons de pomme de terre, emmental fondu 7% (emmental, fromages, protéines de lait, épaississant E1412, beurre, sel), fromage à pâte dure râpée 7%, riz cuit, lactose et protéines de lait, arômes, huile végétale (tournesol ou colza), persil, sel, amidon transformé, extraits de levure, extrait d'épice), eau, huile végétale (tournesol ou colza), arômes, sel. Sauce 36,7% : eau, crème UHT, fromage frais 6%, emmental fondu 3% (emmental, fromages, protéines de lait, épaississant : E1412, beurre, sel), amidon transformé, fromage à pâte dure râpé 2%, arômes, citron concentré, sel, extrait d'épice, épaississant : xanthane, conservateurs : sorbate de potassium et acétate de sodium, lécithine de soja, poivre noir. Produit fabriqué dans un atelier utilisant du poisson, des crustacés et des noix., Valeur énergétique en Joules :  642kj, Valeur énergétique en Kcal : 161kcal, Glucides : 18g, Lipides : 7g, Protides :5,5g, A conserver au frais entre 0° et +4°C. Conditionné sous atmosphère protectrice.]|"
10,77€ / Kg"|"
3,23 €"
858|Forestier tranche|la barquette de 170g|[Origine : FRANCE, Conditionné sous atmosphère modifiée., A conserver entre 0°C et 4°C.]|"
13,94€ / Kg"|"
2,37 €"
859|Fusilli aux fromages italiens|La box de 300g|[Origine : FRANCE, Fourchette incluse. Mettez la boîte avec le carton au micro-ondes et chauffez 2 minutes à 900W., Pâtes fraîches fabriquées chaque jour par nos soins (52%) : semoule de blé dur, eau, oeuf, sel. Une sauce cuisinée dans nos ateliers aux fromages italiens et à la crème fraîche légère (48%) : eau, crème fraîche légère, fromages italiens 12% (grana padano (conservateur : lysozyme d'oeuf), fromage à pâte persillée), emmental, beurre, échalotes, fromage à pâte pressée cuite, amidon modifiée de manioc, sel, poivre, conservateurs : sorbate de potassium et acétate de sodium. Informations allergènes :ce produit contient du gluten, de lait et de l'oeuf., Valeur énergétique en Joules :  710Kj, Valeur énergétique en Kcal : 170kcal, Glucides : 18g, Lipides : 8g, Protides :7g, A conserver entre 0°C et +4°C.]|"
11,57€ / Kg"|"
3,47 €"
860|Pastabox poulet à la crème|La box de 280g|[Origine : FRANCE, PÇtes fraÓches cuites 52%: semoule de blÍ dur, oeuf, eau, sel. Sauce 48%: crÈme fraiche lÍgÈre 58%, poulet marinÍ cuit 19% (viande de poulet 17%, eau, huile de tournesol, ar«me naturel, sel, dextrose, fÍcule de manioc), oignon, eau, fÍcule de manioc,fond de volaille (sel, ar«mes naturels, dextrose, graisse et viande de poulet, jus concentrÍ de champignons),huile de tournesol, ail, sel, conservateurs : E202, E262i, poivre.(% exprimÍs sur la sauce), Valeur énergétique en Joules :  596kj, Valeur énergétique en Kcal : 142kcal, Glucides : 16,0g, Lipides : 5,0g, Protides :7,6g]|"
11,21€ / Kg"|"
3,14 €"
861|Penne à la bolognaise|La box de 300g|[Origine : FRANCE, Fourchette incluse. Mettez la boite avec le carton au micro-ondes et chauffez 2 minutes à 900W., Pâtes fraîches fabriquées chaque jour par nos soins (48%) : semoule de blé dur, eau, oeuf, sel. Sauce bolognaise cuisinée dans nos ateliers avec de la viande de boeuf, des tomates, des oignons et des carottes, légèrement relevée avec du laurier et duromarin (52%) : viande de boeuf 23%, eau, tomates 20%, concentré de tomate, oignon, carotte, huile de colza, arômes, sel, amidon modifié de manioc, poivre, laurier, romarin, huile de tournesol, conservateurs : sorbate de potassium et acétate de sodium. Informations allergènes : ce produit contient du gluten, de l'oeuf., Valeur énergétique en Joules :  580Kj, Valeur énergétique en Kcal : 140kcal, Glucides : 18g, Lipides : 5g, Protides :6g, A conserver entre 0°C et +4°C.]|"
12,67€ / Kg"|"
3,80 €"
862|Penne à la carbonara|La box de 300g|[Origine : FRANCE, Fourchette incluse. Mettez la boite avec le carton au micro-ondes et chauffez 2 minutes à 900W., Pâtes fraîches fabriquées chaque jour par nos soins (52%) : semoule de blé dur, eau, oeuf, sel. Une sauce à la carbonara cuisinée dans nos ateliers avec des lardons fumés et de la crème fraîche légère (48%) : crème fraîche légère 55%, lardons fumés 30% (poitrine de porc, eau, sel, stabilisant : E451, arôme de fumée, sirop de glucose, lactose, conservateurs : nitrite de sodium, érythorbate de sodium), eau, lactose et protéines de lait, jaune d'oeuf, parmesan, arôme, jus de citron, amidon modifiéde manioc, stabilisant : gomme de cellulose, poivre, conservateurs : sorbate de potassium et acétate de sodium. Informations allergènes : ce produit contient du gluten, du lait et de l'oeuf., Valeur énergétique en Joules :  810Kj, Valeur énergétique en Kcal : 190Kcal, Glucides : 20g, Lipides : 9g, Protides :8g, A conserver entre 0°C et +4°C.]|"
12,67€ / Kg"|"
3,80 €"
863|Penne à la carbonara|La box de 400g|[Origine : FRANCE]|"
11,45€ / Kg"|"
4,58 €"
864|Tortellini à la ricotta épinards, sauce au parmesan|La box de 280g|[Origine : FRANCE, Fourchette incluse. Mettez la boite avec le carton au micro-ondes et chauffez 2 minutes à 900W., Des tortellini (66%) aux pâtes fraîches fabriquées chaque jour par nos soins : semoule de blé dur, eau, oeuf, sel. Farcis avec de la ricotta et des épinards : ricotta 11% (sérum de lait, crème, sel, correcteur d'acidité : acide citrique), emmental, épinard 4%, chapelure (farine de blé, levure, sel), semoule de blé dur, pain de mie complet (farine de blé, eau, son de blé, huile de colza, levure boulangère, sel, sucre, vinaigre d'alcool), huile d'olive vierge extra, sel, poivre. Sauce cuisinée dans nos ateliers au parmesan et à la crème fraîche relevée d'oignons, avec une pointe d'huile de colza (34%) : crème fraîche légère, oignons, eau, parmesan 5%, fromage à pâte pressée cuite, huile de colza, lactose et protéines de lait, ail, sel, amidonmodifié de manioc, poivre, conservateurs : sorbate de potassium et acétate de sodium. Informations allergènes : ce produit contient du gluten, du lait et de l'oeuf., Valeur énergétique en Joules :  790Kj, Valeur énergétique en Kcal : 190kcal, Glucides : 19g, Lipides : 9g, Protides :8g, A conserver entre 0°C et +4°C.]|"
13,61€ / Kg"|"
3,81 €"
865|Bolo Balls|La box de 300g|[Origine : FRANCE]||##
866|Bolo Balls|La box de 300g|[Origine : FRANCE]||##
867|Bouchées au chèvre et coeur à la tomate|La barquette de 80g|[Origine : FRANCE]|"
46,88€ / Kg"|"
3,75 €"
868|Guacamole|Le pot de 175g|[Origine : FRANCE, Préparation à base d'avocat., Purée d'avocat 97% (avocat 93%, sucre, sel, oignon, poivron rouge 0,28%, antioxygène: E300, stabilisant: E401, épaississant: E415, acidifiant: E330, poudre de piment, ail, coriandre déshydratée), eau, poivron rouge 0,5%, acidifiant: E330, épaississant: E415, conservateur: E202., Valeur énergétique en Joules :  671kj, Valeur énergétique en Kcal : 162kcal, Glucides : 5,8g, Lipides : 14g, Protides :1,5g, A conserver entre 0°C et +4°C. Ne pas congeler.]|"
14,40€ / Kg"|"
2,52 €"
869|Mini knacks, saucisses supérieures de Strasbourg, pur porc|Le pot de 200g|[Origine : FRANCE, Les mini knacks peuvent se consommer chaudes ou froides. Au micro-ondes (à privilégier) : percez le film transparent, mettez 30 s au micro-ondes, secouez et remettez à nouveau 30 s au micro-ondes (pour un four ayant une puissance restituée de 850 Watts). A la casserole : plongez les saucisses 4 min. dans l'eau frémissante.  Micro-ondes. Casserole., Valeur énergétique en Joules :  1195kj, Valeur énergétique en Kcal : 289kcal, Glucides : 1,9g, Lipides : 25g, Protides :14g, A conserver entre 0°C et +4°C.]|"
9,85€ / Kg"|"
1,97 €"
870|Mini saucisson aux noix|Le paquet de 75g|[Origine : FRANCE]|"
30,13€ / Kg"|"
2,26 €"
871|Mini Saucisson sec|Le paquet de 75g|[Origine : FRANCE, Viande de porc, sel, lactose, épices et aromates, rhum (colorant E150b),dextrose de blé, conservateur:nitrate de potassium, ferment de maturation, boyau collagénique.208g  de viande de porc mis en oeuvre pour l'élaboration de 100 g de saucissons. Traces de noix et de noisettes., Valeur énergétique en Joules :  2214kj, Valeur énergétique en Kcal : 534kcal, Glucides : 2,1g, Lipides : 46g8g, Protides :28g, A conserver à +18°C]|"
30,13€ / Kg"|"
2,26 €"
872|Olives vertes à l'ail|Le pot de 150g|[Origine : FRANCE, Faites-en profiter même ceux qui n'en ont pas mangé., Ne pas congeler., Olives vertes dénoyautées 97%, ail 2% (ail réhydraté et ail en poudre), basilic, huile de tournesol, vinaigre de vin rouge (contient : sulfites), sel, acidifiant : E330., A conserver entre 0°C et 4°C. A consommer rapidement après ouverture.]|"
19,00€ / Kg"|"
2,85 €"
873|Olives vertes à la tomates et aux aromates|Le pot de 150g|[Origine : BELGIQUE, Olives vertes dénoyautées au concentré de tomate et aux aromates., Malgré notre vigilance, certaines olives pourraient contenir des noyaux., Olives vertes dénoyautées 75%, concentré de tomates 12,3% (tomates 12,2%, sel), huile de tournesol, oignons, herbes aromatiques 1,7%, pâte de poivrons (poivrons, aubergines, huile de tournesol, ail, plantes aromatiques, sucre, sel, vinaigre), ail 0,05%, sucre, sel, acidifiant : E330, conservateur : E202., A conserver entre 0°C et +4°C. A consommer rapidement après ouverture. Conditionné sous atmosphère protectrice. Ne pas congeler.]|"
19,40€ / Kg"|"
2,91 €"
874|Olives vertes et fromage au basilic|Le pot de 150g|[Origine : FRANCE, Un excellent exemple de cohabitation., Ne pas congeler., Olives vertes dénoyautées 69%, fromage blanc 25%, poivron rouge, ail réhydraté, basilic 5%, huile de tournesol, vinaigre de vin rouge (contient : sulfites), sel, vinaigre d'alcool, acidifiant : E330., A conserver entre 0°C et 4°C. A consommer rapidement après ouverture.]|"
21,07€ / Kg"|"
3,16 €"
876|Pâté en croûte nature|Le paquet de 450g|[Origine : FRANCE, Croûte (50% maximum) : farine de blé, eau, beurre 15%, sel, colorant : E160a (pourcentage exprimé sur la croûte). Pâté (45% minimum) : gorge et jambon de porc, cuisse de dinde, gelée (eau, gélatine de porc, sel, arômes naturels), eau, blanc d'oeufs,alcools, foie de porc, fécule de pommes de terre, épices et plantes aromatiques, sel, arômes naturels, dextrose, vin blanc, stabilisants : E450, E451, antioxydant : E301, lactose, conservateur : E250, décor (5% maximum) , eau, gélatine de porc, sel,dextrose, épaississant : E407, colorant : E150a, arôme naturel de clou de girofle. Traces de noisette, pistage, amande, soja, moutarde, céleri et poisson., A conserver entre 0°C et +4°C. A consommer rapidement après ouverture.]|"
5,93€ / Kg"|"
2,67 €"
877|Pâté en croûte pur beurre|Le paquet de 220g|[Origine : FRANCE, Croûte (50% maximum) : farine de blé, eau, beurre 15%, sel, colorant : E160a (pourcentage exprimé sur la croûte). Pâté (45% minimum) : gorge et jambon de porc, cuisse de dinde, gelée (eau, gélatine de porc, sel, arômes naturels), eau, blanc d'oeufs,alcools, foie de porc, fécule de pommes de terre, épices et plantes aromatiques, sel, arômes naturels, dextrose, vin blanc, stabilisants : E450, E451, antioxydant : E301, lactose, conservateur : E250, décor (5% maximum) , eau, gélatine de porc, sel,dextrose, épaississant : E407, colorant : E150a, arôme naturel de clou de girofle. Traces de noisette, pistage, amande, soja, moutarde, céleri et poisson., A conserver entre 0°C et +4°C. A consommer rapidement après ouverture.]|"
10,95€ / Kg"|"
2,41 €"
878|Pâté en croûte pur beurre, aux pistaches|Les 2 tranches, 200g|[Origine : FRANCE, Pour plus de saveur, sortez le produit de son emballage 15 minutes avant de servir., Croûte (50% maximum) : farine de blé, eau, beurre 15%, sel, colorant : E160a. (Pourcentage exprimé sur la croûte). Pâté (45% minimum) : cuisse de dinde, gorge de porc, gelée (eau, gélatine de porc, sel, acidifiant : E330, arôme naturel), alcool, pistaches 2.8%, oeufs entiers, foie de porc, fécule de pomme de terre, sel, épices et plantes aromatiques, dextrose de blé, arômes, stabilisants : E451, E450, antioxygène : E301, lactose, conservateurs : E250, E252, colorant : E120. Décor (5% maximum) :eau, gélatine de porc, sel, dextrose de blé, épaississant : E407, colorant : E150a, arôme naturel.  Traces de noisettes, amandes et soja., Valeur énergétique en Joules :  1045kj, Valeur énergétique en Kcal : 250kcal, Glucides : 19g, Lipides : 14g, Protides :12g, A conserver entre 0°C et + 4°C. A consommer rapidement après ouverture.]|"
12,05€ / Kg"|"
2,41 €"
879|Saucisses cocktail, fumées au bois de hêtres|Le sachet de 300g|[Origine : FRANCE, Saucisses de Strasbourg sans polyphosphates., Au bain marie : plongez les saucisses sans leur sachet durant 3 minutes dans l'eau frémissante. En raison de sa petite taille, ce produit ne convient pas aux enfants de moins de 4 ans., Viande de porc 74%, eau, plasma de porc, sel, dextrose, protéines de lait, lactose, arômes, antioxydant : ascorbate de sodium, colorants : extrait de paprika, carmin, conservateur : nitrite de sodium. Fumage au bois de hêtre. Traces d'oeufs et de moutarde., Valeur énergétique en Joules :  1209kj, Valeur énergétique en Kcal : 292kcal, Glucides : 1,5g, Lipides : 26g, Protides :13g, A conserver entre 0°C et +4°C. A consommer rapidement après ouverture.]|"
9,37€ / Kg"|"
2,81 €"
880|Saucisse sèche supérieure, tranchée sans peau|Le paquet de 100g|[Origine : FRANCE, Ouvrez 15 minutes avant de déguster et servez à température ambiante., Viande et gras de porc, sel, sirop de glucose de maïs, marsala, épices et aromates, conservateur : E252, antioxygènes : E300 et E301, ferments (189g de viande et gras de porc utilisés pour 100g de produit fini)., A conserver entre 0°C et 4°C.]|"
26,50€ / Kg"|"
2,65 €"
881|Tapenade, préparation à base d'olives noires, de câpres, d'anchois et d'huile d'olive|Le pot de 100g|[Origine : FRANCE, Préparation à base d'olives noires d'huile d'olive vierge extra 15%, de câpres au vinaigre et de pâte d'anchois., Olives noires en saumure 91% (olives noires dénoyautées 88%, sel, stabilisant : E579), câpres au vinaigre 3,9% (câpres 3,8%, sel, eau, vinaigre d'alcool). Pâte d'anchois 2,9% (anchois 2,5%, sel), huile d'olive vierge extra 0,8%, ail, conservateur : E202, cumin, herbes de Provence (romarin, thym, basilic, marjolaine)., Valeur énergétique en Joules :  674kj, Valeur énergétique en Kcal : 164kcal, Glucides : traces, Lipides : 16g, Protides :2,3g, A conserver entre 0°C et +4°C. Ne pas congeler.]|"
16,20€ / Kg"|"
1,62 €"
882|Tomates séchées au basilic|Le pot de 100g|[Origine : FRANCE, Elles vont vous sécher., Ne pas congeler., Tomates séchées préparées 98% (tomates séchées 89%, eau, sel, vinaigre de vin rouge (contient : sulfites), acidifiant : E330), basilic 1%, huile de tournesol., A conserver entre 0°C et 4°C. A consommer rapidement après ouverture.]|"
31,60€ / Kg"|"
3,16 €"
883|Assiette dégustation espagnole|La barquette de 150g|[Origine : ESPAGNE, Jambon serrano: Jambon de porc (145g de viande mise en oeuvre pour 100g de produit fini), sel, dextrose, antioxydant (E-301) et conservateurs (E-250, E-252). Chorizo extra: Viande de porc (142g de viande mise en oeuvre pour 100g de produit fini), sel, lactose, dextrine, dextrose, protéines de lait, protéine de soja, épices, antioxydant (E-301), conservateurs (E-252, E-250) et colorant (E-120). Lomo embuchado: Lomo de porc (100g de lomo proviennent 142g de viande), sel, paprika, ail, dextrose, conservateurs (E-252, E-250) et antioxydant (E-301).]|"
40,53€ / Pce"|"
6,08 €"
884|Apérisec saucisson nature|La barquette de 130g|[Origine : FRANCE]|"
34,46€ / Kg"|"
4,48 €"
885|Assiette italienne|L'assiette de 120g|[Origine : FRANCE]|"
49,75€ / Kg"|"
5,97 €"
889|Fromage fondu, recette fromagère|Les 48 cubes, 250g|[Origine : FRANCE, Valeur énergétique en Joules :  1120kj, Valeur énergétique en Kcal : 271kcal, Glucides : 4,5g, Lipides : 22,5g, Protides :12,5g]|"
16,44€ / Kg"|"
4,11 €"
890|Fromage fondu à l'ail et fines herbes, bleu et noix et tomates à la provençale|Les 48 cubes, 250g|[Origine : FRANCE, Etonnez vos invités avec des associations de saveurs pleines de finesse !, Eau, fromages (dont, selon la variété, bleus : 13%, fromage de chèvre en poudre : 0.5%), beurre, lait écrémé en poudre, protéines de lait, pour la variété Tomates à la Provençale : tomate concentrée 3%, sels de fonte : polyphosphates, citrates, di-etphosphates de sodium, arômes (dont selon la variété, arôme ail et fines herbes (ail et fines herbes : 0.37%), arôme noix, arôme goût chèvre, arômes naturels de romarin et de basilic, dérivés de blé, de noix et de noisettes), lactosérum en poudre, sel, légumes déshydratés, conservateurs : sorbate de potassium, nisine, crème fraîche en poudre, gélifiants: carraghénanes, farine de graines de caroube. Arachide.]|"
15,96€ / Kg"|"
3,99 €"
891|Fromage fondu au bleu, jambon et tomate|Les 24 cubes, 125g|[Origine : FRANCE, Une saveur ! Une couleur. Pour tous les apéritifs !, Lait écrémé réhydraté, formages (pour la variété au bleu : 13% de bleu), beurre, protéines de lait, sels de fonte : polyphosphates, citrates, diphosphates de sodium, acide citrique et phosphates de sodium composition  tomate 6% pour la variété à la tomate (concentré de tomate, eau, sucre, sel, oignon, ail, arôme), sel, arômes, exhausteur de goût : glutamate de sodium, arôme de fumée., Nous vous conseillons de placer ce produit au réfrigérateur.]|"
16,56€ / Kg"|"
2,07 €"
892|Fromage fondu au paprika, jambon, olives et bleu|Les 48 cubes, 250g|[Origine : FRANCE, Pour tous les apéritifs ! C'est tous les jours ! Pour tous les goûts !, Lait écrémé réhydraté, fromages (pour la variété au bleu : 13% de bleus), beurre, protéines de lait, sels de fonte : polyphosphates, citrates, diphosphates de sodium, acide citrique, phosphates de sodium, pour la variété olive : olives 7%, pour la variété paprika : paprika 0,8%, arômes (exhausteur de goût : glutamate de sodium, colorant : extrait de paprika), sel., Nous vous conseillons de placer ce produit au réfrigérateur.]|"
15,72€ / Kg"|"
3,93 €"
893|Fromage fondu nature|Les 24 cubes, 125g|[Origine : FRANCE, Pour tous les apéritifs ! C'est tous les jours ! Pour tous les goûts !, Lait écrémé réhydraté, formages, beurre, protéines de lait, sels de fonte : polyphosphates, citrates de sodium, diphosphates, phosphates, acide citrique, sel., Nous vous conseillons de placer ce produit au réfrigérateur.]|"
15,60€ / Kg"|"
1,95 €"
894|Fromage fondu nature et saveur fraîcheur|Les 48 cubes, 250g|[Origine : FRANCE]|"
16,44€ / Kg"|"
4,11 €"
895|Saucisson sec pur porc|Le sachet de 100g|[Origine : FRANCE, COMPOSITION                                                                           Saucisson sec pur porc de qualitÍ supÍrieure                                          INGREDIENTS : Viande de porc, lactose, sel, pulpe d'ail (eau, ail, sel,acidifiant : E330), poivres, sucre, dextrose, macis, conservateur : nitrate de        potassium, girofle, ferments.                                                         Enveloppe : boyau collagÍnique (collagÈne, glycÍrine, cellulose, conservateur :       sorbate de potssium).                                                                 168g de viande de porc utilisÍe pour 100g de produit fini.                                                       Doit ²tre conservÍ de prÍfÍrence Å+18¢C maximum dans un endroit sec et aÍrÍ.         Produit sujet Å dessication.                                                          ConditionnÍ sous atmosphÈre protectrice.]|"
27,70€ / Kg"|"
2,77 €"
897|Les roulés de jambon fumé ail & fines herbes|Le plateau de 20 pièces, soit 100g|[Origine : FRANCE, Valeur énergétique en Joules :  1480kj, Valeur énergétique en Kcal : 359kcal, Glucides : 2,5g, Lipides : 33g, Protides :13g]|"
34,10€ / Kg"|"
3,41 €"
898|Les roulés de jambon fumé au poivre|Le plateau de 20 pièces, soit 100g|[Origine : FRANCE, Valeur énergétique en Joules :  1480kj, Valeur énergétique en Kcal : 357kcal, Glucides : 1,5g, Lipides : 33g, Protides :13,5g]|"
34,10€ / Kg"|"
3,41 €"
899|Croc'sec nature, pur porc|La barquette de 120g|[Origine : FRANCE]|"
22,40€ / Kg"|"
4,48 €"
900|Petits coraya avec sauce curry|Le sachet de 20 mini-bâtonnets, 210g|[Origine : FRANCE, Préparation à base de chair de poisson saveur crabe + sauce curry., Océan Paci, Chair de poisson (38%), eau, blanc d'oeuf rÍhydratÍ, amidon de blÍ, huile de colza, fÍcules, ar«mes (dont crabe, crustacÍs), sucre, sel, stabilisants: sorbitol, polyphosphates, exhausteur de goÛt: glutamate monosodique, colorant: extrait de paprika Sauce Curry : Huile vÍgÍtale, eau, sucre, vinaigre d'alcool, jaune d'oeuf salÍ, curry (curcuma, coriandre, cumin, riz, fenugrec, sel, moutarde, laurier, fenouil, ail, piment fort), moutarde (eau, graines de moutarde, vinaigre d'alcool, sel, herbes etÍpices, sucre, stabilisant : E415), sel, amidon modifiÍ, Ípices, stabilisants : E412 et E415., Valeur énergétique en Joules :  470kj, Valeur énergétique en Kcal : 112kcal, Glucides : 9,5g, Lipides : 4,4g, Protides :7,9g, A conserver au frais entre 0° et +4°C. Consommez vos sachets fraîcheur rapidement après leur ouverture.]|"
12,62€ / Kg"|"
2,65 €"
901|Petits coraya avec sauce tartare|Le paquet de 210g|[Origine : FRANCE, Préparation à base de chair de poisson saveur crabe + sauce Tartare., Océan Paci, Chair de poisson (38 %)  eau  fÍcules (dont blÍ)  blanc d'oeuf rÍhydratÍ  huile de colza  sucre  sel  stabilisants : sorbitol, polyphosphates  exhausteur de goÛt : glutamate monosodique  ar«mes naturels (crustacÍs)  colorant : extrait de paprika Sauce Tartare : Huile de colza, eau, vinaigre, jaune d?oeuf salÍ, sirop de glucose, moutarde de Dijon (eau, graines de moutarde, vinaigre, sel, antioxydant : E224 (sulfites), acidifiant : E330), Íchalote, cÇpre (1%), cornichon (1,9%), sel, estragon, Ípaississant : E415, conservateur : E202, Valeur énergétique en Joules :  475kj, Valeur énergétique en Kcal : 113kcal, Glucides : 11g, Lipides : 4,5g, Protides :8,1g, A conserver au frais entre 0° et +4°C. Consommez vos sachets fraîcheur rapidement après leur ouverture.]|"
12,62€ / Kg"|"
2,65 €"
902|Petits coraya saveur pamplemousse|Le sachet de 190g|[Origine : FRANCE, Craquez pour Petits Coraya saveur pamplemousse rose., Océan Paci, Chair de poisson (38 %)  eau  fÍcules (dont blÍ)  blanc d'oeuf rÍhydratÍ  huile de colza  sucre  sel  stabilisants : sorbitol, polyphosphates  exhausteur de goÛt : glutamate monosodique ar«me naturel d'agrume, ar«mes naturels (crustacÍs,blÍ)  colorant : extrait de paprika., Valeur énergétique en Joules :  448kj, Valeur énergétique en Kcal : 107kcal, Glucides : 8,6g, Lipides : 4,1g, Protides :8g, A conserver au frais entre 0° et +4°C. Consommez vos sachets fraîcheur rapidement après leur ouverture.]|"
13,37€ / Kg"|"
2,54 €"
904|Chorizo de jambon, sans gluten|Le blister de 50g|[Origine : ESPAGNE, Chorizo de jambon., INGRñDIENTS: JAMBON DE PORC, LAIT ñCRñME EN POUDRE, STABILISANT (LACTATE DE POTASSIUM), SEL, LACTOSE, PAPRIKA ET EXTRAIT DE PAPRIKA, ARßMES, AIL, PROTñINES DE LAIT, SUCRE, ANTIOXYDANT (ASCORBATE DE SODIUM) ET CONSERVATEUR (NITRITE DE SODIUM). CONTIENT: LACTOSE, LAIT ET PROTñINES DE LAIT. NOUS AVONS MIS EN OEUVRE 168 g DE JAMBON DE PORC POUR OBTENIR 100 g DE PRODUIT FINI. CE PRODUIT A SUBI UNE PERTE D'EAU DURANT LE PROCESSUS DE SECHAGE., Valeur énergétique en Joules :  950, Valeur énergétique en Kcal : 225, Glucides : 4, Lipides : 3.7, Protides :43.8, Conservation hors froid.]|"
45,20€ / Kg"|"
2,26 €"
905|Saucisson de jambon, sans gluten|Le blister de 50g|[Origine : ESPAGNE, Saucisson de jambon., INGRñDIENTS: JAMBON DE PORC, LAIT ñCRñME EN POUDRE, STABILISANT (LACTATE DE POTASSIUM), SEL, LACTOSE, PROTñINES DE LAIT, SUCRE, ñPICES, ANTIOXYDANT (ASCORBATE DE SODIUM) ET CONSERVATEURS (NITRITE DE SODIUM, NITRATE DE POTASSIUM). CONTIENT: LACTOSE, LAIT ET PROTñINES DE LAIT. NOUS AVONS MIS EN OEUVRE 164 g DE JAMBON DE PORC POUR OBTENIR 100 g DE PRODUIT FINI. CE PRODUIT A SUBI UNE PERTE D'EAU DURANT LE PROCESSUS DE SECHAGE., Valeur énergétique en Joules :  1015, Valeur énergétique en Kcal : 240, Glucides : 6.2, Lipides : 4.7, Protides :43.3, Conservation hors froid.]|"
42,40€ / Kg"|"
2,12 €"
906|Tapas al minuto, assortiment de tapas d'Espagne|La barquette de 160g|[Origine : ESPAGNE, 6 choricitos, 4 frankfort avec bacon, 2 mini brochettes au paprika, 2 mini brochettes aux fines herbes, Préparation micro - ondes : 1- Sans ouvrir la poche, chauffer au micro-ondes pendant deux minutes à 700 W. 2- La partie supérieure de la poche se gonfle et  s'ouvre pour laisser sortir la vapeur. 3- Une fois le temps écoulé, retirer la poche en prenant soin de ne pas vous brûler et servir. Poche en plastique      conçue pour le réchauffement au four micro - ondes 2 minutes à 700 w. À la     poêle ou au grill: Chauffer brièvement avec un peu d'huile. Ce produit se      maintient chaud pendant 15minutes sans l'ouvrir., Chorizo (Viande de porc (87%), sel, piment d'Espagne, stabilisants (E-326, E-451 i)), protéines de lait, arômes, épices, lactose, dextrose, antioxydant (E-301)). Frankfort avec bacon (Frankfort avec fromage (50 % approx.) (Viande de porc (73%), eau,fromage (5%) (fromage, amidon de riz (E-1412), beurre, sérum de lait, gomme tara (E-417), sels de fusion (E-331), arôme naturel), protéines de lait, sel, arômes, épices, stabilisants (E-451 i), E-326), dextrose, exhausteur de goût (E-621), antioxydant (E-316), conservateur (E-250). Revêtement de surface : Eau, gélatine et conservateur (E-202)). Bacon (50 % approx.) (Viande de porc (bacon) (94%), sel, dextrose, antioxydant (E-301), conservateur (E-250), épices. Bain de surface : Conservateur (E-215))). Mini brochettes grillées au paprika (Viande de porc (72%), eau, huile d'olive, ail, paprika (1.4%), sel, arômes, stabilisants (E-451 i), E-407, E-410), dextrose, exhausteur de goût (E-621), épices). Mini brochettes grillées aux fines herbes (Viande de porc (74%), eau, huile d'olive, sel, plantes aromatiques (fines herbes) (0.8%), épices, stabilisants (E-451 i), E-407, E-410), dextrose, exhausteur de goût (E-621), arômes), Contiens : Lait, protéines de lait et lactose., Produit pasteurisé par haute pression. (H.P.P). Ce produit peut être congelé pour une plus longue conservation.]|"
28,88€ / Kg"|"
4,62 €"
907|4 crêpes au froment sucrées, issues de l'agriculture biologique|Le paquet de 4 crêpes|[Origine : FRANCE, Dans une poêle, réchauffez les crêpes avec un peu de beurre et garnissez les avec les ingrédients de votre choix : sucre, chocolat, confiture., Eau, farine de froment (blé)* 27%, sucre de canne* 13%, oeufs entiers*, lait entier en poudre*, sel de Guérande 0,3%. *ingrédients issus de l'agriculture biologique., Valeur énergétique en Joules :  1009kj, Valeur énergétique en Kcal : 239kcal, Glucides : 46g, Lipides : 3,1g, Protides :6,2g, A conserver entre 0°C et +8°C. Conditionné sous atmosphère protectrice.]|"
17,56€ / Kg"|"
2,81 €"
908|4 crêpes au froment sucrées, issues de l'agriculture biologique|Le paquet de 4 crêpes|[Origine : FRANCE, Dans une poêle, réchauffez les crêpes avec un peu de beurre et garnissez les avec les ingrédients de votre choix : sucre, chocolat, confiture., Eau, farine de froment (blé)* 27%, sucre de canne* 13%, oeufs entiers*, lait entier en poudre*, sel de Guérande 0,3%. *ingrédients issus de l'agriculture biologique., Valeur énergétique en Joules :  1009kj, Valeur énergétique en Kcal : 239kcal, Glucides : 46g, Lipides : 3,1g, Protides :6,2g, A conserver entre 0°C et +8°C. Conditionné sous atmosphère protectrice.]|"
17,56€ / Kg"|"
2,81 €"
909|Crêpes au sucre vanillé|Le paquet de 400g|[Origine : FRANCE, A la poêle : 1 à 2 minutes avec ou sans ajout de matière grasse selon votre préférence. Au micro-ondes sans l'emballage : 20 sec pour un four ayant une puissance restituée de 900 Watts., Lait entier reconstitué, farine de blé, sucre 10%, oeufs, huile de colza, dextrose de blé, amidon transformé de pomme de terre, poudres à lever : E450i et E500II, sel., Valeur énergétique en Joules :  957kj, Valeur énergétique en Kcal : 228kcal, Glucides : 33g, Lipides : 7,4g, Protides :6,1g, A conserver entre 0°C et +4°C. Après ouverture, à conserver dans un sachet fermé et à consommer rapidement. Conditionné sous atmosphère protectrice.]|"
7,18€ / Kg"|"
2,87 €"
910|Crêpes natures|Le paquet de 400g|[Origine : FRANCE, A la poêle : 1 à 2 minutes avec ou sans ajout de matière grasse selon votre préférence. Au micro-ondes sans l'emballage : 20 sec pour un four ayant une puissance restituée de 900 Watts., Lait entier reconstitué, farine de blé, oeufs, huile de colza, poudres à lever : E450i et E500II, sel., Valeur énergétique en Joules :  802kj, Valeur énergétique en Kcal : 191kcal, Glucides : 23g, Lipides : 7,1g, Protides :7,2g, A conserver entre 0°C et +4°C. Après ouverture, à conserver dans un sachet fermé et à consommer rapidement. Conditionné sous atmosphère protectrice.]|"
7,18€ / Kg"|"
2,87 €"
911|Galettes au sarrasin, au jambon et fromage|Les 2 galettes, 300g|[Origine : FRANCE, Galettes de blé noir garnies d'une préparation à base d'emmental français et de jambon cuit supérieur., A la poêle : réchauffer les galettes 5 à 6 minutes à feu doux dans une poêle préalablement beurrée, en les retournant une fois. Au micro-ondes (une galette à la fois) : placer votre galette dans une assiette avec 1 noix de beurre sur le dessus. Réchauffer 2 min pour un four ayant une puissance restituée de 700 W. Sortir l'assiette et déguster., Galette de blé noir 50%, eau, farine de blé noir 30%, sel de Guérande, huile de tournesol. Pourcentage exprimé sur la galette. Garniture 50% : emmental français râpé 40%, jambon cuit supérieur 26% (jambon de porc, eau, sel, dextrose, sirop de glucose, arômes, conservateurs : érythorbate de sodium, nitrite de sodium), eau, crème (crème, stabilisant : carraghénanes), amidon transformé de pomme de terre, poudre de lait écrémé, sel. Pourcentages exprimés sur la garniture. Traces de céréales contenant du gluten., Valeur énergétique en Joules :  1239kj, Valeur énergétique en Kcal : 296kcal, Glucides : 27g, Lipides : 12g, Protides :18g, A conserver entre 0°C et +4°C. Conditionné sous atmosphère protectrice.]|"
10,47€ / Kg"|"
3,14 €"
912|Galettes de blé noir, certifié AB|Le paquet de 200g|[Origine : FRANCE, Elaboré en Bretagne. Au sel de Guérande., A la poêle : placer une noix de beurre dans la poêle et étaler votre galette, sans la plier. Garnir avec les ingrédients de votre choix (oeuf, jambon, lardons, légumes, fromage ) puis recouvrir avec l'autre moitié de la galette. Laisser dorer chaqueface, en retournant une fois., Eau, farine de blé noir* 33%, sel de Guérande 1%. Traces de blé. *Ingrédients issus de l'agriculture biologique., Valeur énergétique en Joules :  685kj, Valeur énergétique en Kcal : 162kcal, Glucides : 30g, Lipides : 1,4g, Protides :5,9g, A conserver entre 0°C et +8°C.]|"
17,25€ / Kg"|"
3,45 €"
913|Galettes de blé noir, certifié AB|Le paquet de 200g|[Origine : FRANCE, Elaboré en Bretagne. Au sel de Guérande., A la poêle : placer une noix de beurre dans la poêle et étaler votre galette, sans la plier. Garnir avec les ingrédients de votre choix (oeuf, jambon, lardons, légumes, fromage ) puis recouvrir avec l'autre moitié de la galette. Laisser dorer chaqueface, en retournant une fois., Eau, farine de blé noir* 33%, sel de Guérande 1%. Traces de blé. *Ingrédients issus de l'agriculture biologique., Valeur énergétique en Joules :  685kj, Valeur énergétique en Kcal : 162kcal, Glucides : 30g, Lipides : 1,4g, Protides :5,9g, A conserver entre 0°C et +8°C.]|"
17,25€ / Kg"|"
3,45 €"
914|Galettes de blé noir, lardons, champignons et emmental|Le paquet de 2 pièces, soit 300g|[Origine : FRANCE, Galettes de blé noir garnies d'emmental râpé de lardons cuits fumés et de champignons de Paris., A la poêle : réchauffer les galettes 5 à 6 minutes à feu doux dans une poêle préalablement beurrée, en les retournant une fois. Au micro-ondes (une galette à la fois) : placer votre galette dans une assiette avec 1 noix de beurre sur le dessus. Réchauffer 2 min pour un four ayant une puissance restituée de 700 W. Sortir l'assiette et déguster., Galette de blé noir 50%, eau, farine de blé noir 30%, sel de Guérande, huile de tournesol. Pourcentage exprimé sur la galette. Garniture 50% : emmental râpé 26%, lardons cuits fumés au bois de hêtre 23% (poitrine de porc, eau, sel, dextrose, conservateurs : érythorbate de sodium et nitrite de sodium), champignons de Paris 23%, crème (dont stabilisant : carraghénanes), oignon, eau, amidon transformé de pomme de terre, poivre. Pourcentages exprimés sur la garniture. Traces de gluten., Valeur énergétique en Joules :  1300kj, Valeur énergétique en Kcal : 311kcal, Glucides : 26g, Lipides : 16g, Protides :14g, A conserver entre 0°C et +4°C. Conditionné sous atmosphère protectrice.]|"
10,47€ / Kg"|"
3,14 €"
915|Galettes de blé noir à plat, au sel de Guérande|Le paquet de 300g|[Origine : FRANCE, Galettes de blé noir à garnir., Réchauffez la galette dans une poêle avec ou sans ajout de matière grasse. Disposez au choix jambon, gruyère, oeuf etc  Repliez les bords, servez chaud et accompagnez d'une salade verte., Eau, farine de bli noir 30%, sel de Guirande 1%. Traces de gluten., Valeur énergétique en Joules :  596kj, Valeur énergétique en Kcal : 141kcal, Glucides : 25g, Lipides : 1,5g, Protides :5,4g, A conserver entre 0°C et +4°C. Conditionné sous atmosphère protectrice.]|"
10,27€ / Kg"|"
3,08 €"
916|Galettes de céréales au comté et à l'emmental|Les 2 galettes, 180g|[Origine : FRANCE, Monoprix a sélectionné pour vous, avec des entreprises partenaires, des produits issus de l'agriculture biologique. Leurs modes de production et de transformation sont contrôlés et certifiés par un organisme indépendant. Les producteurs emploient desfertilisants respectueux de l'environnement et pratiquent la rotation des cultures afin de garder des sols vivants et une fertilité durable., Réchauffez les galettes au four, 10 minutes (Th. 6/7 - 200°C) ou à la poêle à feu vif sans ajout de matière grasse 3 minutes de chaque côté. Les galettes accompagnent idéalement une salade composée, une assiette de crudité, un plat de légumes., Céréales réhydratées* 54% (blé complet*, avoine*, farine de blé intégrale*), riz complet cuit* 21%, eau, emmental* 6.5%, comté* 3.3%, oignons*, huile de palme non hydrogénée*, sel marin non raffiné, herbes de Provence*, poivre*.  Présence possible desésame, de céleri et de fruits à coque., Valeur énergétique en Joules :  901Kj, Valeur énergétique en Kcal : 216KCal, Glucides : 27,9g, Lipides : 7,3g, Protides :9,2g, A conserver entre 0°C et +4°C. Après ouverture, à conserver dans une boîte hermétique ou film cellophane entre 0°C et +4°C et à consommer dans les 3 jours]|"
18,28€ / Kg"|"
3,29 €"
917|Galettes de céréales au comté et à l'emmental|Les 2 galettes, 180g|[Origine : FRANCE, Monoprix a sélectionné pour vous, avec des entreprises partenaires, des produits issus de l'agriculture biologique. Leurs modes de production et de transformation sont contrôlés et certifiés par un organisme indépendant. Les producteurs emploient desfertilisants respectueux de l'environnement et pratiquent la rotation des cultures afin de garder des sols vivants et une fertilité durable., Réchauffez les galettes au four, 10 minutes (Th. 6/7 - 200°C) ou à la poêle à feu vif sans ajout de matière grasse 3 minutes de chaque côté. Les galettes accompagnent idéalement une salade composée, une assiette de crudité, un plat de légumes., Céréales réhydratées* 54% (blé complet*, avoine*, farine de blé intégrale*), riz complet cuit* 21%, eau, emmental* 6.5%, comté* 3.3%, oignons*, huile de palme non hydrogénée*, sel marin non raffiné, herbes de Provence*, poivre*.  Présence possible desésame, de céleri et de fruits à coque., Valeur énergétique en Joules :  901Kj, Valeur énergétique en Kcal : 216KCal, Glucides : 27,9g, Lipides : 7,3g, Protides :9,2g, A conserver entre 0°C et +4°C. Après ouverture, à conserver dans une boîte hermétique ou film cellophane entre 0°C et +4°C et à consommer dans les 3 jours]|"
18,28€ / Kg"|"
3,29 €"
918|Cheeseburger doré et moelleux|La barquette de 145g|[Origine : FRANCE, Les Cheeseburger Charal Snack est préparé à partir d'une viande Charal d'origine française. Il a été élaboré à partir d'ingrédients rigoureusement sélectionnés pour un plus grand plaisir gustatif. Un effet 'doré et moelleux' garanti : cet emballage micro-ondable a été conçu pour vous apporter tout le moelleux et le doré d'un produit qui sortirait du four traditionnel., Placer l'emballage dans le micro-ondes sans l'ouvrir ni le percer. Réchauffer : 40 sec. (four 1000w). Attendez 1min. Ouvrir l'emballage.  Attention, le produit est très chaud. Micro-ondes uniquement. Ne pas réutiliser cet emballage. Viande cuite décongelée, ne pas recongeler., Préparation à base de viande hachée cuite assaisonnée 37,9% : viande de boeuf 99,6%, sel, arômes. Pain spécial 37,9% : farine de blé, eau, levure, dextrose de blé, huile de colza, huile de soja, graines de sésame, sucre, sel, gluten de blé, farine defève, émulsifiants : E471, E472e, conservateurs : E282, farine de soja, vinaigre, antioxygène : E300. Sauce 10,3% : eau, condiments au vinaigre (eau, vinaigre, graines de moutarde, sel, acidifiant : E330, sucre, curcuma, antioxygène : E224, extraitsd'épices), sucre, huile de colza, concentré de tomate, oignons, amidon transformé de maïs, cornichons, vinaigre, sel, épaississant : E415, E412, arômes, conservateurs : E202. Fromage fondu 9,8% : fromage, eau, beurre, poudre de lait écrémé, sels defonte : E331, E339, protéines de lait, arômes, poudre de lactosérum, sel, colorants : E160a, E160e. Cornichons 4% (dont saumure : eau, vinaigre, sel, conservateur : E224, affermissant : E509). Contient aussi : sulfites., Valeur énergétique en Joules :  1139, Valeur énergétique en Kcal : 272, Glucides : 22,5g, Lipides : 14g, Protides :14g, Tenir au froid : 0 +4°C.]|"
21,31€ / Kg"|"
3,09 €"
919|Cheeseburger maxi|La barquette de 220g|[Origine : FRANCE, Le Maxi Cheese Charal Snack est préparé à partir d'un pain spécial aux graines de sésame garnie d'une préparation de viande bovine française hachée cuite, de sauce, de fromage fondu et de cornichons. Il a été élaboré à partir d'ingrédients rigoureusement sélectionnés pour un plus grand plaisir gustatif. Un effet 'doré et moelleux' garanti : cet emballage micro-ondable a été conçu pour vous apporter tout le moelleux et le doré d'un produit qui sortirait du four traditionnel., Placer l'emballage dans le micro-ondes sans l'ouvrir ni le percer. Réchauffer : 70 sec. (four 1000w). Attendez 1min. Ouvrir l'emballage.  Attention, le produit est très chaud. Micro-ondes uniquement. Ne pas réutiliser cet emballage. Viande cuite décongelée, ne pas recongeler., Pain spécial 38.6% : farine de blé, eau, levure, dextrose de blé, huile de colza, graines de sésame, sucre, sel, gluten de blé, farine de fève, émulsifiants : E471, E472e, conservateurs : E282, vinaigre, antioxygène : E300. Préparation de viande hachée cuite assaisonnée 36.3% : Viande de boeuf 70%, protéines de soja réhydratées 26%, chapelure (farine de blé, sel), fibres de pois, sel, arômes, sucre caramélisé. Fromage fondu 12.9% : Fromage, eau, beurre, poudre de lait écrémé, sels de fonte : E331, E339, protéines de lait, arômes, poudre de lactosérum, sel, colorants : E160a, E160e. Sauce 9% : eau, huile végétale, cornichons, oignons, sucre, vinaigre, amidon transformé de maïs, poudre de lait écrémé, concentré de tomates, fibres végétales, sel, épaississants : E415, E412, poudre de tomate, extraits d'épices, caramel, acidifiant : E330, arômes. Cornichons 3.2% (dont saumure : eau, vinaigre, sel, conservateur : E224, affermissant : E509). Contient aussi : sulfites., Valeur énergétique en Joules :  1124, Valeur énergétique en Kcal : 269, Glucides : 22g, Lipides : 14g, Protides :13g, Tenir au froid : 0 +4°C.]|"
18,95€ / Kg"|"
4,17 €"
920|Croque monsieur au comté fondu|La barquette de 2, 200g|[Origine : ALLEMAGNE, Croque-monsieur à base de Comté fondu (27%)., A la poêle (6 min) : 3 minutes de chaque côté à feu moyen sans ajouter de matière grasse.  Au four (8 min) : préchauffage th 7 (220°C) en chaleur traditionnelle. 4 minutes de chaque côté sur la plaque chaude du four., Farine de blé, eau, jambon cuit standard 18%, comté 18%, huiles et graisses végétales (palme, colza), beurre, amidons modifiés de maïs, sel, dextrose, sels de fonte : E331, E452, stabilisant : polyphosphates, levure, épaississant : E415, gélifiant :E401, E407, arôme (céleri), émulsifiants : E471, E322, conservateurs : propionate de calcium, sorbate de potassium, nitrite de sodium, gluten de blé, anti-oxygènes : iso-ascorbate de sodium, alpha-tocophérol, colorant : béta-carotène, oeuf., Valeur énergétique en Joules :  1157kj, Valeur énergétique en Kcal : 276kcal, Glucides : 27g, Lipides : 13g, Protides :12g, A conserver à +4°C. Conditionné sous atmosphère protectrice.]|"
12,35€ / Kg"|"
2,47 €"
923|Croque monsieur au jambon et fromage, sans croûte|La barquette de 2, 200g|[Origine : FRANCE, Poêle : 4min. de chaque côté à feu doux sans ajouter de matière grasse. Four : préchauffage Th7 (220°C), 4min. de chaque côté sur la plaque chaude du four., Farine de blé, eau, jambon cuit standard 18%, emmental 8%, fromages, huiles et graisses végétales (palme, colza), beurre, protéines de lait, sel, dextrose, amidon modifié, sels de fontes : E331, E452, stabilisant : polyphosphates, lactosérum, levure,émulsifiants : E471, E322, épaississants : E415, E407, conservateurs : propionate de calcium, sorbate de potassium, nitrite de sodium, gluten de blé, arômes (céleri), anti-oxygène : iso-ascorbate de sodium, alpha-tocophérol, colorant : béta-carotène, oeuf., Valeur énergétique en Joules :  1218Kj, Valeur énergétique en Kcal : 291kcal, Glucides : 27g, Lipides : 15g, Protides :12g, A conserver à +4°C.]|"
11,95€ / Kg"|"
2,39 €"
924|Croque monsieur au jambon fumé et au fromage|La barquette de 2, 200g|[Origine : FRANCE, 2 croque monsieur au pain de mie spécial de campagne, avec du fromage fondu  et du jambon fumé, de 100g chacun, conditionnés en barquette rigide avec film imprimé., Farine de blé, eau, jambon de porc 18%, fromages 16%, farine complète de blé 9%, huiles et matières grasses végétales (palme, colza), beurre, protéines de lait, sel, dextrose, amidons modifiés de maïs, sels de fonte, stabilisants : polyphosphate, levain de seigle désactivé, lactosérum, farine de malt torréfié, levure, conservateurs : propionate de calcium, sorbate de potassium, nitrite de sodium, gélifiant, gluten de blé, arômes (céleri), émulsifiant, antioxygène : iso-ascorbate de sodium, alpha-tocophérol, colorant : béta-carotène, fumée., Valeur énergétique en Joules :  1244Kj, Valeur énergétique en Kcal : 297Kcal, Glucides : 26,9g, Lipides : 15,6g, Protides :12,3g, A conserver à +4°C.]|"
13,90€ / Kg"|"
2,78 €"
925|Croque monsieur maxi au fromage et au jambon|La barquette de 2, 300g|[Origine : FRANCE, Poêle : 8 minutes : 4 minutes des chaque côté à feu doux sans ajouter de matière grasse. Four : 8 minutes : préchauffage th 7 (220°C), 4 minutes de chaque côté sur la plaque chaude du four., Farine de blé, eau, jambon cuit standard 20%, emmental 8%, fromages, huiles et graisses végétales (palme, colza), beurre, protéines de lait, sel, dextrose, amidons modifiés, stabilisant : polyphosphates : sels de fontes : E331, E452, lactosérum, levure, émulsifiants : E471, E322, épaississants : E415, E407, conservateurs : propionate de calcium, sorbate de potassium, nitrite de sodium, gluten de blé, arômes (céleri), anti oxygène : iso-ascorbate de sodium, alpha-tocophérol, colorant : béta-carotène, oeuf., Valeur énergétique en Joules :  1172, Valeur énergétique en Kcal : 280, Glucides : 26, Lipides : 14, Protides :12,5, A conserver à +4°C. Conditionné sous atmosphère protectrice.]|"
11,00€ / Kg"|"
3,30 €"
926|Pain aux céréales, cantal, jambon et chutney aux oignons|La barquette de 2, 220g|[Origine : FRANCE]|"
14,91€ / Kg"|"
3,28 €"
927|Tendre Croque classique, sel réduit de 25%|Le paquet de 2 croques, 200g|[Origine : FRANCE, Poêle (8mn) : 4mn de chaque côté à feu doux sans ajouter de matière grasse. Four (8mn) : Préchauffage th 7 (220°C). 4mn de chaque côté sur la plaque chaude du four., Farine de blé, eau, jambon cuit standard 18%, emmental 13%, huile et graisse végétale (colza, palme), fromages, beurre, poudre de lait écrémé, sel, protéines de lait, dextrose, stabilisant : polyphosphate, levure, épaississants : E415, E410, émulsifiants : E471, E322, conservateurs : propionate de calcium, sorbate de potassium, nitrite de sodium, gluten de blé, arômes (céleri), antioxydant : iso-ascorbate de sodium, tocopherol, acidifiant : acide lactique, colorant béta-carotène, oeuf. Sel réduit de 25% par rapport à la moyenne du marché., Valeur énergétique en Joules :  1160kj, Valeur énergétique en Kcal : 277kcal, Glucides : 27g, Lipides : 13g, Protides :12g, A conserver à +4°C. A consommer rapidement après ouverture. Conditionné sous atmosphère protectrice.]|"
13,65€ / Kg"|"
2,73 €"
928|Mini Cheese Burgers|Le paquet de 6, 270g|[Origine : FRANCE, Pains burger 25%: farine, beurre, sel, sucre, crÈme Ípaisse, eau, levure, oeufs, gluten, farine de seigle, acide ascorbique, E471, E481, sÍsame  Garnitures 75%: steak hachÍ(22g) 55% origine UE, cheddar (fromage cheddar 66%, lait ÍcrÍmÍ, beurre, laitÍcrÍmÍ en poudre, sel de fonte  E331 ? E339 , protÍine de lait, sel, extrait de paprika, agent sÍparateur, lÍcithine d?huile de tournesol),  cornichons, ketchup (tomates, sirop de glucose, fructose, sucre, vinaigre d?alcool, amidon de maÕs modifiÍ,sel, ar«me naturel, Ípices) sel,  poivre  ALLERGENES GLUTEN, OEUFS, PRODUITS LAITIERS, SESAME, Valeur énergétique en Joules :  1353.1, Valeur énergétique en Kcal : 324.2, Glucides : 10.9, Lipides : 19.8, Protides :25.6]|"
25,71€ / Kg"|"
6,17 €"
929|Galette de blé noir jambon supérieur, emmental, mozzarella|La barquette de 2 galettes, 300g|[Origine : FRANCE, Pour garnir nos galettes de blé noir fines et moelleuses et vous proposer cette savoureuse recette, nous avons sélectionné un jambon supérieur coupé en tranches comme à la crêperie, de généreuses tranches d'emmental et de la mozzarella fondante. Nousn'avons ajouté aucun conservateur, pour plus de plaisir et de naturel. Nous vous souhaitons un bon repas !, A la poêle, notre préférence : faites fondre une noisette de beurre et réchauffez la galette 6 minutes à feu doux sans la retourner. Au four, du croustillant sans matières grasses : préchauffez le four à 200°C, puis placez la galette sur la plaque pendant 7 minutes. Au micro-ondes, le plus rapide : les galettes peuvent être réchauffées sur une assiette 2 minutes au micro-ondes (750W).  Poêle. Four. Micro-ondes., A conserver entre 0°C et +4°C. A consommer rapidement après ouverture.]|"
12,53€ / Kg"|"
3,76 €"
930|Galettes au sarrasin, fromage frais et tomate|Les 2 galettes, 300g|[Origine : FRANCE]|"
13,40€ / Kg"|"
4,02 €"
931|Galettes de sarrasin chèvre lardons|Les 2 galettes, 300g|[Origine : FRANCE]|"
13,40€ / Kg"|"
4,02 €"
932|Galettes au son d'avoine, goût sucré|Le sachet de 280g|[Origine : FRANCE, Eau-Son d'avoine 44%-Blanc d'oeufs en poudre-lait écrémé en poudre-Graines de lin brun-Edulcorant: E951-Poudre à lever: E450, E500-Sel-Arôme naturel de vanille. Contient une source de phénylalanine,, Valeur énergétique en Joules :  591kj, Valeur énergétique en Kcal : 140kcal, Glucides : 16g, Lipides : 2,9g, Protides :10g]|"
17,64€ / Kg"|"
4,94 €"
933|Galettes de son d'avoine au cacao dégraissé|La barquette de 2 pièces, 140g|[Origine : FRANCE, Galettes de son d'avoine au cacao dégraissé avec édulcorants., A déguster froid ou réchauffé (15 secondes au micro-ondes (850 watts) ou 30 secondes au grille-pain)., Eau, son d'avoine 39%, édulcorant : E951, poudre de cacao dégraissé 10%, lait écrémé en poudre, blanc d'oeuf en poudre, poudres à lever : E450, E500. Contient une source de phénylalanine. Contient : gluten, lait, oeuf., Valeur énergétique en Joules :  833kj, Valeur énergétique en Kcal : 197,8kcal, Glucides : 27,17g, Lipides : 3,3g, Protides :11,4g, A conserver entre 0°C et +4°C. Après ouverture, tenir au frais recouvert d'un film alimentaire et consommer rapidement. Conditionné sous atmosphère protectrice.]|"
22,79€ / Kg"|"
3,19 €"
934|Galettes au son d'avoine, goût salé|Le sachet de 280g|[Origine : FRANCE, Eau, son d'avoine46%, blanc d'oeufs en poudre, lait écrémé en poudre,, graines de lin brun, poudre à lever, E450,E500, sel 0,8%, Valeur énergétique en Joules :  566kj, Valeur énergétique en Kcal : 135kcal, Glucides : 15g, Lipides : 2,8g, Protides :10g]|"
18,00€ / Kg"|"
5,04 €"
935|3 sandwiches blanc de poulet et tomate concassée et un cookie|Le bag de 250g|[Origine : FRANCE, Garniture 50% : blanc de poulet cuit supÍrieur 47% (viande de poulet 42%, eau, sel, ar«me naturel, dextrose, bouillon de volaille, gÍlifiant : E407, conservateur : E316), sauce au yaourt (yaourt 0% de matiÈre grasse, huile de colza, eau, jaune d'oeuf, moutarde de Dijon (eau, graines de moutarde, vinaigre d'alcool, sel), oignon,  amidon de maÕs, semoule de blÍ, vinaigre d'alcool, sel, poivre), tomate concassÍ cuisinÍe 16% (tomate et concentrÍ de tomate 14%, oignon, amidon modifiÍ de manioc, ar«menaturel, ail, sel, sucre, basilic, origan), salade 9%. (% exprimÍs sur la garniture)  Pain de mie 50% : farine de blÍ, eau, gluten de blÍ, lactose, levure boulangÈre, farine d orge maltÍ, sel, sucre, Ímulsifiant : E471,  agent de traitement de la farine : E300.  Cookie aux pÍpites de chocolat 20g : farine de blÍ, sucre roux, pÍpites de chocolat 17% (sucre, pÇte de cacao, beurre de cacao, cacao maigre en poudre, Ímulsifiant : lÍcithine de tournesol, ar«me vanille), beurre, blanc d'oeuf, jaune d'oeuf, sel, poudre Å lever : E450i, E500ii, amidon de blÍ. (% exprimÍ sur le gÇteau)]|"
13,16€ / Kg"|"
3,29 €"
936|Galettes de jambon emmental et mozzarella|La barquette de deux galettes, 350g|[Origine : FRANCE, Garniture 53%: jambon cuit 43% (jambon de porc, eau, sel, lactose, dextrose, stabilisant : E451, gÍlifiant : E407, bouillon de porc, ar«me naturel de porc, sirop de glucose, conservateurs : E250, E316, ferments), sauce blanche Å la crÈme fraÓche lÍgÈre (lait, crÈme fraÓche lÍgÈre, eau, emmental 2%, farine de blÍ, protÍines de lait, sel, poivre), mozzarella 12%, emmental 11%. (% exprimÍs sur la garniture) Galette au blÍ noir et au blÍ 47% : eau, farine de blÍ noir 25%, huile de colza, jaune d'oeuf, lait, farine de blÍ 1%, sel. (% exprimÍs sur la galette), Valeur énergétique en Joules :  803kj, Valeur énergétique en Kcal : 192kcal, Glucides : 14,3g, Lipides : 10g, Protides :10,3g]|"
11,63€ / Kg"|"
4,07 €"
938|Sandwich Bagel, saumon, concombre et sauce fromage|Le bagel de 210g|[Origine : FRANCE]|"
18,38€ / Kg"|"
3,86 €"
939|Sandwich duo de saumon|Le sandwich de 135g|[Origine : FRANCE]|"
20,37€ / Kg"|"
2,75 €"
940|Sandwiches jambon, emmental et salade et un cookie|Le bag de 250g|[Origine : FRANCE, Garniture 50% : jambon cuit supÍrieur 40% (jambon de porc, eau, sel, bouillon de porc, lactose, dextrose, conservateurs : E250, E316), sauce au yaourt (yaourt 0% de matiÈre grasse, huile de colza, eau, jaune d'oeuf, moutarde de Dijon (eau, graines demoutarde, vinaigre d'alcool, sel), oignon, amidon de maÕs, semoule de blÍ, vinaigre d'alcool, sel, poivre), emmental 23%, salade 9%. (% exprimÍs sur la garniture)  Pain de mie 50% : farine de blÍ, eau, gluten de blÍ, lactose, levure boulangÈre, farine d'orge maltÍ, sel, sucre, Ímulsifiant : E471,  agent de traitement de la farine : E300.  Cookie aux pÍpites de chocolat 20g : farine de blÍ, sucre roux, pÍpites de chocolat 17% (sucre, pÇte de cacao, beurre de cacao, cacao maigre en poudre, Ímulsifiant : lÍcithine de tournesol, ar«me vanille), beurre, blanc d'oeuf, jaune d'oeuf, sel, poudre Å lever : E450i, E500ii, amidon de blÍ. (% exprimÍ sur le gÇteau)]|"
13,16€ / Kg"|"
3,29 €"
941|Sandwich jambon cheddar fondu|Le sandwich de 135g|[Origine : FRANCE]|"
16,81€ / Kg"|"
2,27 €"
943|Carottes râpées, avec sauce salade|La barquette de 200g|[Origine : FRANCE, Monoprix a sélectionné pour vous, avec des entreprises partenaires, des produits issus de l'agriculture biologique. Leurs modes de production et de transformation sont contrôlés et certifiés par un organisme indépendant, conformément à la réglementation en vigueur. Les producteurs emploient des fertilisants respectueux de l'environnement et pratiquent la rotation des cultures afin de garder des sols vivants et une fertilité durable., Carottes 83%*, sauce salade 17% [huile de tournesol*, eau, vinaigre d'alcool*, échalote*, moutarde de Dijon* (eau, graines de moutarde*, vinaigre de cidre*, sel), sel, arômes naturels de citron 0,5%, poivre*]. *ingrédients issus de l'agriculture biologique., Valeur énergétique en Joules :  382Kj, Valeur énergétique en Kcal : 92KCal, Glucides : 5,8g, Lipides : 7,3g, Protides :0,7g, A conserver entre 0° C et + 4° C.]|"
11,05€ / Kg"|"
2,21 €"
944|Carottes râpées, avec sauce salade|La barquette de 200g|[Origine : FRANCE, Monoprix a sélectionné pour vous, avec des entreprises partenaires, des produits issus de l'agriculture biologique. Leurs modes de production et de transformation sont contrôlés et certifiés par un organisme indépendant, conformément à la réglementation en vigueur. Les producteurs emploient des fertilisants respectueux de l'environnement et pratiquent la rotation des cultures afin de garder des sols vivants et une fertilité durable., Carottes 83%*, sauce salade 17% [huile de tournesol*, eau, vinaigre d'alcool*, échalote*, moutarde de Dijon* (eau, graines de moutarde*, vinaigre de cidre*, sel), sel, arômes naturels de citron 0,5%, poivre*]. *ingrédients issus de l'agriculture biologique., Valeur énergétique en Joules :  382Kj, Valeur énergétique en Kcal : 92KCal, Glucides : 5,8g, Lipides : 7,3g, Protides :0,7g, A conserver entre 0° C et + 4° C.]|"
11,05€ / Kg"|"
2,21 €"
945|Carottes rapées, vinaigrette allégée|La barquette de 300g|[Origine : FRANCE, Carottes râpées avec vinaigrette allégée en matières grasses (15%)., Carottes 85%, huile de colza 5,5%, eau, vinaigre d'alcool, moutarde (eau, graines de moutarde, vinaigre d'alcool, sel, acidifiant : acide citrique), jus concentré de citron (jus de citron, acidifiant : acide citrique), sel, purée de citron (citron, sucre semoule, acidifiant : acide citrique), sucre, poivre, épaississants : gomme guar, gomme xanthane., Valeur énergétique en Joules :  332Kj, Valeur énergétique en Kcal : 80Kcal, Glucides : 5,7g, Lipides : 5,3g, Protides :0,9g, A conserver entre 0°C et +4°C. Consommer immédiatement après ouverture.]|"
2,97€ / Kg"|"
0,89 €"
946|Carottes râpées, vinaigrette allégée|La barquette de 500g|[Origine : FRANCE, Carottes 85%, huile de colza, eau, vinaigre d'alcool, moutarde (eau, graines de moutarde, vinaigre d'alcool, sel, acidifiant : acide citrique), jus de citron concentré (jus de citron, acidifiant : acide citrique), sel, purée de citron (citron, sucresemoule, acidifiant : acide citrique), sucre, poivre, épaississants : gomme guar, gomme xanthane., Valeur énergétique en Joules :  316Kj, Valeur énergétique en Kcal : 076Kcal, Glucides : 6,2g, Lipides : 5,0g, Protides :1,5g, A conserver entre 0°C et +4°C. A consommer rapidement après ouverture.]|"
2,48€ / Kg"|"
1,24 €"
947|Céleri rémoulade|La barquette de 300g|[Origine : FRANCE, Céleri rave frais râpé 71%, sauce rémoulade 29% : eau, huile de colza, moutarde (eau, graines de moutarde, vinaigre d'alcool, sel, acidifiant : acide citrique), vinaigre d'alcool, sucre, sel, jaune d'oeuf, amidon transformé de pomme de terre, concentré de citron (jus de citron, acidifiant : acide citrique), amidon transformé de maïs, épaississants : gomme guar et gomme xanthane, poivre, colorant : lutéine., Valeur énergétique en Joules :  345Kj, Valeur énergétique en Kcal : 84KCal, Glucides : 0,9g, Lipides : 8,4g, Protides :1,1g, A conserver entre 0°C et +4°C.]|"
4,23€ / Kg"|"
1,27 €"
948|Choux, carottes râpées et raisons secs|La barquette de 200g|[Origine : FRANCE, Monoprix a sélectionné pour vous, avec des entreprises partenaires, des produits issus de l'agriculture biologique. Leurs modes de production et de transformation sont contrôlés et certifiés par un organisme indépendant, conformément à la réglementation en vigueur. Les producteurs emploient des fertilisants respectueux de l'environnement et pratiquent la rotation des cultures afin de garder des sols vivants et une fertilité durable., Chou blanc* 41%, carotte* 31%, sauce* [huile de tournesol*, eau, vinaigre d'alcool*, moutarde* 1,4% (eau, graines de moutarde*, vinaigre d'alcool*, sel), sel], raisins secs* 5% (raisins*, huile de tournesol*). *ingrédients issus de l'agriculture biologique., Valeur énergétique en Joules :  425Kj, Valeur énergétique en Kcal : 102KCal, Glucides : 13g, Lipides : 5,2g, Protides :1g, A conserver entre 0°C et + 4°C.]|"
13,50€ / Kg"|"
2,70 €"
949|Choux, carottes râpées et raisons secs|La barquette de 200g|[Origine : FRANCE, Monoprix a sélectionné pour vous, avec des entreprises partenaires, des produits issus de l'agriculture biologique. Leurs modes de production et de transformation sont contrôlés et certifiés par un organisme indépendant, conformément à la réglementation en vigueur. Les producteurs emploient des fertilisants respectueux de l'environnement et pratiquent la rotation des cultures afin de garder des sols vivants et une fertilité durable., Chou blanc* 41%, carotte* 31%, sauce* [huile de tournesol*, eau, vinaigre d'alcool*, moutarde* 1,4% (eau, graines de moutarde*, vinaigre d'alcool*, sel), sel], raisins secs* 5% (raisins*, huile de tournesol*). *ingrédients issus de l'agriculture biologique., Valeur énergétique en Joules :  425Kj, Valeur énergétique en Kcal : 102KCal, Glucides : 13g, Lipides : 5,2g, Protides :1g, A conserver entre 0°C et + 4°C.]|"
13,50€ / Kg"|"
2,70 €"
950|Coleslaw, chou blanc et carottes|La barquette de 300g|[Origine : FRANCE, Salade de chou blanc et de carottes râpés en mayonnaise (11%) allégée en matière grasse., Chou blanc 41%, carotte 32%, eau, huile de colza, oignon 4%, concentré d'orange, sucre, condiment balsamique (vinaigre de vin blanc, moût de raisin, conservateur : disulfite de potassium), vinaigre de vin blanc, sel, miel, purée et concentré de citron* (citron, sucre, acidifiant : acide citrique), moutarde de Dijon (eau, graines de moutarde, vinaigre d'alcool, sel, acidifiant : acide citrique, antioxydant : disulfite de potassium), jaune d'oeuf, vinaigre d'alcool, amidon transformé de pomme de terre, épaississants : gomme guar et gomme xanthane, poivre, colorant : lutéine. (*décongelé, ne pas recongeler)., Valeur énergétique en Joules :  303kj, Valeur énergétique en Kcal : 73kcal, Glucides : 6,2g, Lipides : 4,4g, Protides :0,8g, A conserver entre 0°C et + 4°C. A consommer immédiatement après ouverture.]|"
5,67€ / Kg"|"
1,70 €"
952|Lentilles et tofu fumé en vinaigrette|La barquette de 200g|[Origine : FRANCE, Lentilles vertes cuites 43%, spécialité végétale à base de soja* 26% (tofu* 23%, eau, soja* 7%, gélifiants : E509 et E511 ), sauce soja* (eau, soja*, blé*, sel, ferments), ail*, épices*, sel), sauce vinaigrette* 16% (huile de tournesol*, eau, vinaigre*, moutarde* (eau, graines de moutarde, vinaigre d'alcool*, sel), sel), oignons rouges* 13%, sel, poivre*, vinaigre d'alcool*. *Ingrédients issus de l'agriculture biologique., Valeur énergétique en Joules :  585, Valeur énergétique en Kcal : 140, Glucides : 6,8g, Lipides : 8,2g, Protides :9,7g, A conserver entre 0°C et +4°C.]|"
13,10€ / Kg"|"
2,62 €"
953|Lentilles et tofu fumé en vinaigrette|La barquette de 200g|[Origine : FRANCE, Lentilles vertes cuites 43%, spécialité végétale à base de soja* 26% (tofu* 23%, eau, soja* 7%, gélifiants : E509 et E511 ), sauce soja* (eau, soja*, blé*, sel, ferments), ail*, épices*, sel), sauce vinaigrette* 16% (huile de tournesol*, eau, vinaigre*, moutarde* (eau, graines de moutarde, vinaigre d'alcool*, sel), sel), oignons rouges* 13%, sel, poivre*, vinaigre d'alcool*. *Ingrédients issus de l'agriculture biologique., Valeur énergétique en Joules :  585, Valeur énergétique en Kcal : 140, Glucides : 6,8g, Lipides : 8,2g, Protides :9,7g, A conserver entre 0°C et +4°C.]|"
13,10€ / Kg"|"
2,62 €"
954|Mini farfalles au poulet, pignons au pesto|La barquette de 225g|[Origine : FRANCE, Avec fourchette., Pâtes mini farfalles cuites 43,8% (eau, semoule de blé dur), poulet rôti traité en salaison décongelé 15% (aiguillettes de poulet 93%, eau, fécule de maïs, sel, maltodextrine de maïs, dextrose de blé, sirop de glucose de maïs, huile de colza), tomates 10%, sauce pesto 11,5% (fromage : parmesan 35%, pignons de pin grillés 22%, basilic 22%, huile d'olive vierge extra 17%, ail 4%), huile de colza, eau, vinaigre d'alcool, moutarde de Dijon (eau, graines de moutarde, vinaigre d'alcool, sel, conservateur : disulfite de potassium, acidifiant : acide citrique), sel, amidon transformé de pomme de terre, poivre blanc, épaississant : gomme guar, épices., Valeur énergétique en Joules :  831kj, Valeur énergétique en Kcal : 199kcal, Glucides : 12g, Lipides : 13g, Protides :7,9g, A conserver entre 0°C et +4°C. A consommer dans les 24h après ouverture. Ne pas congeler. Conditionné sous atmosphère protectrice.]|"
12,93€ / Kg"|"
2,91 €"
955|Quinoa aux raisins, noisettes et amandes|La barquette de 200g|[Origine : FRANCE, Monoprix a sélectionné pour vous, avec des entreprises partenaires, des produits issus de l'agriculture biologique. Leurs modes de production et de transformation sont contrôlés et certifiés par un organisme indépendant, conformément à la réglementation en vigueur. Les producteurs emploient des fertilisants respectueux de l'environnement et pratiquent la rotation des cultures afin de garder des sols vivants et une fertilité durable., Quinoa* cuit 71%, sauce* [eau, huile d'olive*, vinaigre d'alcool*, huile de tournesol*, moutarde de Dijon* (eau, graines de moutarde*, vinaigre*, sel), sel, sucre*, épaississants : gomme de xanthane et farine de guar, poivre*], raisins* 5,6%, noisettes* 3,7%, amandes* 3,7%, sel, coriandre*, épices*, poivre*. * ingrédients issus de l'agriculture biologique., Valeur énergétique en Joules :  891Kj, Valeur énergétique en Kcal : 213KCal, Glucides : 21g, Lipides : 12g, Protides :5,5g, A conserver entre 0°C et + 4°C.]|"
16,35€ / Kg"|"
3,27 €"
956|Quinoa aux raisins, noisettes et amandes|La barquette de 200g|[Origine : FRANCE, Monoprix a sélectionné pour vous, avec des entreprises partenaires, des produits issus de l'agriculture biologique. Leurs modes de production et de transformation sont contrôlés et certifiés par un organisme indépendant, conformément à la réglementation en vigueur. Les producteurs emploient des fertilisants respectueux de l'environnement et pratiquent la rotation des cultures afin de garder des sols vivants et une fertilité durable., Quinoa* cuit 71%, sauce* [eau, huile d'olive*, vinaigre d'alcool*, huile de tournesol*, moutarde de Dijon* (eau, graines de moutarde*, vinaigre*, sel), sel, sucre*, épaississants : gomme de xanthane et farine de guar, poivre*], raisins* 5,6%, noisettes* 3,7%, amandes* 3,7%, sel, coriandre*, épices*, poivre*. * ingrédients issus de l'agriculture biologique., Valeur énergétique en Joules :  891Kj, Valeur énergétique en Kcal : 213KCal, Glucides : 21g, Lipides : 12g, Protides :5,5g, A conserver entre 0°C et + 4°C.]|"
16,35€ / Kg"|"
3,27 €"
957|Salade de tortis, à la dinde, tomate et édam|La barquette de 300g|[Origine : FRANCE, Salade de pâtes cuites, tomates, viande blanche de dinde traitée en salaison cuite et fromage Edam avec vinaigrette allégée en matière grasse (9%)., Pâtes 3 couleurs cuites 49% (eau, semoule de blé dur, oeuf, tomate déshydratée, épinard déshydraté et betterave déshydratée, blanc d'oeuf), tomate 12%, mais 10%, viande blanche de dinde cuite traitée en salaison 10% (viande de dinde, eau, sirop de glucose de blé, sel, gélifiant : E407, protéines de lait, farine de moutarde, extrait de levure (dont lait), isolat protéique de pois (dont gluten), poivre, conservateurs : E250 et E316), fromage : edam 7% (lait pasteurisé, sel, ferments lactiques, présure, conservateur : E251, colorant : E160b), huile d'olive vierge extra 2%, huile de colza, vinaigre d'alcool, purée et concentré de citron (jus de citron, sucre, acidifiant : E330), eau, sel, sucre, basilic, vinaigre balsamique (vinaigre balsamique, colorant : E150d, antioxydant : disulfite de potassium), poivre, épaississants : E412, E415., Valeur énergétique en Joules :  600kj, Valeur énergétique en Kcal : 143kcal, Glucides : 15,4g, Lipides : 5,8g, Protides :6,5g, A conserver entre 0°C et +4°C.]|"
8,23€ / Kg"|"
2,47 €"
958|Salade piémontaise, au jambon|La barquette de 300g|[Origine : FRANCE, Pomme de terre cuites 50% (pommes de terre, eau, sel, stabilisant : diphosphate disodique), jambon cuit choix 15% (jambon de porc 77%, eau, sel, dextrose et sirop de glucose de blé, arôme, antioxydant : érythorbate de sodium, stabilisants : triphosphates, conservateur : nitrite de sodium), tomate 10%, huile de colza, eau, oeuf dur saumuré 4% (oeuf, eau, sel, acidifiants : citrate de sodium, acide citrique, conservateur : benzoate de sodium), cornichon saumuré 3.3% (cornichon, eau, sel, acidifiant : acide acétique, conservateur : disulfite de potassium, affermissant : chlorure de calcium), moutarde (eau, graines de moutarde, vinaigre d'alcool, sel, acidifiant : acide citrique, antioxydant : disulfite de potassium), vinaigre d'alcool, sel, jaune d'oeuf, persil, fécule de manioc, amidon transformé de pomme de terre, sucre, épaississants : gomme guar, gomme xanthane, colorant : lutéine., Valeur énergétique en Joules :  524Kj, Valeur énergétique en Kcal : 126Kcal, Glucides : 9,4g, Lipides : 7,6g, Protides :4,2g, A conserver entre 0° et 4°C.]|"
4,80€ / Kg"|"
1,44 €"
959|Salade poulet parmesan crôutons ail et fines herbes, sauce caesar|La barquette de 200g|[Origine : FRANCE, Avec fourchette et serviette. Ouvrir les sachets. Verser les ingrédients dans la verrine. Verser la sauce. Mélanger avec la fourchette., Crudités 45% (salade mélangée 37,5% (frisée, mâche, chicorée rouge en proportions variables), tomates cerise 7,5%). Sauce 25% (eau, huile de colza, huile d'olive, parmesan 1,7%, moutarde (eau, graines de moutarde, vinaigre, sel, acidifiant : acide citrique, conservateur : disulfite de potassium), jaune d'oeuf (jaune d'oeuf, sel, sirop de glucose), jus de citron et d'orange à base de concentré (eau, jus concentrés de citron et d'orange, acidifiant : acide citrique, extrait naturel de citron), amidon transformé de pomme de terre, ail, sel, basilic, épaississant : gomme xanthane, conservateur : sorbate de potassium). Emincés de poulet traités en salaison décongelés* 15% (filet de poulet 11%, huile de tournesol, sel, stabilisants : E407a, E451i, amidon de pomme de terre, dextrose, sucre roux). Parmesan 7,5%. Croûtons ail et fines herbes 7,5% (farine de blé, huile de tournesol, lactose, sel, levure, fines herbes 0,06%, ail 0,02%, poivre, oignon, huile de colza, sucre, arômes (contient moutarde), extrait de romarin). *Ne pas congeler. Parmesan et croûtons conditionnés sous atmosphère protectrice. Elaboré en France., Valeur énergétique en Joules :  725kj, Valeur énergétique en Kcal : 174kcal, Glucides : 7,1g, Lipides : 12g, Protides :7,8g, A conserver entre +1°C et +4°C.]|"
20,55€ / Kg"|"
4,11 €"
960|Salades,jambon sec,tomates,au vinaigre balsamique,avec fourchette et serviette|La barquette de 165g|[Origine : FRANCE, Valeur énergétique en Joules :  870kj, Valeur énergétique en Kcal : 209kcal, Glucides : 9,7g, Lipides : 15g, Protides :8,8g, A conserver entre +1°C et +4°C. Ne pas congeler.]|"
23,09€ / Kg"|"
3,81 €"
961|Saumon aux lentilles vertes, biologique|Le bol de 200g|[Origine : FRANCE, Lentilles vertes cuites 65% -sauce vinaigrette 22% huile de tournesol, eau,    vinaigre d'alcool, moutarde (vinaigre d'alcool, graines de moutarde, eau,      sel), sel - saumon Atlantique (salmo salar) 12% - vinaigre d'alcool - sel.     Ingridients issus de l'agriculture biologique., Valeur énergétique en Joules :  847kj, Valeur énergétique en Kcal : 202kcal, Glucides : 13g, Lipides : 12g, Protides :11g]|"
16,15€ / Kg"|"
3,23 €"
962|Saumon aux lentilles vertes, biologique|Le bol de 200g|[Origine : FRANCE, Lentilles vertes cuites 65% -sauce vinaigrette 22% huile de tournesol, eau,    vinaigre d'alcool, moutarde (vinaigre d'alcool, graines de moutarde, eau,      sel), sel - saumon Atlantique (salmo salar) 12% - vinaigre d'alcool - sel.     Ingridients issus de l'agriculture biologique., Valeur énergétique en Joules :  847kj, Valeur énergétique en Kcal : 202kcal, Glucides : 13g, Lipides : 12g, Protides :11g]|"
16,15€ / Kg"|"
3,23 €"
963|Taboulé à l'orientale, menthe et raisins|La barquette de 300g|[Origine : FRANCE, Semoule réhydratée 64,3% (eau, semoule de blé dur 32%), légumes 21% (tomates*, oignons, poivrons verts* et rouges*), huile de colza, raisins secs 2%, épices et plantes aromatiques* (dont menthe 0,5%), vinaigre de tomates, sel, jus de citron concentré(jus de citron, acidifiant : acide citrique), jus d'orange concentré*, sucre, arôme naturel menthe avec autres arômes naturels, épaississant : gomme xanthane. (*décongelé, ne pas recongeler)., Valeur énergétique en Joules :  771Kj, Valeur énergétique en Kcal : 184KCal, Glucides : 22g, Lipides : 8,1g, Protides :4,5g, A conserver entre 0°C et + 4°C. A consommer immédiatement après ouverture.]|"
3,60€ / Kg"|"
1,08 €"
964|Taboulé à l'orientale, menthe et raisins|La barquette de 500g|[Origine : FRANCE, Semoule réhydratée 64,3% (eau, semoule de blé dur 32%), légumes 21% (tomates*, oignons, poivrons verts* et rouges*), huile de colza, raisins secs 2%, épices et plantes aromatiques* (dont menthe 0,5%), vinaigre de tomates, sel, jus de citron concentré(jus de citron, acidifiant : acide citrique), jus d'orange concentré*, sucre, arôme naturel menthe avec autres arômes naturels, épaississant : gomme xanthane. (*décongelé, ne pas recongeler)., Valeur énergétique en Joules :  711kj, Valeur énergétique en Kcal : 170kcal, Glucides : 21,6g, Lipides : 7,0g, Protides :4,2g, A conserver entre 0°C et + 4°C. A consommer rapidement après ouverture. Ingrédients décongelés, ne pas recongeler.]|"
4,30€ / Kg"|"
2,15 €"
965|Taboulé au poulet|La barquette de 300g|[Origine : FRANCE, Taboulé à base de semoule de blé dur, légumes et viande de poulet saumurée, reconstituée, cuite et rôtie., Semoule de blé dur 23%, eau, maïs 12%, préparation de viande de poulet 10% (viande de poulet 9.5%, eau, sel, protéines de blé, amidon de pomme de terre, dextrose de blé, stabilisant : algues Eucheuma transformées, arômes), tomate 9%, poivron rouge 7%, huile de colza 5,5%, poivron vert 4%, huile d'olive vierge extra 1.4%, vinaigre d'alcool, concentré de citron et purée de citron (citron, sucre, acidifiant : acide citrique), tomato ketchup (purée de tomates, vinaigre, sucre, sel, extrait d'épiceset de plantes aromatiques (dont céleri), épice, poudre d'ail), sel, persil, ail, sucre, cumin, poivre, fenouil, coriandre, piment de Cayenne, épaississant : gomme xanthane, curcuma., Valeur énergétique en Joules :  700kj, Valeur énergétique en Kcal : 67kcal, Glucides : 21g, Lipides : 7,1g, Protides :5,7g, A conserver entre 0°C et +4°C.]|"
5,80€ / Kg"|"
1,74 €"
966|Taboulé boulghour à la menthe|La barquette de 225g|[Origine : FRANCE, Avec fourchette., Eau, boulghour fin (blé) 25%, vinaigrette allégée en matière grasse (huile de colza 46%, eau, vinaigre d'alcool, sel, moutarde de Dijon (eau, graines de moutarde, vinaigre d'alcool, sel, antioxydant : acide citrique), amidon transformé de pomme de terre, arôme poivre, épaississant : gomme de guar), tomates 11%, courgettes 7,2%, menthe 4%, persil, huile d'olive vierge extra, oignons, sucre., Valeur énergétique en Joules :  753kj, Valeur énergétique en Kcal : 180kcal, Glucides : 22g, Lipides : 8,2g, Protides :3,8g, A conserver entre 0°C et +4°C. A consommer dans les 24h après ouverture. Ne pas congeler. Conditionné sous atmosphère protectrice.]|"
10,89€ / Kg"|"
2,45 €"
967|Taboulé de légumes et raisins secs|La barquette de 200g|[Origine : FRANCE, Ingrédients : Semoule de blé dur de qualité supérieur* 25%, eau, tomates* 16%, vinaigrette allégée en matière grasse* 15,6% [huile de tournesol*, eau, vinaigre d'alcool*, échalote*, moutarde de Dijon* (graines de moutarde*, eau, vinaigre d'alcool*, sel), jus de citron*, sel, huile essentielle de citron*], poivrons verts* 6%, poivrons rouges* 4%, oignons* , raisins secs* 2% (raisins*, huile de tournesol*), menthe 0,3%. * Ingrédients issus de l'agriculture biologique., Valeur énergétique en Joules :  712, Valeur énergétique en Kcal : 169, Lipides : 6, A conserver entre 0 et 4 C. Conditionné sous atmosphère protectrice. Mélanger après ouverture.]|"
11,05€ / Kg"|"
2,21 €"
968|Taboulé de légumes et raisins secs|La barquette de 200g|[Origine : FRANCE, Ingrédients : Semoule de blé dur de qualité supérieur* 25%, eau, tomates* 16%, vinaigrette allégée en matière grasse* 15,6% [huile de tournesol*, eau, vinaigre d'alcool*, échalote*, moutarde de Dijon* (graines de moutarde*, eau, vinaigre d'alcool*, sel), jus de citron*, sel, huile essentielle de citron*], poivrons verts* 6%, poivrons rouges* 4%, oignons* , raisins secs* 2% (raisins*, huile de tournesol*), menthe 0,3%. * Ingrédients issus de l'agriculture biologique., Valeur énergétique en Joules :  712, Valeur énergétique en Kcal : 169, Lipides : 6, A conserver entre 0 et 4 C. Conditionné sous atmosphère protectrice. Mélanger après ouverture.]|"
11,05€ / Kg"|"
2,21 €"
969|Carottes maraîchères|Le pot de 200g|[Origine : FRANCE]|"
13,15€ / Kg"|"
2,63 €"
970|Taboulé|Le pot de 200g|[Origine : FRANCE]|"
13,15€ / Kg"|"
2,63 €"
971|Carottes, surimi, oeuf sauce cocktail|La barquette de 240g|[Origine : FRANCE, Valeur énergétique en Joules :  397kj, Valeur énergétique en Kcal : 96kcal, Glucides : 6g, Lipides : 6,5g, Protides :2,5g]|"
14,25€ / Kg"|"
3,42 €"
972|Carottes rapées à la coriandre|La barquette de 300g|[Origine : FRANCE, Salade de carottes râpées à la coriandre assaisonnée., Carottes (81%), eau, huile de colza, jus concentré de citron, sucre, purée d'ail, sel, moutarde (eau, graines de moutarde, vinaigre d'alcool, sel, acidifiant : acide citrique), coriandre (0,5%), vinaigre d'alcool, amidon transformé de pomme de terre,acidifiant : acide citrique, régulateurs d'acidité : citrate de calcium, ascorbate de sodium, antioxygène : acide ascorbique, conservateur : sorbate de potassium, épaississants : gomme de xanthane, gomme de guar, arôme naturel de poivre. Traces possibles de : gluten, céleri, lait, crustacés, oeuf, poisson, soja., Valeur énergétique en Joules :  310kj, Valeur énergétique en Kcal : 75kcal, Glucides : 6g, Lipides : 4,5g, Protides :1g, A conserver entre 0°C et +4°C. A consommer rapidement après ouverture. Conditionné sous atmosphère protectrice.]|"
4,80€ / Kg"|"
1,44 €"
973|Carottes rapées à la moutarde à l'ancienne|La barquette de 300g|[Origine : FRANCE, Salade de carottes râpées à la moutarde assaisonnée., Carottes (79%), eau, huile de colza, moutarde à l'ancienne (2%) (eau, vinaigre d'alcool, graines de moutarde, téguments, sel, acidifiant : acide citrique, arômes naturels, épices), vinaigre de vin rouge (conservateur : bisulfite de sodium), vinaigred'alcool, purée d'ail, sel, arômes naturels (céleri), moutarde (eau, graines de moutarde, vinaigre d'alcool, sel acidifiant : acide citrique), amidon transformé de pomme de terre, acidifiant : acide citrique, régulateur d'acidité : citrate de calcium, antioxygène : acide ascorbique, épaississants : gomme de xanthane, gomme de guar, glucose. Traces possibles de : gluten, céleri, lait, crustacés, oeuf, poisson, soja., Valeur énergétique en Joules :  290kj, Valeur énergétique en Kcal : 70kcal, Glucides : 4g, Lipides : 5g, Protides :1g, A conserver entre 0°C et +4°C. A consommer rapidement après ouverture. Conditionné sous atmosphère protectrice.]|"
4,93€ / Kg"|"
1,48 €"
974|Carottes râpées au jus de citron de Sicile|La barquette de 180g|[Origine : FRANCE, Fourchette incluse., Carottes (81%), eau, huile de colza, vinaigre d'alcool, sucre, jus de citron de Sicile (0,6%), sel, amidon transformé de pomme de terre, extrait de zeste de citron, épaississants : gomme xanthane, gomme guar, conservateur : sorbate de potassium, acidifiant : acide citrique, régulateurs d'acidité : citrate de calcium, ascorbate de sodium, antioxygène : acide ascorbique, purée d'ail, arôme naturel de poivre. Traces possibles de : gluten, céleri, moutarde, lait, crustacés, oeuf, poisson, soja., Valeur énergétique en Joules :  320kj, Valeur énergétique en Kcal : 77kcal, Glucides : 5,5g, Lipides : 5g, Protides :1g, A conserver entre 0°C et +4°C. A consommer rapidement après ouverture. Ne pas congeler. Conditionné sous atmosphère protectrice.]|"
7,89€ / Kg"|"
1,42 €"
975|Carottes râpées au jus de citron de Sicile|La barquette de 300g|[Origine : FRANCE, Salade de carottes râpées au citron assaisonnée., Carottes (81%), eau, huile de colza, vinaigre d'alcool, sucre, sel, jus de citron de Sicile (0,5%), épaississants : gomme de xanthane, gomme guar, concentré de jus de citron, conservateur : sorbate de potassium, acidifiant : acide citrique, régulateur d'acidité : citrate de calcium, antioxygène : acide ascorbique, ail (ail réhydraté, sel, conservateur : anhydride sulfureux), concentré de jus de carotte, arôme naturel. Traces possibles de : gluten, céleri, moutarde, lait, crustacés, oeuf, poisson, mollusques, soja, fruits à coques, graines de sésame., Valeur énergétique en Joules :  320kj, Valeur énergétique en Kcal : 77kcal, Glucides : 5,5g, Lipides : 5g, Protides :1g, A conserver entre 0°C et +4°C. A consommer rapidement après ouverture. Conditionné sous atmosphère protectrice.]|"
5,07€ / Kg"|"
1,52 €"
976|Carottes râpées au jus de citron de Sicile|Le barquette de 500g|[Origine : FRANCE, Salade de carottes râpées au citron assaisonnée., Carottes (81%), eau, huile de colza, vinaigre d'alcool, sucre, jus de citron de Sicile (0,7%), sel, amidon transformé de pomme de terre, extrait de zeste de citron, épaississants : gomme xanthane, gomme guar, anti-oxydant : acide ascorbique, purée d'ail, arôme naturel de poivre. Traces possibles de : gluten, céleri, moutarde, lait, crustacé, oeuf, poisson. Sans conservateur., Valeur énergétique en Joules :  320kj, Valeur énergétique en Kcal : 77kcal, Glucides : 5,5g, Lipides : 5g, Protides :1g, A conserver entre 0°C et +4°C. A consommer rapidement après ouverture. Ne pas congeler. Conditionné sous atmosphère protectrice.]|"
4,92€ / Kg"|"
2,46 €"
977|Céleri rémoulade au fromage blanc|La barquette de 300g|[Origine : FRANCE, Salade de céleri rémoulade au fromage blanc., Céleri (72%), huile de colza, fromage blanc (6,5%) (lait), eau, jaune d'oeuf en poudre, moutarde de Dijon (eau, graines de moutarde, vinaigre d'alcool, sel, acidifiant : acide citrique), vinaigre d'alcool, sucre, sel, épaississants : gomme guar, gomme xanthane, sirop de glucose. Traces possibles de : gluten, crustacés, poissons mollusque., Valeur énergétique en Joules :  694kj, Valeur énergétique en Kcal : 145kcal, Glucides : 3,5g, Lipides : 15g, Protides :2g, Conserver entre 0°C et +4°C. A consommer rapidement après ouverture. Conditionné sous atmosphère protectrice.]|"
6,83€ / Kg"|"
2,05 €"
978|Coleslaw, carotte et chou blanc|La barquette de 300g|[Origine : FRANCE, Salade de choux blancs et carottes assaisonnée., Choux blancs (50%), carottes (22%), huile de colza, oignons (3%), vinaigre d'alcool, sucre, sel, moutarde de Dijon (eau, graines de moutarde, vinaigre d'alcool, sel, acidifiant : acide citrique), poudre d'oeuf, concentré d'orange, acidifiant : acidecitrique, régulateur d'acidité : citrates de calcium, antioxygène : acide ascorbique, épaississants : farine de graine de caroube, gomme xanthane, conservateur : sorbate de potassium, arôme naturel. Traces possibles de : gluten, lait, céleri, poisson, crustacés, soja, sulfites, graines de sésame, fruits à coque., Valeur énergétique en Joules :  492kj, Valeur énergétique en Kcal : 119kcal, Glucides : 5g, Lipides : 10g, Protides :1g, Conserver entre 0°C et +4°C. A consommer rapidement après ouverture. Conditionné sous atmosphère protectrice.]|"
6,73€ / Kg"|"
2,02 €"
979|Piémontaise au poulet grillé, pommes de terre, maïs, tomates et oeuf|La barquette de 320g|[Origine : FRANCE, Ingr?é?dients ?: ?Pommes de terre ?(?45?%)(?huile de colza, antioxydant ?: ?disulfite de sodium?)?, ma?i?s doux ?(?13?%)?, viande de ? poulet trait?é?e en salaison r?o?tie ?(?10?%)(?viande de poulet ?94?%?, sel, prot?é?ines de bl?é?, amidon de pommede terre, ? stabilisants ?: ?E?407?a?-?E?451?, dextrose, ar?o?mes?)?, tomates ?(?9?%)?, huile de colza, eau,  vinaigre d'alcool, oeufs, moutarde ? de Dijon ?(?eau, graines de moutarde, vinaigre d'alcool, sel?)?, sel, poudre de jaune d'oeuf, basilic ?(?0?,?2?%)?, conservateur ? : ?E?202?, ?é?paississants ?: ?gomme xanthane ?- ?gomme guar, ar?o?me naturel de poivre?.?, Valeur énergétique en Joules :  528, Valeur énergétique en Kcal : 127, Glucides : 7, Protides :3,5, A conserver entre 0°C et +4°C. A consommer rapidement après ouverture. Ne pas congeler.]|"
9,75€ / Kg"|"
3,12 €"
980|Poulet grillé, pâtes serpentini, légumes du soleil grillés + dessert|Le plateau de 400g|[Origine : FRANCE, Ingr?Í?dients`salade`?(?67?%)`:`?P?Ç?tes`alimentaires`?(?39?%)(?semoule`de`bl?Í`?dur,`?oe?ufs?)?,`courgettes`?(?23?%)?,`aiguillettes`de`?, Valeur énergétique en Joules :  642, Valeur énergétique en Kcal : 154, Glucides : 15, Protides :5.5]|"
12,58€ / Kg"|"
5,03 €"
981|Riz à la provençale au thon, tomates, petits pois, olives, maïs et poivrons|La barquette de 300g|[Origine : FRANCE, Riz (52%), tomates (11%), thon (7%), petits pois (4%), olives noires (4%), mais doux (4%), poivrons rouges (2%), vinaigre de vin rouge (conservateur : bisulfite de sodium), huile de colza, huile d'olive vierge extra (1.8%), vinaigre d'alcool, basilic(0.9%), sel, moutarde de Dijon (eau, graines de moutarde, vinaigre d'alcool, sel, acidifiant : E330), acidifiant : acide lactique, conservateur : sorbate de potassium, sucre, échalote liquide (stabilisant : E413, acidifiant : E330), épaississants :gomme guar, gomme xanthane, arôme naturel. Traces possibles de : gluten, céleri, lait, crustacé, oeuf, poisson, soja, fruits à coques, graines de sésame., Valeur énergétique en Joules :  515Kj, Valeur énergétique en Kcal : 123KCal, Glucides : 18,5g, Lipides : 4,5g, Protides :3,5g, Conserver entre 0°C et +4°C. Ne pas congeler.]|"
8,20€ / Kg"|"
2,46 €"
982|Salade de betteraves à la moutarde|La barquette de 300g|[Origine : FRANCE, Salade de betteraves assaisonnée., Betteraves rouges (85%), oignons (6%), moutarde à l'ancienne (1%) (eau, vinaigre d'alcool, graines de moutarde, téguments, sel, acidifiant : acide citrique, arômes naturels, épices), huile de colza, purée d'ail, vinaigre d'alcool, ciboulette (0,6%),persil (0,3%), sel, moutarde de Dijon (eau, graines de moutarde, vinaigre d'alcool, sel), épaississants : gomme guar, gomme xanthane, arôme naturel de poivre. Traces possibles de : céleri, gluten, crustacés, lait, oeuf, poisson. Sans conservateur., Valeur énergétique en Joules :  219kj, Valeur énergétique en Kcal : 52kcal, Glucides : 8g, Lipides : 1g, Protides :1,5g, A conserver entre 0°C et +4°C. A consommer rapidement après ouverture. Conditionné sous atmosphère protectrice.]|"
6,37€ / Kg"|"
1,91 €"
983|Salade de concombres au fromage blanc|La barquette de 300g|[Origine : FRANCE, Salade de concombres en sauce au fromage blanc., Concombre (76%), sauce (huile de colza, eau, vinaigre d'alcool, sel, poudre d'oeuf, moutarde de Dijon (eau, graines de moutarde, vinaigre d'alcool, sel, acidifiant : acide citrique), sucre, épaississant : gomme xanthane, gomme guar, gomme tara, conservateur : sorbate de potassium, maltodextrine de blé, arôme naturel), fromage blanc (6.7%) (lait), ciboulette (0.5%). Traces possibles de : gluten, céleri, poisson, crustacés, soja, sulfites., Valeur énergétique en Joules :  245Kj, Valeur énergétique en Kcal : 84kcal, Glucides : 2,5g, Lipides : 7,5g, Protides :1,0g, Conserver entre 0°C et +4°C. A consommer rapidement après ouverture. Conditionné sous atmosphère protectrice.]|"
8,23€ / Kg"|"
2,47 €"
984|Salade de pâtes, poivrons et aiguillettes de poulet|La barquette de 300g|[Origine : FRANCE, Ingr?é?dients ?: ?P?â?tes alimentaires ?(?42?%)(?semoule de bl?é ?dur, ?oe?ufs?)?, tomates ?(?18?%)?, poivrons ?(?18?%)?, aiguillettes de ? poulet marin?é?es cuites r?o?ties ?(?9?%)(?aiguillette de poulet, stabilisant ?: ?E?451?, ?é?paississant ?: ?E?407?, sel, dextrose, ? ar?o?mes naturels ?(?dont ar?o?me de fum?é?e?))?, huile de colza, huile d'olive vierge extra, vinaigre d'alcool, pulpe d'ail, ? oignons d?é?shydrat?é?s, sel, persil ?(?0?,?3?%)?, basilic, tomates d?é?shydrat?é?es, ar?o?mes naturels, ?é?pice?., Valeur énergétique en Joules :  614, Valeur énergétique en Kcal : 147, Glucides : 15, Protides :6]|"
9,70€ / Kg"|"
2,91 €"
985|Taboulé à la menthe douce|La barquette de 300g|[Origine : FRANCE, Semoule de blé dur réhydratée ?(?61?%)?, ?poivrons ?(?11?%)?, ?tomates ?(?6?%)?, ?huile de colza?, ?oignons?, concombres ?(?3?%)?, ?vinaigre d?'?alcool?, ?menthe douce ?(?1?%)?, ?raisins ?(?1?%) (?raisin?, ?huile de colza?)?, ?persil?, ?huile d?'?olive vierge extra?, ?sucre?, ?sel?, ?arômes naturels?, ?épices ?(?0,?3?%)?, ?conservateur ?: ?sorbate de potassium?.? Traces possibles de ?: ?céleri?, ?lait?, ?crustacé?, ?moutarde?, ?oeuf?, ?poisson?. ?, Valeur énergétique en Joules :  748kj, Valeur énergétique en Kcal : 178kcal, Glucides : 25g, Lipides : 6g, Protides :5g, Conserver entre 0°C et +4°C. A consommer rapidement après ouverture. Conditionné sous atmosphère protectrice.]|"
6,37€ / Kg"|"
1,91 €"
986|Taboulé à la menthe douce|La barquette de 500g|[Origine : FRANCE, Semoule de blé dur réhydratée (61%), poivrons (11%), tomates (6%), huile de colza, oignons, concombre (3%), vinaigre d'alcool, menthe douce (1%), raisins (1%) (raisin, huile de colza), persil, huile d'olive vierge extra, sucre, sel, arômes naturels,épices (0,3%), conservateur : sorbate de potassium. Traces possibles de : céleri, lait, crustacé, moutarde, oeuf, poisson., Valeur énergétique en Joules :  704kj, Valeur énergétique en Kcal : 167kcal, Glucides : 25,5g, Lipides : 5g, Protides :5g, Conserver entre 0°C et +4°C. A consommer rapidement après ouverture. Ne pas congeler. Conditionné sous atmosphère protectrice.]|"
5,58€ / Kg"|"
2,79 €"
987|Taboulé au poulet grillé|La barquette de 180g|[Origine : FRANCE, Fourchette incluse., Semoule de blé dur réhydratée (57%), poulet grillé (8%) (viande de poulet, matière grasse de poulet, protéines de blé, sel, amidon de pomme de terre, stabilisants : E407a, A451i, dextrose, arôme), poivrons (8%), huile de colza, maïs (5%), tomates (5%), petits pois (4%), vinaigre d'alcool, ciboulette (1,3%), sel, sucre, arômes naturels, épices, conservateur : sorbate de potassium. Traces possibles de : céleri, lait, crustacé, moutarde, oeuf, poisson., Valeur énergétique en Joules :  741kj, Valeur énergétique en Kcal : 177kcal, Glucides : 19g, Lipides : 8g, Protides :6g, A conserver entre 0°C et +4°C. A consommer rapidement après ouverture. Conditionné sous atmosphère protectrice.]|"
11,56€ / Kg"|"
2,08 €"
988|Taboulé au poulet grillé|La barquette de 500g|[Origine : FRANCE, ?Semoule de blé dur réhydraté ?(?57?%)?, ?poulet grillé traité en salaison ?(?8?%)(?viande de poulet?, ?matière grasse de poulet?, ?protéines de blé?, ?sel?, ?amidon de pomme de terre?, ?stabilisant ?: ?E?407?a?-?E?451?i?, ?dextrose?, ?arôme?)?, ?poivrons (?8?%)?, ?huile de colza?, ?maïs ?(?5?%)?, ?tomates ?(?5?%)?, ?petits pois ?(?4?%)?,?vinaigre d?'?alcool?, ?ciboulette?, ?sel?, ?sucre?, ?arômes naturels?, ?épices ?(?0?,?2?%)?, ?conservateur ?: ?sorbate de potassium?. Traces possibles de ?: ?céleri?, ?lait?, ?crustacé?, ?moutarde?, ?oeuf?, ?poisson?, ?soja.?, Valeur énergétique en Joules :  741kj, Valeur énergétique en Kcal : 177kcal, Glucides : 19,0g, Lipides : 8,0g, Protides :6,0g, A conserver entre 0°C et +4°C. A consommer rapidement après ouverture. Conditionné sous atmosphère protectrice.]|"
5,98€ / Kg"|##
989|Feuilles de brik|Le sachet de 8, 136g|[Origine : FRANCE, Feuilles de brick gourmandes pour créer vos idées sucrées et salées., Faciles et rapides à mettre en oeuvre, les feuilles de brick Monoprix vous permettront de créer des entrées et des desserts de toutes les formes : samossa, demi-lune, aumônière, nem  Ne pas utiliser les feuilles de papier paraffiné. Ne jamais les mettre au four., Farine de blé, eau, huile de tournesol, sel, conservateurs : propionate de calcium, acide sorbique, émulsifiant : lécithine de soja., Valeur énergétique en Joules :  1263kj, Valeur énergétique en Kcal : 299kcal, Glucides : 57g, Lipides : 4,2g, Protides :7,2g, A conserver au réfrigérateur entre 0° et +8°C. Pour une bonne conservation au réfrigérateur, bien refermer le paquet après ouverture. Pour la conservation des feuilles de brick après ouverture du paquet : ne jamais excéder 2 ou 3 jours, les placer idéalement sur un torchon humide pour conserver leur malléabilité. Vous pouvez congeler les feuilles de brick.]|"
10,00€ / Kg"|"
1,36 €"
990|Pâte à pizza fine, prête à dérouler|Le paquet de 260g|[Origine : FRANCE, Pâte à pizza pour 4 personnes. Sortez votre pâte du réfrigérateur 5min. Avant de l'utiliser, elle sera beaucoup plus facile à manipuler., Farine de blé, eau, margarine (graisses et huiles végétales de palme et tournesol non hydrogénées, sel, eau, émulsifiant: mono et diglycérides d'acides gras de palme, correcteur d'acidité: acide citrique), sel, alcool, poudres à lever: diphosphate disodique et carbonate de sodium, levure boulangère 0,3%, antioxygène: acide ascorbique., Valeur énergétique en Joules :  1153Kj, Valeur énergétique en Kcal : 273Kcal, Glucides : 46g, Lipides : 5,6g, Protides :8,8g, A conserver entre 0°C et +4°C.]|"
5,88€ / Kg"|"
1,53 €"
991|Pâte brisée, prête à dérouler|Le paquet de 230g|[Origine : FRANCE, Sortez votre pâte du réfrigérateur 5 min. avant de l'utiliser, elle sera beaucoup plus facile à manipuler. Tarte pour 6 personnes. Moule de 28 à 30 cm de diamètre., Farine de blé, margarine (huiles et graisses végétales en l'état et hydrogénées (palme, colza), eau, sel, émulsifiant : mono et diglycérides d'acides gras, acidifiant : acide citrique, colorant : bêta-carotène), eau, sel, alcool, sucre, jus de citronconcnetré (jus de citron, conservateur : anhydre sulfureux). Traces de lait, de soja et d'amandes., Valeur énergétique en Joules :  1620, Valeur énergétique en Kcal : 388, Glucides : 39,9g, Lipides : 23g, Protides :5,3g, A conserver entre 0°C et +4°C.]|"
4,48€ / Kg"|"
1,03 €"
992|Pâte feuilletée, prête à dérouler|Le paquet de 230g|[Origine : FRANCE, Pour éviter les problèmes de cassure, cette pâte est enroulée dans sa feuille de papier cuisson.Spécialement étudiée pour résister à la cuisson, cette feuille de papier évite de graisser le moule et permet de démouler facilement la tarte. Cette pâteest idéale pour réaliser des tartes et tourtes, salées ou sucrées, chaudes ou tièdes., Sortez votre pâte du réfrigérateur 5 min. avant de l'utiliser, elle sera beaucoup plus facile à manipuler. Tarte pour 6 personnes. Moule de 28 à 30 cm de diamètre. Préchauffer votre four à 210°C (th7). Déroulez la pâte dans un moule avec sa feuille de cuisson. Piquez la pâte avec une fourchette. Garnissez avec votre préparation salée ou sucrée. Laissez cuite 25 à 30 minutes selon la recette sur une grille à mi-hauteur., Farine de blé, margarine (huiles et graisses végétales non hydrogénées (palme, colza), eau, sel,  émulsifiant : mono et diglycérides d'acides gras, acidifiant :acide citrique, colorant : bêta-carotène), eau, alcool éthylique, sel, sucre, jus de citron concentré (jus de citron, conservateur : anhydride sulfureux),  agent de traitement de la farine : L-cystéine. Traces de lait, d'oeuf, de soja, et d'amandes., Valeur énergétique en Joules :  1638kj, Valeur énergétique en Kcal : 392kcal, Glucides : 39g, Lipides : 23g, Protides :6,5g, A conserver entre 0°C et +4°C.]|"
3,96€ / Kg"|"
0,91 €"
993|Pâte sablée, prête à dérouler|Le paquet de 230g|[Origine : FRANCE, Pour éviter les problèmes de cassure, cette pâte est enroulée dans sa feuille de papier cuisson.Spécialement étudiée pour résister à la cuisson, cette feuille de papier évite de graisser le moule et permet de démouler facilement la tarte., Cette pâte est idéale pour réaliser des tartes et tourtes, salées ou sucrées, chaudes ou tièdes. Tarte pour 6 personnes. Moule de 28 à 30cm de diamètre. Sortez votre pâte du réfrigérateur 5 minutes avant de l'utiliser, elle sera beaucoup plus facileà manipuler., Farine de blé, margarine (huiles et graisses végétales non hydrogénées (palme, colza), eau, sel, émulsifiant : mono- et diglycérides d'acides gras, acidifiant : acide citrique, colorant : bêta-carotène), sucre, eau, oeuf entier pasteurisé en poudre,alcool, jus de citron concentré (jus de citron, conservateur : anhydride sulfureux). Traces de lait, soja et d'amandes., Valeur énergétique en Joules :  1703, Valeur énergétique en Kcal : 407, Glucides : 48,7g, Lipides : 20,8g, Protides :6,2g, A conserver entre 0°C et +4°C.]|"
5,91€ / Kg"|"
1,36 €"
994|Kit pizza pâte épaisse rectangulaire|La boite de 600g|[Origine : FRANCE, Une pâte épaisse et moelleuse : son emballage à la technologie unique assure une durée de conservation et une fraîcheur plus longue. Sauce aux tomates de Provence : cuisinée uniquement avec des ingrédients naturels., 6 à 8 parts. Préchauffez le four à 200°C (th 6/7) pour un four classique ou 180°C (th 5/6) pour un four à chaleur tournante. Ouvrez la boîte à pizza en déroulant le papier tout autour. Sous la pression de la levure, il se peut que la boîte éclate légèrement. Déroulez la pâte sur la plaque du four. Si vous voulez une pâte plus fine et encore plus grande, étirez-la. Répartissez la sauce tomate sur la pâte en une couche uniforme. Ajouter la garniture que vous souhaitez. Faites cuire 15 à 20min., Pâte à pizza (67%) : farine de blé, eau, huile d'olive, gluten de blé, poudres à lever : glucono-delta-lactone, bicarbonate de sodium, alcool éthylique, dextrose, sel, huile végétale (colza). Fabriquée dans un atelier utilisant du lait et des oeufs.Sauce tomate cuisinée (33%) : purée de tomates 94,3%, huile de tournesol, oignons, sel, herbes aromatiques (origan, basilic), poivre., Valeur énergétique en Joules :  773kj, Valeur énergétique en Kcal : 183kcal, Glucides : 29,4g, Lipides : 3g, Protides :6,7g, A conserver entre 0°C et +4°C. Ne pas congeler. Ne pas faire cuire au four à micro-ondes.]|"
4,78€ / Kg"|"
2,87 €"
995|Mes 4 carrés de pâte feuilletée|La boîte de 200g|[Origine : FRANCE, Sortez vos carrés du réfrigérateur 5 à 10min. avant de les utiliser, ils seront plus faciles à manipuler. Préchauffez votre four à 210°C (Th7) 10min. environ. Garnissez vos carrés avec la recette de votre choix (salée ou sucrée). Faites cuire 15 à 20min. à 210°C (Th7)., Farine de blé, margarine (matières grasses végétales en l'état et hydrogénées, eau, sel, émulsifiant : mono et diglycérides d'acides gras, correcteurs d'acidité : acide citrique, citrate de sodium), eau, beurre concentré 5% (beurre, colorant : béta-carotène), sel, alcool, sucre, colorant : béta-carotène, jus de citron concentré, arômes, agent de traitement de la farine : L-cystéine.  Peut contenir des traces d'oeuf., Valeur énergétique en Joules :  1646Kj, Valeur énergétique en Kcal : 394KCal, Glucides : 35,6g, Lipides : 25g, Protides :4,8g, A conserver entre 0°C et +4°C.]|"
6,45€ / Kg"|"
1,29 €"
996|Cookies aux pépites de chocolat|Le paquet de 350g|[Origine : SUISSE, Pâte pour biscuit avec pépites de chocolat., Préchauffez votre four traditionnel 15 min. Détachez les carrés de cookies. Disposez-les à mi-hauteur sur la plaque du four avec du papier sulfurisé. Cuire 10-12 min à 180°C. Sortir les cookies encore mous et les retirer de la plaque du four. En refroidissant, les cookies deviennent croquants à l'extérieur et moelleux à l'intérieur. C'est prêt ! Pâte crue. Ne pas consommer avant cuisson., Pépites de chocolat73% (sucre, pâte de cacao, beurre de cacao, émulsifiant : lécithine de soja, vanilline), Farine de blé, Margarine (huile de palme, eau, huile de colza, émulsifiant : mono-et diglycéride d'acides gras, acidifiant : acide citrique :colorant : bêta carotène), Sucre, Sucre de canne, Amidon de blé, Oeuf en poudre, Sriop de glucose en poudre Poudres à lever : carbonates de sodium, E450, Sel, Arôme vanille. Peut contenir des traces de lait et fruits àcoque. A consommer jusqu'au : voir sur le côté du paquet, Valeur énergétique en Joules :  1847Kj, Valeur énergétique en Kcal : 441Kcal, Glucides : 59,6g, Lipides : 20,2g, Protides :4,3g, A conserver à +4°C]|"
8,54€ / Kg"|"
2,99 €"
997|Pâte à pizza, ronde et fine|Le paquet de 260g|[Origine : SUISSE, La pâte à pizza Herta est élaborée à partir d'une levure boulangère sélectionnée pour son aptitude à lever et développer le goût de pain caractéristique de la pâte à pizza., Diamètre 24 cm. Plat principal : 2/4 personnes. Déroulez votre pâte à pizza sur la plaque de votre four, en conservant la feuille de cuisson 15 minutes avant de la garnir. Découpez l'excédant de papier et préchauffez votre four th.7 (220°C). 2.Etalezdeux cuillerées à soupe de coulis de tomates puis ajoutez vos ingrédients (jambon, champignons, fromage, olives). Pâte crue, ne pas consommer avant cuisson. 3.Faites cuire dans le bas de votre four 14 à 16 minutes selon vos préférences de cuisson. Dégustez votre délicieuse pizza à la texture crousti-moelleuse !, Farine de blé, Eau, Huiles végétales (palme, colza), Sel, Gluten de blé, Amidon de blé, Alcool, Levure boulangère, Poudres à lever : E450, E500., Valeur énergétique en Joules :  1200, Valeur énergétique en Kcal : 285, Glucides : 42,8, Lipides : 8,5, Protides :6,6, A conserver à +4 C.]|"
6,85€ / Kg"|"
1,78 €"
1000|Pate à tarte brisée|Le paquet de 230g|[Origine : SUISSE]|"
5,96€ / Kg"|"
1,37 €"
1001|Pâte à tarte feuilletée|Le paquet de 230g|[Origine : SUISSE]|"
5,48€ / Kg"|"
1,26 €"
1002|Pâte brisée, sans additif|Le sachet de 320g|[Origine : SUISSE, Valeur énergétique en Joules :  1616kj, Valeur énergétique en Kcal : 387kcal, Glucides : 40,7g, Lipides : 20,9g, Protides :6,2g]|"
6,57€ / Kg"|"
1,84 €"
1003|Pate feuilletée, fabriquée à partir de farine complète|La pièce de 230g|[Origine : ITALIE, La pâte à tarte 'Tarte en Or' Feuilletée Herta à la farine complète est naturellement source de fibres et élaborée à partir de blé complet sélectionné., Pâte crue, ne pas consommer avant cuisson., Farine de blé, huiles végétales (palme, colza), eau, farine de blé complète (4,8%), gluten de blé, fibres de chicorée 1,5%, sel, alcool, son de blé 0,5%, jus de citron concentré, extraits de fruits et légumes (carotte, pomme, citron), levure. Sans matière grasse hydrogénée., Valeur énergétique en Joules :  1635kj, Valeur énergétique en Kcal : 392kcal, Glucides : 35,9g, Lipides : 23,5g, Protides :7,7g, A conserver à +4°C.]|"
9,61€ / Kg"|"
2,21 €"
1004|Pâte pour maxi pizza, rectangulaire et fine|Le sachet de 385g|[Origine : FRANCE, Filet de poulet, sel, bouillons (eau, os de poulet, carottes, oignon, poireau, plantes aromatiques, épices, condiment), dextrose, extrait de levure, céleri. Conservateur: nitrite de sodium. Colorant : caramel ordinaire. Contient : céleri., Valeur énergétique en Joules :  1200kj, Valeur énergétique en Kcal : 285kcal, Glucides : 42,8g, Lipides : 8,5g, Protides :6,6g]|"
7,09€ / Kg"|"
2,73 €"
1005|Pâte sablée, sans additif|Le sachet de 320g|[Origine : SUISSE, Pâte crue, ne pas consommer avant cuisson. Préchauffez votre four th 7 (200°C) environ 15 minutes. Déroulez la pâte dans votre moule en conservant la feuille de cuisson. Pressez les bords et le fond de tarte contre le moule. Découpez la feuille de papier sulfurisé qui dépasse. Piquez les bords et le fond de tarte avec une fourchette afin d'éviter que la pâte ne gonfle trop. Pour cuire votre pâte à blanc : recouvrez le fond de pâte d'une feuille de papier sulfurisé et déposez sur le dessus des haricots secs, grains de riz ou du gros sel. Faites cuire dans le bas de votre four environ 20 à 25 minutes (four traditionnel) ou 15 à 20 minutes (four à chaleur tournante), puis retirez la feuille de papier sulfurisé et prolongez la cuisson de 3 à 5minutes en surveillant la coloration. Pour cuire votre pâte garnie : répartissez votre préparation sucrée et faites cuire dans le bas de votre four de 40 à 45 minutes (four traditionnel) ou de 30 à 35 minutes (four à chaleur tournante)., Farine de blé, huiles végétales (palme, colza, tournesol), sucre, eau, jus de citron concentré, alcool, fruits et légumes concentrés (carotte, pomme, citron), sel. Sans additif., Valeur énergétique en Joules :  1772kj, Valeur énergétique en Kcal : 423kcal, Glucides : 52,5g, Lipides : 20,4g, Protides :5,4g, A conserver à +4°C.]|"
7,84€ / Kg"|"
2,51 €"
1006|Pâte brisée|Le sachet de 230g|[Origine : FRANCE, Farine de blÍ, beurre concentrÍ (22%), eau,glucose, sel, vinaigre, gluten, germe de blÍ, cystÍine. MatiÈre grasse en provenance du lait 22 g pour 100 g de produit. Formule A - Article 4 - RÈglement CE n¢ 2571/97 Contient : blÍ, lait, Valeur énergétique en Joules :  1554kj, Valeur énergétique en Kcal : 371kcal, Glucides : 42,7g, Lipides : 19,2g, Protides :7g]|"
6,04€ / Kg"|"
1,39 €"
1007|Pâte brisée, pur beurre|Le paquet de 230g|[Origine : FRANCE, 100% d'ingrédients naturels., Pour un déroulage plus facile, sortir la pâte du réfrigérateur 10 min avant utilisation. Piquer le fond de la tarte avant de la garnir. Recouvrir le fond de la pâte. Cuire jusqu'à ce que les bords commencent à dorer. Retirer les légumes secs, garnirla tarte et continuer la préparation., Farine de blé, eau, beurre pâtissier 18%, vinaigre (un trait : conservateur naturel), sucre, sel., Valeur énergétique en Joules :  1587kj, Valeur énergétique en Kcal : 379kcal, Glucides : 45,9g, Lipides : 19,2g, Protides :5,6g, A conservation entre 0°C et +8°C. Conditionné sous atmosphère protectrice.]|"
8,00€ / Kg"|"
1,84 €"
1008|Pâte feuilletee|Le sachet de 230g|[Origine : FRANCE, Farine de blÍ, beurre concentrÍ (22%), eau,glucose, sel, vinaigre, gluten, germe de blÍ, cystÍine. MatiÈre grasse en provenance du lait 22 g pour 100 g de produit. Formule A - Article 4 - RÈglement CE n¢ 2571/97 Contient : blÍ, lait, Valeur énergétique en Joules :  1516kj, Valeur énergétique en Kcal : 363kcal, Glucides : 38,3g, Lipides : 20,3g, Protides :6,7g]|"
5,57€ / Kg"|"
1,28 €"
1009|Pâte feuilletée, pur beurre|Le paquet de 230g|[Origine : FRANCE, 100% d'ingrédient naturels., Pour un déroulage plus facile, sortir la pâte du réfrigérateur 10 min avant utilisation. Piquer le fond de la tarte avant de la garnir. Cuisson à blanc : recouvrir le fond de la pâte avec des légumes secs. Cuire à 180°C (th 6) jusqu'à ce que les bords commencent à dorer. Retirer les légumes secs, garnir la tarte et continuer la préparation., Farine de blé, eau, beurre pâtissier 19%, vinaigre (un trait : conservateur naturel), une pincée de sel. Sans matière grasses hydrogénées., Valeur énergétique en Joules :  1557Kj, Valeur énergétique en Kcal : 373KCal, Glucides : 38,0g, Lipides : 21,2g, Protides :6,6g, A conserver entre 0°C et +8°C. Conditionné sous atmosphère protectrice.]|"
7,70€ / Kg"|"
1,77 €"
1010|Feuilles de brick|Les 10 bricks, 170g|[Origine : FRANCE]|"
9,35€ / Kg"|"
1,59 €"
1011|Gnocchi, à poêler|Le paquet de 300g|[Origine : FRANCE, Gnocchi à la semoule de blé dur et aux flocons de pommes de terre., A la poêle : faites fondre une noisette de beurre dans une poêle anti-adhésive ou ajouter 2 cuillères à soupe d'huile d'olive. Saisissez les Gnocchi pendant 2 minutes tout en les remuant. Couvrez et laissez cuire à feu moyen pendant 4 minutes en lesretournant régulièrement. Servez aussitôt., Eau, semoule de blé dur de qualité supérieure 27%, flocons de pommes de terre déshydratés 15% (flocons de pommes de terre, émulsifiants : mono et diglycérides d'acides gras, diphosphate de sodium, acidifiant : acide citrique, curcuma), sel, huile detournesol. Enrobage : farine de riz., Valeur énergétique en Joules :  745kj, Valeur énergétique en Kcal : 176kcal, Glucides : 35g, Lipides : 1,2g, Protides :5g, A conserver entre 0°C et 4°C.]|"
5,20€ / Kg"|"
1,56 €"
1012|Gnocchi à la semoule de blé dur|La barquette de 400g|[Origine : FRANCE, Semoule de blé dur de qualité supérieure 46%, eau, huile de tournesol, sel. Enrobage : farine de riz., 2 personnes. Plongez les gnocchi dans 2 litres d'eau bouillante salée. Remuez délicatement et attendez qu'ils remontent à la surface. Laissez cuire 1 minute. Egouttez, servez dans un plat chaud et accommodez selon votre goût., Valeur énergétique en Joules :  860kj, Valeur énergétique en Kcal : 204kcal, Glucides : 38g, Lipides : 3,4g, Protides :6,5g, A conserver entre 0°C et +4°C.]|"
4,15€ / Kg"|"
1,66 €"
1013|Gnocchi de pommes de terre bio|Le paquet de 300g|[Origine : FRANCE, Eau- flocons de pomme de terre 17% (pomme de terre déshydratée*, extrait de romarin*)- semoule de blé dur* 13,7%- amidon de pomme de terre*- lait partiellement écrémé en poudre* 1%- sel- curcuma. Ingrédients issus de l'agriculture biologique., Valeur énergétique en Joules :  682kj, Valeur énergétique en Kcal : 161kcal, Glucides : 34g, Lipides : 0,5g, Protides :3,4g]|"
6,50€ / Kg"|"
1,95 €"
1014|Gnocchi de pommes de terre bio|Le paquet de 300g|[Origine : FRANCE, Eau- flocons de pomme de terre 17% (pomme de terre déshydratée*, extrait de romarin*)- semoule de blé dur* 13,7%- amidon de pomme de terre*- lait partiellement écrémé en poudre* 1%- sel- curcuma. Ingrédients issus de l'agriculture biologique., Valeur énergétique en Joules :  682kj, Valeur énergétique en Kcal : 161kcal, Glucides : 34g, Lipides : 0,5g, Protides :3,4g]|"
6,50€ / Kg"|"
1,95 €"
1015|Ravioles au basilic|La barquette de 240g|[Origine : FRANCE, Pour mieux apprècier les ravioles, ouvrez l'emballage et laissez-les 20min au réfrigérateur avant de les faire cuire. Portez à ébullition 2 litres d'eau salée dans laquelle vous aurez préalablement fait fondre un morceau de beurre ou un bouillon cubede volaille. Plongez les plaques de ravioles entières débarrassées de leur papier de protection, et remuez délicatement à l'aide d'une écumoire jusqu'à ce qu'elles soient détachées. Ne pas faire bouillir les ravioles. Dés qu'elles remontent à la surface, soit après une minute maximum,    retirez-les avec une écumoire et servez-les immédiatement dans un plat chaud., Pâte 50% : farine de blé tendre, eau, oeufs frais, huile de tournesol. Farce 50% : fromage blanc frais, fromage fondu (fromage, amidon transformé de pomme de terre, lactosérum, sel, arôme naturel), fromage ricotta de vache( lactosérum et crème de lait, sel, acidifiant : acide citrique), basilic de Provence 15%, emmental, flocons de pomme de terre (pommes de terre déshydratées 99%, émulsifiant : E471, antioxydants : E304, E300, correcteur d'acidité : E330), sel, beurre. Pourcentages exprimés surla farce., Entre 0°c et +4°C.]|"
13,88€ / Kg"|"
3,33 €"
1016|Ravioles du Dauphinois|La barquette de 240g|[Origine : FRANCE, Monoprix Gourmet a sélectionné pour vous ces Ravioles du Dauphiné pour leurs qualités gustatives. Leur farce au goût typé sera appréciée des plus fins gourmets., Portez à ébullition une grande quantité d'eau (2 à 3 Litres), légèrement salée dans laquelle on aura fait fondre une noix de beurre ou un bouillon cube de volaille. Débarrassez les plaques de leur papier et les plonger entières dans l'eau. Renouez délicatement afin de détacher les carrés. Lorsque les ravioles remontent à la surface, soit après 1 minute maximun, les sortir à l'aide d'une écumoire en les égouttant brièvement et servir dans un plat chaud. Nappez d'un peu de beurre fondu ou de crèmefraîche épaisse tiède qui pourra être aromatisée de ciboulette ou de basilic. Ne pas faire bouillir les ravioles. les ravioles ne se réchauffent pas., Pâte 50% : farine de blé tendre 72% , eau ,oeufs frais , huile de palme('Pourcentage exprimé sur la pâte).Farce 50% : comté 46%, fromage blanc,persil, sel, oeufs frais, beurre.('Pourcentage exprimé sur la farce), Valeur énergétique en Joules :  1212kj, Valeur énergétique en Kcal : 289kcal, Glucides : 30g, Lipides : 13g, Protides :13g, A conserver entre 0°C et +4°C]|"
13,88€ / Kg"|"
3,33 €"
1017|Ravioli aux oeufs frais, au jambon et fromage|La barquette de 300g|[Origine : FRANCE, Pour 2 personnes. Plongez les ravioli dans 2 litres d'eau salée en ébullition. Laissez cuire 6 minutes après reprise de l'ébullition. Egouttez et servez chaud accommodé selon votre goût de beurre, crème fraîche, sauce tomate ou d'un filet d'huile d'olive., Pâte 60% : semoule de blé dur de qualité supérieure, eau, oeufs frais pasteurisés 10,5% (soit 140g par kg de semoule). Farce 40% : jambon cuit 17% (jambon de porc, eau, sirop de glucose de blé, sel, dextrose de blé, arômes naturels, conservateurs : érythorbate de sodium, nitrite de sodium), chapelure (farine de blé, eau, levure, sel), épaule cuite (épaule de porc, eau, sirop de glucose de blé, sel, dextrose, arômes naturels, conservateurs : érythorbate de sodium, nitrite de sodium), ricotta 13%(sérum du lait, lait, crème, sel, correcteur d'acidité : acide citrique), eau, fromage frais 7.5%, huile de palme, amidon de tapioca, arôme naturel, semoule de blé dur, sel. Traces de soja, sésame et fruits à coques., Valeur énergétique en Joules :  1028Kj, Valeur énergétique en Kcal : 243Kcal, Glucides : 42g, Lipides : 3,9g, Protides :10g, A conserver entre 0°C et +4°C.]|"
5,73€ / Kg"|"
1,72 €"
1018|Ravioli aux oeufs frais, pur boeuf|La barquette de 300g|[Origine : FRANCE, Pâte 60% : semoule de blé dur de qualité supérieure, eau, oeufs frais pasteurisés 10,8% (soit 140g d'oeufs frais par kg de semoule). Pourcentage exprimé sur la pâte. Farce 40% : viande bovine 41%, chapelure (farine de blé, eau, levure, sel), mortadelle pur boeuf 14% (viande bovine et gras de boeuf, eau, sel, protéines de pois), semoule de blé dur, préparation pour farce (fibre de pois, arôme, protéine et lactose du lait, oignon rissolé 1,8% (oignons, huile de palme, extrait de romarin), ail (dont blé et malt)), céleri, huile de tournesol, oignon frit déshydraté (oignons, huile de palme, extrait de romarin), carotte, sel, épices et herbes aromatiques, lait écrémé en poudre, arôme naturel (dont céleri). Pourcentages exprimés sur la farce., 2 personnes. Plongez les ravioli dans un grand volume d'eau bouillante salée. Laissez cuire 8 minutes dans l'eau frémissante en remuant de temps en temps. Egouttez et accommodez selon votre goût., Valeur énergétique en Joules :  1259kj, Valeur énergétique en Kcal : 299kcal, Glucides : 43g, Lipides : 7,7g, Protides :13g, A conserver entre 0°C et +4°C.]|"
7,33€ / Kg"|"
2,20 €"
1019|Tagliatelles aux oeufs frais|La barquette de 350g|[Origine : FRANCE, Semoule de blé dur de qualité supérieure, eau, oeufs frais pasteurisés 10,8% (soit 140g/kg de semoule)., 3 personnes. Plongez les tagliatelles dans un grand volume d'eau bouillante salée. Laissez cuire 3 minutes après reprise de l'ébullition. Egouttez et accommodez selon votre goût., Valeur énergétique en Joules :  1163kj, Valeur énergétique en Kcal : 275kcal, Glucides : 52g, Lipides : 1,9g, Protides :11g, A conserver entre 0°C et +4°C.]|"
4,91€ / Kg"|"
1,72 €"
1020|Tortellini aux oeufs frais, à la ricotta et épinards|La barquette de 300g|[Origine : FRANCE, 2 personnes. Plongez les tortellini dans un grand volume d'eau bouillante salée. Laissez cuire 6 minutes dans l'eau frémissante en remuant de temps en temps. Egouttez et accommodez selon votre goût., Pâte 60% : semoule de blé dur de qualité supérieure, eau, oeufs frais 10,8% (soit 140g/kg de semoule). Pourcentage exprimé sur la pâte. Farce 40% : flocons de pomme de terre déshydratés (pomme de terre déshydratée, émulsifiant : mono- et diglycéridesd'acides gras, stabilisant : diphosphate disodique, antioxydant : palmitate d'ascorbyle) ricotta de vache 18% (sérum de lait de vache, crème, sel, acidifiant : acide citrique), semoule de blé dur, épinards 14%, fromage blanc, basilic, huile de tournesol, persil, sel, arôme naturel (dont lait), ail. Pourcentages exprimés sur la farce. Traces de céleri., Valeur énergétique en Joules :  11101kj, Valeur énergétique en Kcal : 263kcal, Glucides : 45g, Lipides : 4,3g, Protides :9,4g, A conserver entre 0°C et +4°C. Conditionné sous atmosphère protectrice.]|"
7,33€ / Kg"|"
2,20 €"
1021|Tortellini aux oeufs frais, au jambon cru|La barquette de 300g|[Origine : FRANCE, Pour 2 personnes. Plongez les tortellini dans 2 litres d'eau salée en ébullition. Laissez cuire 8 à 9 minutes après reprise de l'ébullition. Egouttez et servez chaud accommodé selon votre goût de beurre, crème fraîche, sauce tomate ou d'un filet d'huile d'olive., Pâte 65% : semoule de blé dur de qualité supérieure, eau, oeufs frais pasteurisés 10,5% (soit 140g par kg de semoule). Farce 35% : jambon cru 25% (jambon de porc, sel, sucre, conservateur : E252, épices), chapelure (farine de blé, eau, levure, sel),ricotta 20,6% (sérum de lait, lait, crème, sel, correcteur d'acidité : E330), mortadelle (viande et gras de porc, viande de boeuf, protéine de blé, sel, dextrose de maïs, lactose, arômes naturels, fibre de blé), huile de palme, eau, flocons de pommede terre (pommes de terre déshydratées, émulsifiant : E471, antioxydants : E304, E300, correcteur d'acidité : E330), arômes, sel. Traces de soja, sésame et fruits à coques., Valeur énergétique en Joules :  1127Kj, Valeur énergétique en Kcal : 267Kcal, Glucides : 41g, Lipides : 6,1g, Protides :12g, A conserver entre 0°C et +4°C.]|"
6,90€ / Kg"|"
2,07 €"
1022|Délices soufflés au brochet sauvage|La barquette de 480g|[Origine : FRANCE, Georges Ecochard vous invité à partager de bons moments en dégustant en famille, entre amis ou tout simplement en tête à tête, ses savoureux délices soufflés., Au four préchauffé 10 min à 180°C ou Th6 et nappés d'une sauce de votre choix: 55 min. A la casserole, nappés d'une sauce de votre choix : 30 min. A la poêle, coupés en rondelles : 10 min à feu moyen et sans couvercle., Conservation entre 0 et +4°c maximum.]|"
8,25€ / Kg"|"
3,96 €"
1023|Délices soufflés natures|La barquette de 480g|[Origine : FRANCE, Georges Ecochard vous invité à partager de bons moments en dégustant en famille, entre amis ou tout simplement en tête à tête, ses savoureux délices soufflés., Au four préchauffé 10 min à 180°C ou Th6 et nappés d'une sauce de votre choix: 55 min. A la casserole, nappés d'une sauce de votre choix: 30 min. A la poêle, coupés en rondelles : 10 min à feu moyen et sans couvercle., Conservation entre 0 et +4°c maximum.]|"
7,35€ / Kg"|"
3,53 €"
1024|Quenelles lyonnaises natures|Le paquet de 240g|[Origine : FRANCE, Au four : préchauffez votre four pendant 10min. à 180°C (ou Th. 6). Disposez les quenelles dans un plat à gratin sans les serrer. Nappez-les d'une sauce de votre choix (Nantua, béchamel, financière, tomate) et laissez-les gonfler pendant 25 à 30 minà la même température. Retirez du four et servez aussitôt. A la casserole : disposez les quenelles dans une casserole sans les serrer. Nappez-les d'une sauce de votre choix (Nantua, béchamel, financière, tomate), couvrez-les et laissez-les mijoter àfeu doux pendant 25 à 30 minutes. A la poêle : coupez les quenelles en rondelles et disposez-les dans une poêle anti-adhésive. Laissez-les dorer à feu moyen pendant 10 min en prenant soin de les retourner de temps en temps.  Four. Casserole. Poêle., Oeufs frais 29%, farine de blé, eau, huile de palme non hydrogénée, blancs d'oeufs, sel et arome naturel. Présence possible de poisson et de protéines de lait., Valeur énergétique en Joules :  891, Valeur énergétique en Kcal : 214, Glucides : 16,6g, Lipides : 13,2g, Protides :7,1g, A conserver entre 0°c et 4°C.]|"
6,50€ / Kg"|"
1,56 €"
1025|Quenelles brochet, pur beurre|La barquette de 200g|[Origine : FRANCE, La quenelle bressane naît en 1880 de l'heureux mariage d'ingrédients du terroir : semoule de blé dur, oeufs et beurre frais, brochet. En 1910, Henri Giraudet dote la quenelle de nouvelles saveurs dans le respect d'un savoir-faire fait de simplicité,de raffinement, d'authenticité. Une tradition cultivée avec patience et passion : chez Giraudet, on moule encore certaines quenelles à la cuillères ! Aux écrevisses ou aux morilles, à la volaille ou nature, les quenelles Giraudet participent à un artde vivre empreint de saveurs et de convivialité., Oeufs frais, brochet (20.5%), semoule de blé dur, beurre (12.5%), eau, lait frais écrémé, sel., Valeur énergétique en Joules :  1061,5kj, Valeur énergétique en Kcal : 4437kcal, Glucides : 16,8g, Lipides : 17,8g, Protides :8g, Conservation de 0 à +4°C.]|"
15,75€ / Kg"|"
3,15 €"
1026|Quenelles natures, pur beurre|La barquette de 200g|[Origine : FRANCE, La quenelle bressane naît en 1880 de l'heureux mariage d'ingrédients du terroir : semoule de blé dur, oeufs et beurre frais, brochet. En 1910, Henri Giraudet dote la quenelle de nouvelles saveurs dans le respect d'un savoir-faire fait de simplicité,de raffinement, d'authenticité. Une tradition cultivée avec patience et passion : chez Giraudet, on moule encore certaines quenelles à la cuillère ! Aux écrevisses ou aux morilles, à la volaille ou nature, les quenelles Giraudet participent à un artde vivre empreint de saveurs et de convivialité., Pour des quenelles bien gonflées et moelleuses, votre sauce devra être liquide, peu salée et abondante (le poids de la sauce à peu près équivalent au poids des quenelles). Au four: préchauffez votre four 10 mn à 220°C (Th 7-8). Disposez les quenellesdans un plat à gratin sans les serrer. Recouvrir avec la sauce de votre choix. Laissez gonfler et gratiner les quenelles pendant environ 20 minutes. Servir immédiatement après la sortie du four. A la casserole: disposez les quenelles sans les serreret les recouvrir avec la sauce de votre choix. Laissez gonfler les quenelles à couvert sur feu doux et à petite ébullition pendant environ 12 minutes.  Four. Casserole., Oeufs frais, semoule de blé dur, beurre (17%), eau, lait frais écrémé, sel., Valeur énergétique en Joules :  1061,5, Valeur énergétique en Kcal : 254,7, Glucides : 17,8g, Lipides : 16,8g, Protides :8g, Conservation de 0°C à +4°C.]|"
16,05€ / Kg"|"
3,21 €"
1027|Sauce nantua, écrevisses|Le pot de 250g|[Origine : FRANCE, Au four traditionnel : ajoutez 2 à 3 cuillerées à soupe de crème ou d'eau pour compenser l'évaporation à la cuisson. Au four micro-ondes : 2 minutes sans le couvercle. A la casserole : feu doux en remuant régulièrement.  Four. Micro-ondes. Casserole., Fumet d'écrevisses (eau, écrevisses : 10%), lait frais écrémé, crème fraîche, beurre, vin blanc, concentré de tomates, farine de blé, amidon transformé, queues d'écrevisses décortiquées (1%), sel, madère, oignons, épices., A conserver de 0°C à +4°C. A consommer de préférence 48h après ouverture.]|"
13,44€ / Kg"|"
3,36 €"
1028|Polenta nature, galettes de farine de maïs|Les 6 galettes, 250g|[Origine : ITALIE, Micro-ondes: 3minutes. Poele: frire à l'huile ou au beurre 4 minutes de chauqe côté., Eau, farine de maïs, sel, correcteur d'acidité: acide tartrique, conservateur: acide ascorbique., A conserver au frais entre 0 et +4°C.]|"
11,96€ / Kg"|"
2,99 €"
1030|Mezzaluna aux oeufs frais, ricotta et basilic, fabrication artisanale|La barquette de 250g|[Origine : ITALIE, Préparation : porter a ébullition 1 litre d'eau pour 100g de pâtes et ajouter une cuillère de gros sel. Lorsque l'eau bout, immerger les pâtes et les laisser cuire pendant 5 minutes pour obtenir une cuisson ferme ('al dente').  Ne pas percer l'emballage.  Casserole., Pâte : semoule de blé dur, farine de blé tendre type '0', oeufs entiers pasteurisés (17.4% de la pâte, 8.7% sur le total du produit), eau, gluten. Farce : ricotta (74.8% sur la farce, 37.4 sur le total du produit), basilic (10.4% sur la farce, 5.2% sur le total du produit), crème de riz, sérum de lait en poudre, sel, arômes, fromage 'grana' (lait, sel, présure), poivre, noix de muscade. Allergènes : gluten, oeuf, produits dérivés du lait. Sans colorant, ni conservateur., Valeur énergétique en Joules :  1030Kj, Valeur énergétique en Kcal : 243KCal, Glucides : 43,7g, Lipides : 3,9g, Protides :8,3g, Conserver au réfrigérateur entre 0°C et +4°C. Une fois ouvert le produit doit être conservé au réfrigérateur et consommé dans les 3 jours.]|"
16,80€ / Kg"|"
4,20 €"
1031|Mezzaluna aux oeufs frais, ricotta et cèpes, fabrication artisanale|La barquette de 250g|[Origine : ITALIE, Préparation : porter a ébullition 1 litre d'eau pour 100g de pâtes et ajouter une cuillère de gros sel. Lorsque l'eau bout, immerger les pâtes et les laisser cuire pendant 5 minutes pour obtenir une cuisson ferme ('al dente').  Ne pas percer l'emballage.  Casserole., Pâte : semoule de blé dur, farine de blé tendre type '0', oeufs entiers pasteurisés (17.4% de la pâte, 8.7% sur le total du produit), eau, gluten. Farce : ricotta, crème de riz, sérum de lait en poudre, eau, sel, extrait de champignon, fromage 'grana' (lait, sel, présure), cèpes déshydratés (0.83% sur la farce, 0.41% sur Ie total du produit), cèpes en poudre (0.83% sur la farce, 0.41% sur le total du produit), huile de tournesol, poivre, noix de muscade. Allergènes : gluten, oeuf, produits dérivés du lait. Sans colorant, ni conservateur., Valeur énergétique en Joules :  969Kj, Valeur énergétique en Kcal : 229KCal, Glucides : 39,1g, Lipides : 3,5g, Protides :10,3g, Conserver au réfrigérateur entre 0°C et +4°C. Une fois ouvert le produit doit être conservé au réfrigérateur et consommé dans les 3 jours.]|"
16,80€ / Kg"|"
4,20 €"
1032|Mezzaluna Bella Lodi & tomates séchées|La barquette de 250g|[Origine : ITALIE, Pâtes fraîches farcies de fabrication artisanale aux oeufs et à la semoule de blé dur., Pour 2/3 personnes. Porter à ébullition 1 litre d'eau salée pour 100 g de pâtes. Immerger les pâtes et les laisser cuire pendant 4 minutes pour obtenir une cuisson al dente. Egoutter et condimenter à votre gré., Conserver au réfrigérateur à max +4°C et consommer dans les 3 jours suivant l'ouverture.]|"
17,00€ / Kg"|"
4,25 €"
1035|Spaghettis aux oeufs frais, fabrication artisanale|Le paquet de 250g|[Origine : ITALIE, Pâtes fraîches de fabrication artisanale aux oeufs frais. Tréfilées en moule en bronze., 2/3 personnes. Porter à ébullition 1 litre d'eau pour 100g de pâtes et ajouter une cuillère de gros sel. Quand l'eau bout, immerger les pâtes et les laisser cuire pendant 5 minutes pour obtenir une cuisson ferme ('al dente'). Egoutter et accommoder àvotre gré., Semoule de blé dur, oeufs pasteurisés (20%), eau. Informations sur les allergènes : oeufs., Valeur énergétique en Joules :  1226,1Kj, Valeur énergétique en Kcal : 288,7KCal, Glucides : 56,7g, Lipides : 2,3g, Protides :10,3g, Conserver au réfrigérateur à la température max de +4°C. Conditionné sous atmosphère protectrice. Ne pas percer l'emballage. Une fois ouvert, le produit doit être conservé au réfrigérateur et consommédans les 3 jours.]|"
12,36€ / Kg"|"
3,09 €"
1036|Tagliatelles aux oeufs frais, fabrication artisanale|Le paquet de 250g|[Origine : ITALIE, Pâtes fraîches de fabrication artisanale aux oeufs frais. Tréfilées en moule en bronze., Porter à ébullition 1 litre d'eau pour 100g de pâtes et ajouter une cuillère de gros sel. Quand l'eau bout, immerger les pâtes et les laisser cuire pendant 5 minutes pour obtenir une cuisson ferme ('al dente'). Egoutter et accommoder à votre gré., Semoule de blé dur, oeufs pasteurisés (20%), eau. Informations sur les allergènes : oeufs., Valeur énergétique en Joules :  1226,1Kj, Valeur énergétique en Kcal : 288,7KCal, Glucides : 56,7g, Lipides : 2,3g, Protides :10,3g, Conserver au réfrigérateur à la température max de +4°C. Conditionné sous atmosphère protectrice. Ne pas percer l'emballage. Une fois ouvert, le produit doit être conservé au réfrigérateur et consommédans les 3 jours.]|"
12,60€ / Kg"|"
3,15 €"
1037|Tortelloni artichauts & speck|La barquette de 250g|[Origine : ITALIE, Pâtes fraîches farcies de fabrication artisanale aux oeufs et à la semoule de blé dur., Pour 2/3 personnes. Porter à ébullition 1 litre d'eau salée pour 100 g de pâtes. Immerger les pâtes et les laisser cuire pendant 4 minutes pour obtenir une cuisson al dente. Egoutter et condimenter à votre gré., Pâte 60% : farine de blé, semoule de blé dur 14%, oeufs 14%, eau. Farce 40% : fromage ricotta (lactosérum, crème de sérum), purée d'artichauts 21% (artichauts, huile de tournesol, sel, extrait de levure, ail en poudre), jambon speck 17% (viande de porc, sel, dextrose, saccharose, arômes, épices, antioxydant : E301, conservateurs : E250, E262), chapelure (farine de blé, levure, sel), farine de riz, fromage râpé, lactosérum en poudre, sel, huile de tournesol, fibre végétale. Allergènes : oeufs, gluten, lait. Peut contenir des traces de fruits à coques, soja, céleri., Conserver au réfrigérateur à max +4°C et consommer dans les 3 jours suivant l'ouverture.]|"
16,80€ / Kg"|"
4,20 €"
1038|Cubes à poêler à la pomme de terre, croustillants & fondants|Le sachet de 300g|[Origine : FRANCE, Valeur énergétique en Joules :  703kj, Valeur énergétique en Kcal : 168kcal, Glucides : 30g, Lipides : 3,3g, Protides :2,3g]|"
7,47€ / Kg"|"
2,24 €"
1039|Demi-Lune, tomate, basilic et mozzarella|La barquette de 300g|[Origine : FRANCE, Des Demi-Lune extra fondantes et généreuses en farce au bon goût de Tomate et de Mozzarella pour un plaisir ultra-gourmand !, - Plongez vos demi-lunes dans l'eau bouillante salée.                          - Baissez alors à feu moyen et faites cuire dans l'eau frémissante pendant 3 minutes, en remuant de temps en temps., Pâte 50% : (semoule de BLE dur, eau, OEUF frais 10.4%, tomate déshydratée 0.5%).Pourcentage exprimé sur la pâte. Farce 50% (tomate pulpe et purée 39%,  CREME FRAICHE, MOZZARELLA 10%, RICOTTA, huile d'olive vierge extra 5%, basilic 5%, semoule deBLE dur, flocons de pomme de terre (LAIT), LACTOSE ET PROTEINE DE LAIT, amidon transformé, oignon déshydraté, ail 1%, sel, blanc d'OEUFen poudre, sucre, thym , extrait d'épice, arome), Valeur énergétique en Joules :  1009, Valeur énergétique en Kcal : 240, Glucides : 35, Lipides : 7, Protides :8,5, à conserver au frais entre 0  et +4 C]|"
9,33€ / Kg"|"
2,80 €"
1040|Demi-lune aubergine mozarellaa|La barquette de 250g|[Origine : FRANCE, Des Demi-Lune extra fondantes et généreuses en farce au bon goût d'Aubergine et de Mozzarella pour un plaisir ultra-gourmand !, - Plongez vos demi-lunes dans l'eau bouillante salée.                          - Baissez alors à feu moyen et faites cuire dans l'eau frémissante pendant 3 m en remuant de temps en temps., Pâte (50%) : semoule de blé dur de qualité supérieure, eau, oeufs frais 10,3% (soit 140g d'oeufs frais/kg de semoule). Farce (50%) : aubergines 41%, tomates 20% (purée et pulpe), mozzarella 7%, oignons, lactose et protéines de lait, flocons de pommede terre, semoule de blé dur de qualité supérieure, huile d'olive vierge extra 3%, amidon transformé, sel, ail, thym 0,7% (feuilles et fleurs), extrait d'épice 0,35% d'arôme.                                                  Produit dans un atelier utilisant du poisson, des crustacés et des noix., Valeur énergétique en Joules :  970kj, Valeur énergétique en Kcal : 227Kcal, Glucides : 34g, Lipides : 6g, Protides :7g, A conserver entre 0°C et 4°C.]|"
11,20€ / Kg"|"
2,80 €"
1041|Fettuccini, oeufs frais|la barquette de 350g|"[Origine : FRANCE, Des fettuccini fermes & fondantes aux bons oeufs frais qui régaleront toute la famille !                                                            Mention ""Lustucru fabrique en France"", Plongez directement vos fettuccini dans l'eau bouillante salée. Baissez à feu doux et faites cuire, sans bouillir, 3 min en remuant de temps en temps., Semoule de BLE dur de qualité supérieure, eau, OEUF frais 10,3% (soit 140g d'oeufs/kg de semoule), sel., Valeur énergétique en Joules :  1143, Valeur énergétique en Kcal : 270, Glucides : 51, Lipides : 1,9, Protides :10, à conserver au frais entre 0  et +4 C]"|"
6,46€ / Kg"|"
2,26 €"
1042|Frites fraîches|Le paquet de 750g|[Origine : FRANCE]|"
5,32€ / Kg"|"
3,99 €"
1043|Gnocchi à poêler|Le sachet de 305g|[Origine : FRANCE, Laissez-vous tenter par les Gnocchi à poêler de Lustucru Sélection : des Gnocchi à la fois savoureux et faciles à préparer ! Leur recette unique les rend délicieusement croustillants à l'extérieur et moelleux à l'intérieur !, 2/3 assiettes. A déguster en plat principal ou en accompagnement. Etape 1 (à la poêle 2 minutes sans couvercle) : faire fondre une noix de beurre dans une poêle antiadhésive. Saisir les gnocchi à feu vif tout en les remuant pour un résultat croustillant à l'extérieur. Etape 2 (à la poêle 3 minutes avec couvercle) : couvrir ensuite les gnocchi pour les rendre moelleux à l'intérieur. Laisser cuire à feu doux sans oublier de retourner de temps en temps. Servir aussitôt., Flocons de pomme de terre réhydratés (lait) 60%, semoule de blé dur, huile de colza, sel, farine de blé.                                                      Peut contenir des traces de lait et d'oeufs., Valeur énergétique en Joules :  771kj, Valeur énergétique en Kcal : 183kcal, Glucides : 33g, Lipides : 2,7g, Protides :5g, A conserver entre 0°C et +4°C.]|"
6,75€ / Kg"|"
2,06 €"
1044|Gnocchi à poêler|Le sachet de 500g|[Origine : FRANCE, Laissez-vous tenter par les Gnocchi à Poêler de Lustucru Sélection : des gnocchi à la fois savoureux et faciles à préparer !Leur recette unique les rend délicieusement croustillants à l'extérieur et moelleux à l'intérieur !, - ETAPE 1 : 2 min SANS couvercle : Faire fondre une noix de beurre dans une poêle anti-adhésive. Saisir les gnocchi à feu vif tout en les remuant pour un résultat croustillant à l'extérieur., Flocons de pomme de terre réhydratées 60%, semoule de blé dur de qualité supérieure, huile de colza, farine de blé. Peut contenir des traces de lait et d'oeufs., Valeur énergétique en Kcal : 183kcal, Glucides : 33g, Protides :5g, A conserver entre 0° et +4°C. Conditionné sous atmosphère protectrice.]|"
6,24€ / Kg"|"
3,12 €"
1045|Gnocchi aux pommes de terre|Le sachet de 650g|[Origine : FRANCE, Des gnocchi moelleux au bon goût de pomme de terre qui séduiront petits et grands !, 5-6 personnes. Plongez directement vos gnocchi dans l'eau bouillante salée. A reprise de l'ébullition, faites cuire 2 min pour des gnocchi moelleux., Flocons de pomme de terre réhydratés (lait) 60%, semoule de blé dur, huile de colza, sel, farine de blé.                                                      Peut contenir des traces de lait et d'oeufs., Valeur énergétique en Joules :  740kj, Valeur énergétique en Kcal : 183kcal, Glucides : 33g, Lipides : 0,7g, Protides :5g, A conserver entre 0 et +4°C. Conditionné sous atmosphère protectrice.]|"
5,23€ / Kg"|"
3,40 €"
1046|Gnocchi balls à poêler, sans conservateur|Le sachet de 300g|[Origine : FRANCE, Laissez-vous tenter par les Gnocchi Balls à Poêler Lustucru Sélection : des billes de gnocchi à poêler croustillantes et moelleuses pour varier les plaisirs et toujours aussi faciles à préparer !, Pour des Gnocchi Balls croustillants et moelleux !u à l'apéritif sur des pics e- ETAPE 1 : 2 min SANS couvercle : Faire fondre une noix de beurre dans une poêle anti-adhésive. Saisir les gnocchi balls à feu vif tout en les remuant pour un résultat croustillant à l'extérieur.                                        - ETAPE 2 : 3 min AVEC couvercle : Couvrir ensuite les gnocchi balls pour les rendre moelleux à l'intérieur. Laisser cuire à feux doux sans oublier de retourner de temps en temps. Servir aussitôt., Flocons de pommes de terre déshydratés (60%), semoule de blé dur de qualité supérieure, huile de colza, sel, farine de blé., Valeur énergétique en Joules :  771kj, Valeur énergétique en Kcal : 183kcal, Glucides : 33g, Lipides : 2,7g, Protides :5g, A conserver entre 0°C et +4°C.]|"
7,67€ / Kg"|"
2,30 €"
1047|Gnocchi pommes de terre|Le sachet de 380g|[Origine : FRANCE, Des gnocchi moelleux au bon goût de pomme de terre qui séduiront petits et et grands !, Plongez les Gnocchi dans 2,5 litres d'eau bouillante salée. Remuez délicatement et laissez cuire 2 minutes. Egouttez et accommodez à votre goût., Flocons de pomme de terre réhydratés (lait) 60%, semoule de blé dur, huile de colza, sel, farine de blé.                                                      Peut contenir des traces de lait et d'oeufs., Valeur énergétique en Kcal : 183kcal, Glucides : 33g, Protides :5g, A conserver entre 0°C et +4°C. Conditionné sous atmosphère protectrice.]|"
5,95€ / Kg"|"
2,26 €"
1048|Mini quenelles natures, à poêler|Le paquet de 250g|[Origine : FRANCE, Laissez-vous tenter par les Mini Quenelles à Poêler Nature Lustucru Sélection pour un plaisir extra fondant !, Pour des Mini Quenelles à Poêler PARFAITES !                                                                                                                 ETAPE 1 : 2 min SANS couvercle : Faire fondre une noix de beurre dans une poêle anti-adhésive. Saisir les Mini Quenelles à feu vif tout en les remuant jusqu'à ce qu'elles soient bien dorées.                                               ETAPE 2 : 3 min AVEC couvercle : Couvrir ensuite les Mini Quenelles pour les faire gonfler. Laisser cuireà feux doux sans oublier de retourner de temps en temps. Servir aussitôt., Oeufs frais entiers 27%, eau, farine de blé, huile de tournesol ou de colza, lactose et protéines de lait, sel, semoule de blé dur, arôme, lait écrémé en poudre, extraits d'épices.Produit fabriqué dans un atelier utilisant du poisson et des crustacés.                                                                                       Sans colorant*, sans conservateur*                                             *Conformément à la réglementation, Valeur énergétique en Joules :  1148Kj, Valeur énergétique en Kcal : 252Kcal, Glucides : 19g, Lipides : 20g, Protides :5,7g, A conserver entre 0°C et + 4°C. Conditionné sous atmosphère protectrice.]|"
9,56€ / Kg"|"
2,39 €"
1049|Pommes de terre noisettes à poêler|Le sachet de 300g|[Origine : FRANCE, Des noisettes de pomme de terre garanties sans huile de palme pour révéler leur saveur !, 2/3 personnes. Pour des noisettes fondantes et croustillantes : étape 1 : mettre un peu d'huile dans une poêle anti-adhésive, saisir les noisettes à feu vif (2 minutes) tout en remuant pour bien les dorer. Etape 2 : baisser l'intensité à feu moyen etlaisser dorer les noisettes (3-4 minutes) tout en les retournant de temps en temps. Servir bien chaud., Flocons de pomme de terre réhydratés 67%, semoule de blé dur de qualité supérieure 15%, oeufs frais 13%, huile végétale (tournesol ou colza), sel, farine de blé, arôme (lait). Sans conservateur., Valeur énergétique en Joules :  744kj, Valeur énergétique en Kcal : 177kcal, Glucides : 26g, Lipides : 6,2g, Protides :2,9g, A conserver entre 0°C et 4°C. Conditionné sous atmosphère protectrice.]|"
7,53€ / Kg"|"
2,26 €"
1050|Ravioles à poeler|Le sachet de 280g|[Origine : FRANCE, Découvrez la saveur raffinée des Ravioles à Poêler de Lustucru Sélection ! Des ravioles à la pâte dorée légèrement croustillante, et à la face fondante si savoureuse ! En apéritif ou accompagnées d'une salade, elles raviront vos papilles ! Faciles etrapides à préparer, faites-vous plaisir en toute simplicité !, 2/3 personnes. Faire chauffer une cuillère à soupe d'huile dans une poêle anti-adhésive. Verser le contenu de la barquette et faire dorer légèrement les Ravioles à feu moyen pendant 5 minutes en les retournant régulièrement. Servir aussitôt., Pâtes fraîches farcies cuites : (pâtes farcies (pâte 59% (semoule de blé dur, eau, oeufs frais), farce 41% (crème fraîche, fromages 34% (ricotta 20%, emmental 10%, fromage frais), persil 8%, flocon de pomme de terre, semoule de blé dur, huile de colza ou tournesol, arômes, sel, basilic, citron concentré, ciboulette, extrait d'épice, extrait de levure, échalote)), eau, crème uht, arôme, sel, émulsifiant : lécithine de soja). Produit fabriqué dans un atelier utilisant du poisson, des crustacés etdes fruits à coques., Valeur énergétique en Joules :  816kj, Valeur énergétique en Kcal : 194kcal, Glucides : 25g, Lipides : 7g, Protides :6,8g, A conserver entre 0°C et +4°C. Conditionné sous atmosphère protectrice.]|"
10,68€ / Kg"|"
2,99 €"
1051|Ravioli aux oeufs frais, 4 fromages|La barquette de 300g|[Origine : FRANCE, Des ravioli fondants au bon goût de fromage à déguster en toute simplicité pour le plus grand plaisir de toute la famille !, - Plongez vos ravioli dans l'eau bouillante salée.                            - Baissez alors à feu moyen et faites cuire dans l'eau frémissante pendant 3 min, en remuant de temps en temps., Pâte (50%) : semoule de blé dur de qualité supérieure, eau, oeufs frais 10,3% (soit 140g d'oeufs frais/kg de semoule). Farce (50%) : ricotta 21%, fromage frais 20%, crème fraîche, semoule de blé dur, flocons de pomme de terre, emmental fondu 7% (emmental, fromages, protéines de lait, épaississant E1412, beurre, sel), fromage à pâte dure râpée 7%, riz cuit, lactose et protéines de lait, arômes, huile végétale (tournesol ou colza), persil 1%, sel, amidon transformé, extraits de levure, extrait d'épice. Produit dans un atelier utilisant du poisson, des crustacés et des noix., Valeur énergétique en Joules :  1101, Valeur énergétique en Kcal : 245kcal, Glucides : 34g, Lipides : 7,1g, Protides :11g, A conserver entre 0°C et +4°C. Conditionné sous atmosphère protectrice.]|"
9,63€ / Kg"|"
2,89 €"
1052|Ravioli aux oeufs frais, jambon|La barquette de 300g|"[Origine : FRANCE, Des ravioli fondants associés à une farce savoureuse à déguster en toute simplicité pour le plus grand plaisir de toute la famille !                                                                                          Mention ""Qualité Jambon de Paris garantie"", - Plongez vos ravioli dans l'eau bouillante salée.                            - Baissez alors à feu moyen et faites cuire dans l'eau frémissante pendant 3 minutes, en remuant de temps en temps., Pâte (50%) : semoule de blé dur de qualité supérieure, eau, oeufs frais 7%.    Farce (50%) : Jambon cuit de Paris de qualité supérieure 24% (jambon de porc, arôme), semoule de blé dur, fromage frais, riz cuit, eau, huile de colza ou tournesol, lardons de porc fumés cuits, crème fraîche 5%, flocons de pomme de terre, arômes, oignons, sucre, extraits d'épices, sel, extraits de levure.                                                                                         Produit dans un atelier utilisant du poisson, des crustacés et des noix., Valeur énergétique en Joules :  1039, Valeur énergétique en Kcal : 240kcal, Glucides : 36g, Lipides : 5,9g, Protides :10g, A conserver entre 0 et +4°C.]"|"
8,50€ / Kg"|"
2,55 €"
1053|Pizza au speck et mozzarella, cuite au feu de bois|Le paquet de 400g|[Origine : FRANCE, Valeur énergétique en Joules :  2135g, Valeur énergétique en Kcal : 509kcal, Glucides : 60g, Lipides : 19g, Protides :22g]|"
13,53€ / Kg"|"
5,41 €"
1054|Pizza aux légumes grillés, cuite au feu de bois|Le paquet de 435g|[Origine : ITALIE, Monoprix Gourmet a sélectionné pour vous une gamme de pizza fabriquée en Italie., Préchauffez votre four pendant 10 minutes à 220°C (th. 7). Retirez le film de la pizza et placez-la dans le four sans son support carton. Laissez cuire la pizza sur une grille à mi-hauteur pendant 8 à 10 minutes, jusqu'à l'obtention d'une pâte légèrement dorée., Garniture 55% : sauce tomate 29% (purée de tomate, pulpe de tomate, huile d'olive vierge extra, basilic, oignon, sel, aromates, origan), mozzarella 20%, courgettes grillées 15%, aubergines grillées 15%, artichauts assaisonnés 8,3% (artichauts 7,8%, huile de tournesol, sel, arômes naturels, persil, ail, oignon, antioxydant : ascorbate de sodium, acidifiant : acide citrique), poivrons jaunes grillés 4,6%, poivrons rouges grillés 4,6%, huile de tournesol, sel, ail. Pâte 45% : farine de blé, eau, huile de tournesol, levure, sel. Traces de soja., Valeur énergétique en Joules :  1763kj, Valeur énergétique en Kcal : 419kcal, Glucides : 62g, Lipides : 11g, Protides :15g, A conserver entre 0°C et 4°C. Ne pas congeler. Conditionné sous atmosphère protectrice.]|"
12,18€ / Kg"|"
5,30 €"
1055|Pizza quatre fromages, cuite au feu de bois|Le paquet de 400g|[Origine : FRANCE, Valeur énergétique en Joules :  2185kj, Valeur énergétique en Kcal : 520kcal, Glucides : 59g, Lipides : 20g, Protides :24g]|"
13,78€ / Kg"|"
5,51 €"
1056|Quiche lorraine, pâte pur beurre|La boite de 400g|[Origine : FRANCE, Valeur énergétique en Joules :  983kj, Valeur énergétique en Kcal : 235kcal, Glucides : 21g, Lipides : 13g, Protides :8,5g]|"
7,45€ / Kg"|"
2,98 €"
1057|Quiches Lorraines, pâte pur beurre|La barquette de 2 pièces, 260g|[Origine : FRANCE, Valeur énergétique en Joules :  1464kj, Valeur énergétique en Kcal : 351kcal, Glucides : 26g, Lipides : 22g, Protides :11g]|"
9,46€ / Kg"|"
2,46 €"
1058|Tarte au fromage de chèvre et aux épinards, pâte feuilleté|Le paquet de 350g|[Origine : FRANCE, Valeur énergétique en Joules :  994kj, Valeur énergétique en Kcal : 238kcal, Glucides : 26g, Lipides : 16g, Protides :7g]|"
10,71€ / Kg"|"
3,75 €"
1059|Tarte aux poireaux, pâte pur beurre|La boite de 350g|[Origine : FRANCE, Valeur énergétique en Joules :  871kj, Valeur énergétique en Kcal : 208kcal, Glucides : 23g, Lipides : 14g, Protides :5,9g]|"
10,17€ / Kg"|"
3,56 €"
1060|Tartes aux fromages, pâte pur beurre|La barquette de 2 pièces, 260g|[Origine : FRANCE, Valeur énergétique en Joules :  1507kj, Valeur énergétique en Kcal : 362kcal, Glucides : 23g, Lipides : 23g, Protides :14g]|"
9,85€ / Kg"|"
2,56 €"
1061|Piccante, véritable pizza napolitaine étirée à la main cuite sur la pierre au feu de bois|La boîte de 400g|[Origine : ITALIE, Chez Antico Forno, nous cuisons encore nos pizzas selon les anciennes règles de l'association véritable pizza napolitaine. Naturellement pour nos pizzas on n'utilise que des vraies tomates italiennes et que de la vraie mozzarella ! Vous allez faire la différence., Farine de bli tendre, sauce tomate 19% (pulpe de tomate, huile d'olive, sel, ipices, oignons, conservateur. E202), mozzarella 16% (lait, sel, prisure, acidifiant : acide citrique), eau speck 10% (cuisse de porc, sel, dextrose, sucre, ipices, artmes naturels, antioxidant : E301, conservateurs : E250 - E251), salami piquant 7% (viande de porc, sel dextrose, sucre, artmes naturels, ipices, antioxidant : E300, conservateurs : E250- E252) farine de bli dur, huile d'olive, sel, levure naturelle., Valeur énergétique en Joules :  954kj, Valeur énergétique en Kcal : 227kcal, Glucides : 28,7g, Lipides : 7,3g, Protides :11,5g]|"
13,90€ / Kg"|"
5,56 €"
1062|Quiche lorraine, à la crème fraîche légère|La boîte de 400g|[Origine : FRANCE, De bonnes recettes, que tout le monde aime !, 2 personnes. Simple à préparer. Préchauffage : préchauffez votre four th 6/7 (210°C) pendant 10 minutes. Démoulage : retirez le moule en aluminium, pour une meilleure cuisson de la pâte. Cuisson au four : placez la tarte sur une grille à mi-hauteur,laissez chauffer 20 minutes. Evitez l'utilisation du four micro-ondes car il entraîne un ramollissement de la pâte., Pâte brisée 33% : farine de blé, margarine végétale (huiles de palme et de tournesol non hydrogénées, eau, sel, émulsifiant : E471, correcteurs d'acidité : acide citrique et E331), eau, fibre de chicorée, dextrose de blé, sel, agent de traitement dela farine : L cystéine. Garniture 67% : eau, oeufs frais, jambon 10,5% (jambon de porc, sel, dextrose, sucre, arômes naturels, conservateurs : E316, E250), fromage frais, blanc d'oeuf, lardons fumés 6,5% (poitrine de porc, eau, sel, acidifiant : E325, dextrose, antioxygène : E316, conservateur : E250), crème fraîche, lait écrémé en poudre, emmental, amidon transformé, moutarde de Dijon 1,5% (eau, graines de moutarde, vinaigre d'alcool, sel, antioxygène : disulfite de potassium, acidifiant : acide citrique), arômes naturels, fécule de pommes de terre (pourcentages exprimés sur la garniture). Fabriqué dans un atelier qui utilise : poisson, crustacés, mollusques, céleri. Sans colorant. Sans arôme artificiel., Valeur énergétique en Joules :  1123, Valeur énergétique en Kcal : 268,3, Glucides : 21,8, Lipides : 16,3, Protides :8,8, Conservation entre 0 et +4°c maximum. Conditionné sous atmosphère protectrice.]|"
9,03€ / Kg"|"
3,61 €"
1063|Tarte aux noix de St Jacques au Noilly|La boîte de 350g|[Origine : FRANCE, Au four : préchauffez votre four à 210°C (th6/7) pendant 10 min. Retirez le moule en aluminium pour une meilleur cuisson de la pâte. Placez la tarte sur une grille à mi-hauteur, laissez chauffer 20 min. Eviter l'utilisation du micro-ondes car il entraine un ramollissement de la pâte., Pâte feuilletée 38% : farine de blé, margarine végétale (huiles de palme et de colza, eau, sel, émulsifiants : E471, correcteur d'acidité : acide citrique), eau, fibre de chicorée, sel, agent de traitement de la farine : L cystéine. Garniture 62% : eau, noix de Saint Jacques (Zygochlamys patagonica d'Argentine) 15,5%, carottes 11%, oeufs frais, poivrons jaunes 8,5%, fromage blanc, crème fraîche, emmental, poireaux 2,5%, huile de colza, vermouth, amidon transformé,  grana padano, ail, persil, sel, arôme naturel (crustacés), poudre de tomate, fécule de pomme de terre, extrait d'épice. (pourcentages exprimés sur la garniture). Fabriqué dans un atelier qui utilise : poisson, moutarde, céleri., Valeur énergétique en Joules :  985Kj, Valeur énergétique en Kcal : 236Kcal, Glucides : 21,2g, Lipides : 12,8g, Protides :8,2g, Conservation entre 0 et +4°C maximum. Conditionné sous atmosphère protectrice.]|"
13,17€ / Kg"|"
4,61 €"
1064|Tarte aux tomates, au thym et à l'emmental|La boîte de 400g|[Origine : FRANCE, De bonnes recettes que tout le monde aime!, Préchauffage: préchauffez votre four thermostat 6-7 (210°C) pendant 10mn. Démoulage: retirez le moule en aluminium, pour une meilleure cuisson de la pâte. Cuisson au four: placez la tarte sur une grille à mi-hauteur, laissez chauffer 20mn. Evitez l'utilisation du four micro-ondes car il entraîne un ramollissement de la pâte., Pâte brisée 30%: farine de blé, margarine végétale (huile de palme et de tournesol non hydrogénées, eau, sel, émulsifiant: E471, correcteurs d'acidité: acide citrique et E331), eau, fibre de chicorée, dextrose, sel, agent de traitement de la farine:E920. Garniture 70%: tomates 25% (tomates pelées et jus de tomates, acidifiant: acide citrique), tomate cerise 20%, eau, fromage frais 8%, oignons, emmental fondu 3,5% (emmental 1,75%, fromages, beurre, poudre de lait écrémé, amidon transformé, selsde fonte: E331, E339, E452, sel, gélifiant: carraghénanes), oeufs frais, blanc d'oeuf, concentré de tomates, crème fraîche, jaune d'oeuf en poudre, ail, huile d'olive, flocons de pomme de terre (pommes de terre, émulsifiant: E471, stabilisant: E450,extrait d'épices, acidifiant: acide citrique), sucre, amidon transformé, thym 0,3%, arômes naturels, sel. (pourcentage exprimés sur la garniture). Fabriqué dans un atelier qui utilise: poisson, crustacés, mollusques, moutarde, céleri., Valeur énergétique en Joules :  873kj, Valeur énergétique en Kcal : 209kcal, Glucides : 20,8g, Lipides : 10,7g, Protides :6,4g, Ce produit doit être conservé entre 0°C et +4°C.]|"
10,28€ / Kg"|"
4,11 €"
1065|Pizza 4 Stagioni|La boîte de 400g|[Origine : FRANCE]|"
14,30€ / Kg"|"
5,72 €"
1066|Pizza au jambon et champignons de Paris|La pizza de 200g|[Origine : FRANCE, Préchauffez votre four. 6min (au four à chaleur tournante préchauffé à 200°C, th6-7) ou 9min (au four à chaleur traditionnelle préchauffé à 220°C th7-8) en ayant pris soin d'enlever le support sous la pizza., Garniture 62% : sauce tomate (purée de tomate, sucre, farine de blé, huile d'olive, sel, poudre d'oignon et d'ail, épices, extrait d'épices et d'aromates), jambon cuit (26%) (jambon de porc, sel, sirop de glucose, dextrose, stabilisant : E451, gélifiant : carraghénanes, conservateurs : nitrite de sodium et salpêtre, antioxygène : ascorbate de sodium, ferments), champignons de Paris (19%), emmental (15%), basilic et origan (pourcentages exprimés sur la garniture). Pâte (38%) : farine de blé, levain de pâte (pâte, ferments), eau, sucre, levure, sel, farine de blé malté. Ce produit contient du gluten et du lait., Valeur énergétique en Joules :  787kj, Valeur énergétique en Kcal : 187kcal, Glucides : 24,8g, Lipides : 5,4g, Protides :8,4g, A conserver entre 0°C et +4°C.]|"
9,00€ / Kg"|"
1,80 €"
1067|Pizza au jambon et l'emmental|La barquette de 220g|[Origine : FRANCE, 220 g de plaisir  et une pâte délicieusement fine., Préchauffez votre four. Sortez votre pizza de la barquette. Placez-la directement sur la grille à mi-hauteur. Four à chaleur tournante : 6 min à 200°C ou th 6/7. Four à chaleur traditionnelle : 9 min à 220°C ou th 7/8. L'usage du micro-ondes n'est pas recommandé pour le réchauffage de la pizza car il ne permet pas de restituer le croustillant de la pâte. La pizza sera cuite lorsque le fromage commencera à gratiner., Nos cuisiniers ont préparé pour vous cette pizza avec les ingrédients suivants : une garniture (65%) composée : de sauce tomate cuisinée dans nos ateliers : purée de tomate, eau, farine de blé, sel, huile d'olive vierge extra, de mozzarella en copeaux (26%) sélectionnée par nos soins, de jambon cuit aromatisé (26%) : jambon de porc, eau, lactose, sirop de glucose, sel, gélifiant : E407, arômes naturels (dont gluten), stabilisant : E451, conservateurs : E316, E250, ferments, d'emmental (6%), de fromage à pâte pressée cuite, de tomates marinées chez nous (6%) : tomates, huile de colza, sel, ail, thym, sucre, romarin, basilic, origan, poivre, de basilic et origan pour la petite touche finale. Une pâte à pain fabriquée chaque matin par nos boulangers (35%) : farine de blé, eau, huile d'olive vierge extra, levure boulangère, sel. Ce produit contient du gluten et du lait., Valeur énergétique en Joules :  885kj, Valeur énergétique en Kcal : 211kcal, Glucides : 22,3g, Lipides : 7g, Protides :13,3g, A conserver entre 0°C et +4°C. Conditionné sous atmosphère protectrice.]|"
15,68€ / Kg"|"
3,45 €"
1068|Pizza aux 3 fromages, mozzarella, emmental, bleu|La barquette de 220g|[Origine : FRANCE, 220 g de plaisir  et une pâte délicieusement fine., Préchauffez votre four. Sortez votre pizza de la barquette. Placez-la directement sur la grille à mi-hauteur. Four à chaleur tournante : 6 min à 200°C ou th 6/7. Four à chaleur traditionnelle : 9 min à 220°C ou th 7/8. L'usage du micro-ondes n'est pas recommandé pour le réchauffage de la pizza car il ne permet pas de restituer le croustillant de la pâte. La pizza sera cuite lorsque le fromage commencera à gratiner., Nos cuisiniers ont préparé pour vous cette pizza avec les ingrédients suivants : une garniture (65%) composée : de mozzarella en copeaux (29%) sélectionnée par nos soins, de sauce tomate cuisinée dans nos ateliers : purée de tomate, eau, farine de blé, sel, huile d'olive vierge extra, d'emmental (19%), de bleu (9%) et de fromage à pâte pressée cuite, de tomates marinées chez nous (6%) : tomates, huile de colza, sel, ail, thym, sucre, romarin, basilic, origan, poivre, de basilic et origan pour lapetite touche finale. Une pâte à pain fabriquée chaque matin par nos boulangers (35%) : farine de blé, eau, huile d'olive vierge extra, levure boulangère, sel. Ce produit contient du gluten et du lait., Valeur énergétique en Joules :  1131kj, Valeur énergétique en Kcal : 270kcal, Glucides : 22,1g, Lipides : 12,8g, Protides :15,4g, A conserver entre 0°C et +4°C. Conditionné sous atmosphère protectrice.]|"
15,68€ / Kg"|"
3,45 €"
1069|Pizza aux 4 fromages|La boîte de 380g|[Origine : FRANCE]|"
15,05€ / Kg"|"
5,72 €"
1070|Pizza aux 4 fromages|La part de 200G|[Origine : FRANCE, Garniture (62%) : 4 fromages [mozzarella 28%, gouda 28% (colorant : béta-carotène), fromage de chèvre 7%, fromage à raclette 7% (conservateur : E235)], sauce tomate (eau, concentré de tomate, vinaigre d'alcool, blanc d'oeuf en poudre, amidon de mais,sucre, farine de blé, fibre de carotte), basilic et origan. (% exprimés sur la garniture)  Pâte (38%) : farine de blé, eau, huile de colza, levure boulangère, sel, fibres végétales, émulsifiant : E471, lactosérum, épaississant : E461, ail.  Ne pas congeler ce produit., Valeur énergétique en Joules :  1193, Valeur énergétique en Kcal : 285, Glucides : 26,3, Lipides : 13,2, Protides :13,9, Ce produit est conditionné sous atmosphère protectrice.]|"
15,40€ / Kg"|"
3,08 €"
1071|Pizza aux lardons et chèvre affiné|La pièce de 200g|[Origine : FRANCE, Pâte à l'huile d'olive., Garniture 58% : sauce tomate à l'huile d'olive (purée de tomate, eau, farine de blé, sel, huile d'olive vierge extra), lardons cuits fumés standards 28% (poitrine de porc, eau, sel, sirop de glucose, dextrose, stabilisant : E451, arôme de fumée, lactose, conservateurs : E316, E250), emmental 16%, fromage de chèvre affin 14%, basilic et origan. Pourcentages exprimés sur la garniture. Pâte 42% : farine de blé, eau, huile d'olive vierge extra 2%, levure boulangère, sel. Pourcentages exprimés sur lapâte.]|"
8,85€ / Kg"|"
1,77 €"
1072|Pizza aux trois fromages fondants|La pizza de 200g|[Origine : FRANCE, Garniture 57%: fromages (mozzarella 24%, emmental 16%, cheddar fondu 12% (cheddar 51%, eau, amidon modifiÍ de pomme de terre, beurre, protÍines de lait, sels de fonte : E331, sel, colorant : extrait de paprika)), sauce tomate Å l'huile d'olive (purÍede tomate, eau, farine de blÍ, sel, huile d'olive vierge extra), basilic et origan. Pourcentages exprimÍs sur la garniture. PÇte 43%: farine de blÍ, eau, huile d'olive vierge extra 2%, levure boulangÈre, sel.Pourcentage exprimÍ sur la pÇte., Valeur énergétique en Joules :  1018kj, Valeur énergétique en Kcal : 242kcal, Glucides : 26,8g, Lipides : 9,2g, Protides :12,1g]|"
9,35€ / Kg"|"
1,87 €"
1073|Pizza bacon et chèvre|La barquette de 220g|[Origine : FRANCE, 220 g de plaisir  et une pâte délicieusement fine., Préchauffez votre four. Sortez votre pizza de la barquette. Placez-la directement sur la grille à mi-hauteur. Four à chaleur tournante : 6 min à 200°C ou th 6/7. Four à chaleur traditionnelle : 9 min à 220°C ou th 7/8. L'usage du micro-ondes n'est pas recommandé pour le réchauffage de la pizza car il ne permet pas de restituer le croustillant de la pâte. La pizza sera cuite lorsque le fromage commencera à gratiner., Nos cuisiniers ont préparé pour vous cette pizza avec les ingrédients suivants : une garniture (65%) composée : de mozzarella en copeaux (35%) sélectionnée par nos soins, de sauce tomate cuisinée dans nos ateliers : purée de tomate, eau, farine de blé, sel, huile d'olive vierge extra, de bacon cuit fumé (19%) : jambon de porc, eau, sel, dextrose, lactose, stabilisant : E451, arôme de fumée, conservateurs : E250, E316, de fromage de chèvre (9%), de tomates marinées chez nous (6%) : tomates, huilede colza, sel, ail, thym, sucre, romarin, basilic, origan, poivre, de basilic et origan pour la petite touche finale. Une pâte à pain fabriquée chaque matin par nos boulangers (35%) : farine de blé, eau, huile d'olive vierge extra, levure boulangère, sel. Ce produit contient du gluten et du lait., Valeur énergétique en Joules :  882kj, Valeur énergétique en Kcal : 210kcal, Glucides : 24g, Lipides : 6g, Protides :13,6g, A conserver entre 0°C et +4°C. Conditionné sous atmosphère protectrice.]|"
15,68€ / Kg"|"
3,45 €"
1074|Pizza Campanella|La boîte de 380g|[Origine : FRANCE]|"
14,87€ / Kg"|"
5,65 €"
1075|Pizza jambon emmental|La part de 200g|[Origine : FRANCE, Garniture (62%) : jambon cuit (52%) (jambon de porc, eau, sel, sirop de glucose, dextrose, stabilisant : E451, gélifiant : E407, lactose, arome naturel de porc, bouillon de porc, conservateurs : E250, E316, ferments), sauce tomate (eau, concentré detomate, vinaigre d'alcool, blanc d'oeuf en poudre, amidon de mais, sucre, farine de blé, fibre de carotte), emmental (18%), basilic et origan. (% exprimés sur la garniture)  Pâte (38%) : farine de blé, eau, huile de colza, levure boulangère, sel, fibres végétales, émulsifiant : E471, lactosérum, épaississant : E461, ail., Valeur énergétique en Joules :  936, Valeur énergétique en Kcal : 223, Glucides : 25,9, Lipides : 7,4, Protides :11,8, Ce produit est conditionné sous atmosphère protectrice.]|"
15,40€ / Kg"|"
3,08 €"
1076|Pizza jambon et fromages|La pizza de 200g|[Origine : FRANCE, Garniture 57%: sauce tomate Å huile d'olive (purÍe de tomate, eau, farine de blÍ, sel, huile d'olive vierge extra), jambon cuit, 28% (jambon de porc, eau, sel, lactose, dextrose, stabilisant : E451, gÍlifiant : E407, bouillon de porc, ar«me naturel de porc, sirop de glucose, conservateurs : E250, E316, ferments), fromages (emmental 16%, gouda 12% (colorant:bÍta-carotÈne)), basilic et origan. Pourcentages exprimÍs sur la garniture. PÇte 43% : farine de blÍ, eau, huile d'olive vierge extra 2%, levure boulangÈre, sel. Pourcentage exprimÍ sur la pÇte., Valeur énergétique en Joules :  1004kj, Valeur énergétique en Kcal : 239kcal, Glucides : 26,7g, Lipides : 9,1g, Protides :1,5g]|"
8,95€ / Kg"|"
1,79 €"
1077|Pizza Prosciutto|La boîte de 400g|[Origine : FRANCE]|"
12,73€ / Kg"|"
5,09 €"
1080|Flammkueche, tarte flambée d'Alsace|La tarte de 180g|[Origine : FRANCE, Derrière ce nom un peu compliqué se cache une recette des plus simples, mais vraiment savoureuse !Conviviale en toute occasion., Au four : préchauffez votre four à 250°C. Sortez votre flammekueche de son emballage. Déposez-la directement sur la grille ou sur la plaque chaude de votre four. Faire cuire 8 à 10 min jusqu'à ce qu'elle soit dorée. Au barbecue, pour un résultat encore plus croustillant : déposez la flammekueche directement sur la grille du barbecue et faites-la cuire environ 5 min., Garniture 59% : fromage blanc 42%, lardons fumés 21% (poitrine de porc, eau, sel, dextrose, épices, arômes naturels, arôme de fumée, antioxydants : extraits de romarin, ascorbate de sodium, conservateur : nitrite de sodium), oignons 17%, crème fraîche 17%, huile de colza, sel, amidon modifié, épaississants : gomme xanthane, gomme guar, arômes naturels. Pâte 41% : farine de blé, eau, huile de tournesol, sel. Conditionné sous atmosphère protectrice., A conserver entre 0 et +4°C]|"
11,94€ / Kg"|"
2,15 €"
1081|Flammkueche, tarte flambée d'Alsace|La tarte de 350g|[Origine : FRANCE, Crémeuse à souhait grâce à son fromage blanc, si légère grâce à sa pâte fine. Gourmande et simple à la fois. Conviviale, en toute occasion., Au four, barbecue, en plat en entrée & apéritif. Au four : préchauffez votre four à 250°C. Sortez la flammekueche de son emballage. Déposez-là directement sur la grille ou sur la plaque chaude de votre four. Faites cuire 8 à 10 minutes jusqu'à ce qu'elle soit dorée. Au barbecue, pour un résultat plus croustillant ! Déposez la flammekueche directement sur la grille du barbecue et faites-la cuire environ 5 minutes., Garniture 56% : fromage blanc 43%, lardons fumés 23% (poitrine de porc, eau, sel, dextrose, épices, arômes naturels, arôme de fumée, antioxydant : extrait de romarin, ascorbate de sodium, conservateur : nitrite de sodium), crème fraîche 17%, oignons14%, huile de Colza, jaune d'oeuf, sel, amidon modifié, épaississants : gomme xanthane, gomme guar, arômes naturels. Pâte 44% : farine de blé, eau, huile de tournesol, sel., A conserver entre 0 et +4°C. Conditionné sous atmosphère protectrice.]|"
10,74€ / Kg"|"
3,76 €"
1082|Flammkueche, tarte flambée d'Alsace|La tarte de 350g|[Origine : FRANCE, La Flammekueche est, pour nous Alsaciens, ce que la pizza est aux Napolitains.Crémeuse à souhait grâce à son fromage blanc, si légère grâce à sa pate fine, c'est un véritable délice qu'on peut manger avec ses doigts après avoir roulé sa part. Goûtez-la, elle vous étonnera et les Napolitains n'auront qu'à bien se tenir !, Au four : préchauffez votre four à 250°C. Sortez la Flammekueche de son emballage. Déposez-la directement sur la grille ou sur la plaque chaude de votre four. Faites cuire 8 à 10 min jusqu'à ce qu'elle soit dorée. Au barbecue, pour un résultat encoreplus croustillant ! Déposez la Flammekueche directement sur la grille du barbecue et faites-la cuire environ 5 min., Garniture (58%) : fromage blanc 38%, emmental 18%, crème fraîche 15%, lardons fumés 13% (poitrine de porc, eau, sel, dextrose, épices, arômes naturels, arôme de fumée, antioxydants : extraits de romarin, ascorbate de sodium, conservateur : nitrite desodium), oignons 13%, huile de colza, sel, amidon modifié, épaississants : gomme xanthane, gomme guar, arômes naturels. Pâte (42%) : farine de blé, eau, huile de tournesol, sel., A conserver entre 0 et +4°C. Conditionné sous atmosphère protectrice.]|"
11,03€ / Kg"|"
3,86 €"
1083|Flammkueche, tarte flambée d'Alsace, taille maxi|La tarte de 550g|[Origine : FRANCE, La Maxi, c'est le format généreux qu'on retrouve dans nos 'Winstubs', ces fameuses tavernes alsaciennes très conviviales où l'on se retrouve en famille ou entre amis autour d'une flammekueche., 2 à 6 personnes. Apéritif ou plat. Au four traditionnel : préchauffez-le au moins 15 minutes à 250°C. Retirez la Flammekueche de son support et glissez-la sur la grille chaude. Faite cuire 6 à 8 minutes à 250°C jusqu'à frémissement du centre. Attention : pour conserver le croustillant de la pâte, évitez le réchauffage au micro-ondes. Au barbecue, pour un résultat encore plus croustillant : déposez la Flammekueche directement sur la grille du barbecue et faites-la réchauffer environ 5 minutes., Garniture 56% : fromage blanc 35%, oignons 20%, crème fraîche 19%, lardons fumés 19% (poitrine de porc sans os, eau, sel, dextrose, arômes naturels, arôme de fumée, antioxydants : E392, E301, conservateur : E250, épices), huile de colza, sel, amidontransformé, épaississant : gomme guar. Pâte 44% : farine de blé, eau, sel, levain de seigle, émulsifiant : E471, farine de blé malté, agent de traitement de la farine : L-cystéine. Traces possibles de moutarde., A conserver entre 0 et +4°C.]|"
9,84€ / Kg"|"
5,41 €"
1084|Flammkueche aux lardons, oignons et emmental|Le paquet de 180g|[Origine : FRANCE, Avec Stoeffler, découvrez la version 'gratinée' de la traditionnelle Flammkueche : une pâte fine et croustillante nappée d'un onctueux mélange de fromage blanc et de crème fraîche, de fins lardons fumés, quelques oignons et une couche généreuse d'emmental. Une autre recette incontournable des Winstubs, ces fameuses tavernes alsaciennes., Garniture (60 %) : fromage blanc 36 %, lardons fumÍs 21 % (poitrine de porc, eau, sel, dextrose, Ípices, ar«mes naturels, ar«me de fumÍe, antioxydants : extraits de romarin, ascorbate de sodium, conservateur : nitrite de sodium), oignons 16 %, crÈmefraÓche 15 %, emmental 10 %, huile de colza, sel, amidon modifiÍ, Ípaississants : gomme xanthane, gomme guar, ar«mes naturels. PÇte (40 %) : farine de blÍ, eau, huile de tournesol, sel. PrÍsence de gluten et de lait., Valeur énergétique en Joules :  1068, Valeur énergétique en Kcal : 255, Glucides : 27.3, Lipides : 11.7, Protides :9.1]|"
13,33€ / Kg"|"
2,40 €"
1085|Quiche Lorraine sans pâte|La barquette de 135g|[Origine : FRANCE, 5,6% Mat. Gr.Des produits savoureux au quotidien. Les produits Weight Watchers ont été spécialement conçus pour vous aider à faire de meilleurs choix alimentaires. Vous gardez la plaisir de manger des produits savoureux, variés et gourmands, de l'entrée au dessert, quel que soit votre style de vie., Format individuel. Micro-ondes : 1min30 : retirer la tarte de son emballage, la démouler puis réchauffer la tarte pendant 1min30 à 900 watts (à adapter selon la puissance du micro-ondes). Au four traditionnel : 15 min : retirer la tarte de son emballage, la démouler puis réchauffer la tarte sur une plaque pendant 15 min dans un four préchauffé à 200°C., Eau, blanc d'oeuf, jambon supérieur fumé 11,5% (jambon de porc, sel, dextrose, sucre, arômes naturels, conservateurs : E316-E250), fromage frais 8%, oeufs frais, emmenthal, lait écrémé en poudre, lardons fumés 3% (poitrine de porc, eau, sel, acidifiant : E325, dextrose, antioxygène : E316, conservateur : E250), flocons de pomme de terre (pommes de terre, émulsifiant : E471, stabilisant : E450, extrait d'épices, acidifiant : acide citrique), amidon transformé, semoule de blé dur, fécule de pommede terre, arômes naturels. Fabriqué dans un atelier qui utilise : poisson, crustacés, mollusques, moutarde, céleri., Valeur énergétique en Joules :  583Kj, Valeur énergétique en Kcal : 139Kcal, Glucides : 10,7g, Lipides : 3,4g, Protides :11,4g, A conserver entre 0 et +4°C.]|"
18,67€ / Kg"|"
2,52 €"
1086|Tarte chèvre et épinard, sans pâtes|La boîte de 135g|[Origine : FRANCE, Des produits savoureux au quotidien. Les produits Weight Watchers ont été spécialement conçus pour vous aider à faire de meilleurs choix alimentaires.Vous garder le plaisir de manger des produits savoureux, variés et gourmands, de l'entrée au dessert, quel que soit votre style de vie., Micro-ondes : retirer la tarte de son emballage, la démouler puis réchauffer la tarte pendant 1min30 à 900 watts (à adapter selon la puissance du micro-ondes). Au four : Retirer la tarte de son emballage, la démouler puis réchauffer la tarte sur uneplaque pendant 15 minutes dans un four préchauffé à 200°C., Eau, blanc d'oeuf, épinards 13,5%, fromage de chèvre 10%, fromage blanc, crème fraiche, oeufs frais, flocons de pomme de terre (pommes de terre, émulsifiant : E471, stabilisant : E450, extrait d'épices, acidifiant : acide citrique), fibre de chicorée, lait écrémé en poudre, semoule de blé dur, amidon transformé, sel, ail, poudre à lever : E450 et E500, amidon de blé, épaississant : gomme xanthane, extrait de levure, épices (contient moutarde), arôme naturel. Fabriqué dans un atelier qui utilise: poisson, crustacés, mollusque, céleri., Valeur énergétique en Joules :  639kj, Valeur énergétique en Kcal : 152kcal, Glucides : 15,4g, Lipides : 6,6g, Protides :7,8g, A conserver entre 0°C et +4°C. Conditionné sous atmosphère protectrice.]|"
18,67€ / Kg"|"
2,52 €"
1087|Tarte courgettes & tomates, mozzarella|La boite de 135g|[Origine : FRANCE, Les produits Weight Watchers ont été spécialement conçus pour vous aider à faire de meilleurs choix alimentaires. Vous gardez le plaisir de manger des produits savoureux et variés., Micro-ondes : retirer la tarte de son emballage, la démouler puis réchauffer la tarte pendant 1min30 à 900 watts. Au four : retirer la tarte de son emballage, la démouler puis réchauffer la tarte sur une plaque pendant 15 min dans un four préchaufféà 200°C., Eau, courgettes 15,5%, blanc d'oeuf, fromage blanc, oeufs frais, oignons, fibre de chicorée, flocons de pommes de terre (pommes de terre, émulsifiant : E471, stabilisant : E450, extrait d'épices, acidifiant : acide citrique), tomates 3% (tomates pelées et jus de tomates), concentré de tomates 3%, semoule de blé dur, mozzarella 3%, crème fraîche, lait écrémé en poudre, amidon transformé, huile de colza, ail, moutarde de Dijon (eau, graines de moutarde, vinaigre d'alcool, sel, conservateur : disulfite de potassium, acidifiant : acide citrique), sel, vinaigre de Xérès, thym, extrait d'épice, épaississant : gomme xanthane. Fabriqué dans un atelier qui utilise : poisson, crustacés, mollusques, céleri., Valeur énergétique en Joules :  542kj, Valeur énergétique en Kcal : 129kcal, Glucides : 14,7g, Lipides : 4,2g, Protides :6,4g, A conserver jusqu'à 4°C. Conditionné sous atmosphère protectrice.]|"
17,41€ / Kg"|"
2,35 €"
1088|Knacks, saucisses supérieures de Strasbourg, pur porc|Les 10 pieces, 350g|[Origine : FRANCE, Saucisses de Strasbourg sans polyphosphates., Au bain-marie : plongez les knacks sans leur sachet durant 3 minutes dans l'eau frémissante., Viande de porc 74%, eau, plasma de porc, sel, dextrose, protéines de lait, lactose, arômes, antioxydant : ascorbate de sodium, colorants : extrait de paprika, carmin, conservateur : nitrite de sodium. Fumage au bois de hêtre. Traces d'oeuf et de moutarde., Valeur énergétique en Joules :  1209kj, Valeur énergétique en Kcal : 292kcal, Glucides : 1,5g, Lipides : 26g, Protides :13g, A conserver entre 0°C et +4°C. A consommer rapidement après ouverture.]|"
4,80€ / Kg"|"
1,68 €"
1089|Knacks, saucisses supérieures de Strasbourg, pur porc|Les 4 saucisses, 140g|[Origine : FRANCE, Saucisses de Strasbourg sans polyphosphates., Au bain-marie : plongez les knacks sans leur sachet durant 3 minutes dans l'eau frémissante., Viande de porc 74%, eau, plasma de porc, sel, dextrose, protéines de lait, lactose, arômes, antioxydant : ascorbate de sodium, colorants : extrait de paprika, carmin, conservateur : nitrite de sodium. Fumage au bois de hêtre. Traces d'oeuf et de moutarde., Valeur énergétique en Joules :  1209kj, Valeur énergétique en Kcal : 292kcal, Glucides : 1,5g, Lipides : 26g, Protides :13g, Conserver entre 0°C et +4°C. A consommer rapidement après ouverture.]|"
6,71€ / Kg"|"
0,94 €"
1090|Knacks, saucisses supérieures de Strasbourg, pur porc|Les 6 saucisses, 210g|[Origine : FRANCE, Saucisses de Strasbourg sans polyphosphates., Au bain-marie : plonger les knacks sans leurs sachet durant 3 minutes dans l'eau frémissante., Viande de porc 74%, eau, plasma de porc, sel, dextrose, protéines de lait, lactose, arômes, antioxydant : ascorbate de sodium, colorants : extrait de paprika, carmin, conservateur : nitrite de sodium. Fumage au bois de hêtre. Traces d'oeuf et de moutarde., Valeur énergétique en Joules :  1209kj, Valeur énergétique en Kcal : 292kcal, Glucides : 1,5g, Lipides : 26g, Protides :13g, Conserver entre 0°C et +4°C. A consommer rapidement après ouverture.]|"
6,33€ / Kg"|"
1,33 €"
1091|Mini knacks, saucisses supérieures de Strasbourg, pur porc|Le pot de 200g|[Origine : FRANCE, Les mini knacks peuvent se consommer chaudes ou froides. Au micro-ondes (à privilégier) : percez le film transparent, mettez 30 s au micro-ondes, secouez et remettez à nouveau 30 s au micro-ondes (pour un four ayant une puissance restituée de 850 Watts). A la casserole : plongez les saucisses 4 min. dans l'eau frémissante.  Micro-ondes. Casserole., Valeur énergétique en Joules :  1195kj, Valeur énergétique en Kcal : 289kcal, Glucides : 1,9g, Lipides : 25g, Protides :14g, A conserver entre 0°C et +4°C.]|"
9,85€ / Kg"|"
1,97 €"
1092|Saucisse de Morteau fumée et cuite|Le sachet de 250g|[Origine : FRANCE, Monoprix Gourmet a sélectionné pour vous cet incontournable de la gastronomie française fabriquée dans le Doubs, cette saucisse est exclusivement à base de viande de porc 100% origine France. Le fumage se fait encore en 'tuyé', ces grandes cheminéestypiques des fermes Franc-comtoises qui servaient autrefois de réserve à viande. Dégustez la chaude accompagnée de salade ou de pommes de terre., Retirez l'emballage. Plongez la saucisse dans l'eau frémissante pendant 15 min ou 3 min au four à micro-ondes., Viande de porc, sel, sucre, dextrose de blé, poivre, conservateur : nitrite de sodium. Boyau naturel de porc. Viande de porc origine France. 106,5g de viande de porc mis en oeuvre pour 100g de saucisse de Morteau., Valeur énergétique en Joules :  1345kj, Valeur énergétique en Kcal : 325kcal, Glucides : 0g, Lipides : 29g, Protides :16g, A conserver entre 0°C et +4°C.]|"
20,56€ / Kg"|"
5,14 €"
1093|Saucisses de Francfort|Les 4 saucisses, 240g|[Origine : FRANCE, Saucisses de Francfort qualité supérieure issues de l'agriculture biologique., Viande de porc*, sel, plasma de porc, épices* et plantes aromatiques*, conservateur: nitrite de sodium, boyau naturel de mouton. Fumage au bois de hêtre. *ingrédients issus de l'agriculture biologique., Sortez les saucisses de leur emballage et plongez-les 5 min dans de l'eau chaude mais non bouillante., A conserver entre 0°C et +4°C.]|"
17,13€ / Kg"|"
4,11 €"
1094|Saucisses de Francfort|Les 4 saucisses, 240g|[Origine : FRANCE, Saucisses de Francfort qualité supérieure issues de l'agriculture biologique., Viande de porc*, sel, plasma de porc, épices* et plantes aromatiques*, conservateur: nitrite de sodium, boyau naturel de mouton. Fumage au bois de hêtre. *ingrédients issus de l'agriculture biologique., Sortez les saucisses de leur emballage et plongez-les 5 min dans de l'eau chaude mais non bouillante., A conserver entre 0°C et +4°C.]|"
17,13€ / Kg"|"
4,11 €"
1095|Saucisses de Montbéliard, fumées et cuites|Le sachet de 250g|[Origine : FRANCE, Monoprix Gourmet a sélectionné pour vous cet incontournable de la gastronomie française fabriquée à Morteau (Doubs), cette saucisse est exclusivement à base de viande de porc 100% origine France. Finement épicée avec une pointe de poivre et de carvi,elle est fumée exclusivement au bois de résineux., Retirez vos saucisses de leur emballage. Plongez les saucisses dans l'eau frémissante sans les piquer pendant 10 min ou 3 min au four à micro-ondes., Viande de porc, sel, sucre, dextrose de blé, poivre 0,1%, carvi 0,1%, conservateur : nitrite de sodium. Boyau naturel de porc. Viande de porc origine France. 106g de viande de porc mis en oeuvre pour 100g de saucisse de Montbéliard., Valeur énergétique en Joules :  1207kj, Valeur énergétique en Kcal : 291kcal, Glucides : 0,6g, Lipides : 25,1g, Protides :16g, A conserver entre 0°C et +4°C.]|"
20,56€ / Kg"|"
5,14 €"
1096|Saucisses de volaille cuites et fumées au bois de hêtre|Le sachet de 10 saucisses, 210g|[Origine : FRANCE, Valeur énergétique en Joules :  1155kj, Valeur énergétique en Kcal : 279kcal, Glucides : 0,7g, Lipides : 24g, Protides :15g]|"
5,49€ / Kg"|"
1,92 €"
1097|Saucisses de volaille cuites et fumées au bois de hêtre|Le sachet de 6 saucisses, 210g|[Origine : FRANCE, Alimentation de la volaille garantie 100% végétaux, minéraux et vitamines., Casserole : plonger 5 minutes le sachet dans l'eau bouillante. Au four à micro-ondes : sortir les saucisses de leur emballage et les placer sur un plat adapté au micro-ondes. Pour 2 saucisses, cuire 30 secondes à 700 watts., Valeur énergétique en Joules :  1155kj, Valeur énergétique en Kcal : 279kcal, Glucides : 0,7g, Lipides : 24g, Protides :15g, A conserver entre 0°C et + 4°C.]|"
6,81€ / Kg"|"
1,43 €"
1098|Saucisse sèche pur porc à l'ancienne, fabrication artisanale|Le paquet de 200g|[Origine : FRANCE, Un produit unique aux saveurs authentiques., Viande de porc, sel, marsala, épices et aromates, sirop de glucose de maïs, lactose, dextrose de blé, sucre, conservateurs : nitrate de potassium, ferments (200g de viande de porc utilisée pour 100g de produit fini)., A conserver dans un endroit sec et frais (température inférieure à 18°C).]|"
22,20€ / Kg"|"
4,44 €"
1099|Saucisse de francfort qualité supérieure|La barquette de 320g|[Origine : FRANCE, Conditionné sous atmosphère protectrice., IngrÍdients : Viande de porc 64%, gras de porc, eau, plasma de porc, sel, acidifiant : E575, E326, E262, stabilisant : E451, Ípices, ar«mes, aromates, lÍgumes (oignon, poireau), sucre : dextrose, exhausteur de goÛt : E621, antioxydant : E316, conservateur : E250, enveloppe : boyau naturel de mouton colorÍe E160b. Contient gluten et moutarde.FabriquÍ dans un atelier utilisant : sulfites.Fumage naturel au bois de h²tre., Valeur énergétique en Joules :  1070, Valeur énergétique en Kcal : 258, Glucides : 0.5, Lipides : 23, Protides :12.8, A conserver entre 0°C et +4°C.]|"
12,56€ / Pce"|"
4,02 €"
1100|Saucisses Wurst|Les 2 pièces, 250g|[Origine : ITALIE]|"
18,48€ / Kg"|"
4,62 €"
1101|10 Knacki,100% poulet,- 25% de sel|Le blister de 350g|[Origine : FRANCE, Préparation charcutière à base de poulet, sel réduit de 25% par rapport à la moyenne de la catégorie., A la casserole : plongez les saucisses Knacki 4 min dans l'eau frémissante. Micro-ondes : placez les saucisses Knacki sur une assiette couverte. Faites chauffer : 2 Knacki : 30 sec, 4 Knacki : 1 min, 6 Knacki : 1 min 30, 10 Knacki : 2 min. Recommandations pour les plus jeunes : couper les saucisses Knacki en toutes petites bouchées., Viande gros grains et peau de poulet 85%, eau, arômes (blé, céleri), lactose, sel, antioxydant : isoascorbate de sodium, conservateur : nitrite de sodium, fumée. Peut contenir des traces de : lait. 100% poulet, sans colorant et sans polyphosphate., Valeur énergétique en Joules :  884kj, Valeur énergétique en Kcal : 213kcal, Glucides : 1,5g, Lipides : 17g, Protides :13g, A conserver à +4°C. A consommer rapidement après ouverture.]|"
7,57€ / Kg"|"
2,65 €"
1102|4 Knacki,100% poulet|Le blister de 140g|[Origine : FRANCE, Bain-marie : plongez les saucisses Knacki 4 min dans l'eau frémissante. Micro-ondes : placez les saucisses Knacki sur une assiette couverte : 30 sec à puissance maxi pour 2 Knacki, 1 min à puissance maxi pour 4 Knacki., Viande gros grains et peau de poulet 85%, eau, arômes (blé, céleri), lactose, sel, antioxydant : isoascorbate de sodium, conservateur : nitrite de sodium, fumée. Peut contenir des traces de : lait. 100% poulet sans colorant et sans polyphosphate. Origine : France., Valeur énergétique en Joules :  864kj, Valeur énergétique en Kcal : 208kcal, Glucides : 1,5g, Lipides : 16g, Protides :14g, Conservation à +4°C. A consommer rapidement après ouverture.]|"
10,64€ / Kg"|"
1,49 €"
1103|Grillée, saucisses de Strasbourg, pur porc|Les 4 saucisses, 280g|[Origine : FRANCE, Micro-ondes : placez le sachet légèrement entrouvert 1 minute 30 au four à micro-ondes à 900W. Pour 1 saucisse Knacki Grillée, réchauffez 30 secondes sur une assiette couverte (Pour 2 saucisses : 50 sec). A la casserole : Faites bouillir de l'eau dans une casserole et plongez-les pendant 5 minutes dans l'eau frémissante. Egouttez-les et dégustez. A la poêle : sortir les saucisses Knacki de leur sachet et placez-les dans une poêle bien chaude. Réchauffer 10 min à feu doux en les retournant régulièrement. Recommandation pour les plus jeunes : couper les saucisses Knacki en tout petits morceaux., Viande de porc, eau, gras de porc, lactose, sel, protéines de lait, arômes (céleri), fibre de blé, levure, protéine de pois, dextrose, colorants : carmins, extrait de paprika, antioxydant : isoascorbate de sodium, conservateur : nitrite de sodium, fumée. Viande de porc : 70%. Fabriqué en France avec de la viande issue d'élevages de porcs rigoureusement sélectionnés dans l'Union Européenne. 100% pur porc., Valeur énergétique en Joules :  1100kj, Valeur énergétique en Kcal : 266kcal, Glucides : 2g, Lipides : 23g, Protides :12g, A conserver au frais à max +4°C. A consommer rapidement après ouverture. Conditionné sous atmosphère protectrice.]|"
8,54€ / Kg"|"
2,39 €"
1104|Knacki, saucisses de Strasbourg fumée au bois de hêtre, 100% pur porc|Le sachet de 4 Knacki, 280g|[Origine : FRANCE, Saucisses de Strasbourg., Micro-ondes : placez le sachet légèrement entrouvert 1 min 30 au four à micro-ondes à 900W. Pour 1 saucisse Knacki Fumée réchauffez 30 sec sur une assiette couverte (pour 2 saucisses : 50 sec). A la casserole : faites bouillir de l'eau dans une casserole. Sortez les saucisses Knacki de leur emballage et plongez-les pendant 5 minutes dans l'eau frémissante. A la poêle : sortir les saucisses Knacki de leur sachet et placez-les dans une poêle bien chaude. Réchauffez 10 minutes à feu doux en les retournant régulièrement. Recommandations pour les plus jeunes : couper les saucisses Knacki en tout petits morceaux., Viande de porc, eau, gras de porc, lactose, sel, protéines de lait, arôme (céleri), arômes de fumée, fibre de blé, levure, protéine de pois, dextrose, colorants : carmins, extrait de paprika, antioxydant : isoascorbate de sodium, conservateur : nitrite de sodium, fumée. Viande de porc 69%. Peut contenir des traces de moutarde et oeuf., Valeur énergétique en Joules :  1100kj, Valeur énergétique en Kcal : 266kcal, Glucides : 2g, Lipides : 23g, Protides :12g, A conserver au frais à +4°C max. A consommer rapidement après ouverture. Conditionné sous atmosphère protectrice.]|"
10,29€ / Kg"|"
2,88 €"
1105|Knacki Ball 100% poulet|Le pot de 200g|[Origine : FRANCE, Préparation charcutière à base de poulet., 4 pics à l'intérieur. Ne pas donner ni laisser à la portée d'enfants de moins de 4 ans, ils risqueraient d'avaler sans mâcher. Ne pas laisser les enfants jouer avec un pic Knacki Ball., Viande gros grains et peau de poulet 75%, eau, lactose, arômes (blé, céleri), protéines de pois, sel, dextrose, antioxydant : isoascorbate de sodium, conservateur : nitrite de sodium, ferment, fumée. Peut contenir des traces de : lait., Valeur énergétique en Joules :  884kj, Valeur énergétique en Kcal : 213kcal, Glucides : 1,5g, Lipides : 17g, Protides :13g, A conserver à +4°C. Conditionné sous atmosphère protectrice. A consommer rapidement après ouverture.]|"
14,70€ / Kg"|"
2,94 €"
1106|Knacki original, 100% poulet|Le blister de 210g|[Origine : FRANCE, Un fumage traditionnel au bois de hêtre., Au bain-marie : plongez les saucisses Knacki 4 min dans l'eau frémissante. Micro-ondes : placez les saucisses Knacki sur une assiette couverte (2 Knacki : 30 sec, 4 Knacki : 1 min, 6 Knacki : 1 min 30). Pour les plus jeunes, nous recommandons de couper les saucisses Knacki en petites bouchées., Viande gros grains et peau de poulet 85%, eau, arômes (blé, céleri), lactose, sel, antioxydant : isoascorbate de sodium, conservateur : nitrite de sodium, fumée. Peut contenir des traces de : lait. 100% poulet, sans colorant et sans polyphosphate., Valeur énergétique en Joules :  884kj, Valeur énergétique en Kcal : 213kcal, Glucides : 1,5g, Lipides : 17g, Protides :13g, A conserver à +4°C. A consommer rapidement après ouverture.]|"
9,43€ / Kg"|"
1,98 €"
1108|Max, saucisses de strasbourg, pur porc|Les 2 saucisses, 180g|[Origine : FRANCE, Ouvrir le sachet. Chauffer 1 minute à 850 W au micro-ondes dans le sachet ou 5 min dans l'eau frémissante. Recommandation pour les plus jeunes : couper les saucisses Knacki en tout petits morceaux., Viande de porc, eau, gras de porc, lactose, arômes (céleri), sel, protéines de sodium, conservateur : nitrite de sodium, fumée. Porc : 69%., Valeur énergétique en Joules :  1151kj, Valeur énergétique en Kcal : 278kcal, Glucides : 2g, Lipides : 25g, Protides :11,5g, A conserver au frais à max +4°C. A consommer rapidement après ouverture. Conditionné sous atmosphère protectrice.]|"
10,22€ / Kg"|"
1,84 €"
1110|Original, saucisses de Strasbourg, pur porc, sel réduit de 25%|Les 10 saucisses, 350g|[Origine : FRANCE, Le goût authentique de knacki avec 25% de sel en moins par rapport à la moyenne de la catégorie., Bain-marie : plongez les knacki sans leur sachet durant 4 minutes dans l'eau frémissante. Micro-onde : placez les knacki sans leur sachet sur une assiette couverte durée :  2 knacki - 30 sec. 4 knacki - 1 mn. 6 knacki - 1 mn 30. 10 knacki - 2 mn., Viande de porc, eau, gras de porc, lactose, sel, protéines de lait, fibre de blé, levure, protéine de pois, dextrose, arômes (céleri), colorants : carmins, extrait de paprika , chlorure de potassium, anti-oxygène : isoascorbate de sodium , conservateur : nitrite de sodium , fumée. porc : 70%., Valeur énergétique en Joules :  1163kj, Valeur énergétique en Kcal : 281kcal, Glucides : 2g, Lipides : 25g, Protides :12g, Conservation +4°c.]|"
5,94€ / Kg"|"
2,08 €"
1111|Saucisse sèche droite Label Rouge|La pièce de 250g|[Origine : FRANCE]|"
20,68€ / Kg"|"
5,17 €"
1112|Saucisse sèche d'Auvergne, pur porc|Le paquet de 300g|[Origine : FRANCE, Fabriqué en Auvergne, ce produit est le fruit de traditions savamment conservées. Sachez le déguster et il vous révèlera toutes ses richesses, mais pas ses secrets, Viande de porc, sel, lactose, dextrose de blé, poivre, ail, muscade, conservateur: salpêtre. 164g de viande de porc utilisée pour 100g de produit fini. Garanti sans colorant et sans polyphosphate., A conserver de préférence à une température inférieure à 18°C.]|"
17,47€ / Kg"|"
5,24 €"
1113|Saucisse sec de campagne, pur porc|Le paquet de 200g|[Origine : FRANCE, Viande de porc (190g utilisés pour 100g de produit fini), sel, poivre, épices, sucre : sirop de glucose, dextrose de blé, lactose, saccharose. Antioxygène : acide ascorbique. Ascorbate de sodium. Conservateur : salpêtre. Ferments lactique. Trace de fruit à coque., Température de conservation conseillé : +18°C. Dégustez à température ambiante. Otez l'emballage le protégeant. Placez-le dans un endroit sec et aéré à + 18°C maxi.]|"
30,85€ / Kg"|"
6,17 €"
1114|Knack d'Alsace|Les 2 paquets, 260g|[Origine : FRANCE, Chaud ou froid. En plat, salade ou apéritif. Chaud : plongez les saucisses dans de l'eau frémissante pendant 5 à 10 minutes. Peuvent accompagner une choucroute ou une potée de légumes : ajoutez-les 10 minutes avant la fin de la cuisson., Maigre et gras de porc, eau, maigre de boeuf, blanc d'oeuf, sel, protéines de lait, épices et aromates, sucres : lactose, dextrose, stabilisants : polyphosphates (E450, E451, E452), exhausteur de goût : glutamate, acidifiants : glucono-delta-lactone,acide citrique, extrait de levure, antioxygène : acide ascorbique, conservateurs : nitrite de sodium., A conserver entre 0 et +4°C]|"
18,38€ / Kg"|"
4,78 €"
1117|Saucisses de Francfort, pur porc|Les 6 saucisses, 240g|[Origine : FRANCE, Besoin d'idées pour vos repas et apéritifs ou pour une petite faim ? Envie de saveur, d'authenticité mais aussi de praticité ? Retrouvez chaque jour les bonnes idées gourmandes de Stoeffler !, Plongez les saucisses dans l'eau frémissante pendant 5 minutes ou ajoutez les dans vos plats 10 minutes avant la fin de la cuisson. Elles sont délicieuses également froides., Viande de porc 58%, gras de porc, eau, sel, dextrose, arôme, épices, stabilisants : di et polyphosphates, protéines de lait, acidifiants : glucono-delta-lactone, acide citrique, exhausteur de goût : glutamate, antioxygène : acide ascorbique, conservateur : nitrite de sodium.  Traces possibles de moutarde., A conserver entre 0°C et + 4°C. A consommer dans les 48h après ouverture.]|"
12,29€ / Kg"|"
2,95 €"
1118|Saucisses de Strasbourg|Le sachet de 240g|[Origine : FRANCE]|"
12,83€ / Kg"|"
3,08 €"
1119|Saucisses fumées au bois de hêtre|Les 4 saucisses, 400g|[Origine : FRANCE, Découvrez la Saucisse Fumée d'Alsace, une saucisse préparée à partir d'ingrédients soigneusement sélectionnés : pur porc, finement relevée de coriandre et fumée au bois de hêtre., Cuites, elles sont pratiques à mettre en oeuvre : dégustez-les accompagnées d'une purée de légumes après les avoir simplement réchauffées 12 minutes dans une casserole d'eau frémissante. Elles apportent également tout leur parfum lentement mijotées dans une potée ou une soupe. Froides, en salade ou tranchées en rondelles à l'apéritif, elles vont vous surprendre !, Viande de porc 85.8%, gras de porc, eau, sel, sirop de glucose, dextrose, épices et aromates (dont moutarde), arômes, stabilisants : di et polyphosphates, antioxygènes : acide ascorbique, ascorbate de sodium, conservateur : nitrite de sodium. Tracespossibles de lactose., Valeur énergétique en Joules :  1090kj, Valeur énergétique en Kcal : 260kcal, Glucides : 3g, Lipides : 20g, Protides :16,5g, A conserver entre 0 et +4°C.  A consommer dans les 48 heures après ouverture.]|"
13,78€ / Kg"|"
5,51 €"
1120|Knacks d'Alsace|La barquette de 4, 240g|[Origine : FRANCE]|"
18,83€ / Kg"|"
4,52 €"
1121|Saucisses viennoises|La barquette de 4, 240g|[Origine : FRANCE, Trophée National de l'Agriculture Durable 2010., A réchauffer 10 minutes dans de l'eau frémissante. Incontournable dans la choucroute ou en grignotage entre amis., Maigre et gras de porc et de veau, glace, plasma de porc, épices et sel, conservateur : nitrite de sodium, sucre, dextrose, émulsifiant : E450, E452, acidifiant : E575, exhausteur de goût : glutamate de sodium, anti-oxygène : ascorbate de sodium, boyau naturel., A conserver entre 0°C et +4°C.]|"
19,88€ / Kg"|"
4,77 €"
1122|Saucisse Cervelas|Le paquet de 320g|[Origine : ISRAEL]|"
18,97€ / Kg"|"
6,07 €"
1123|Saucisses Vienna|Le paquet de 250g|[Origine : ISRAEL]|"
20,56€ / Kg"|"
5,14 €"
1124|Saucisson Bellevillois|La pièce de 550g|[Origine : FRANCE]|"
12,35€ / Kg"|"
6,79 €"
1125|Chorizo fort|Les 10 tranches, 70g|[Origine : ESPAGNE, Ouvrir 30 minutes avant dégustation. Ce Chorizo se consomme en entrée, en 'tapas' ou pour agrémenter une raclette., Viande de porc, sel, piments, lactose, protéines de lait, dextrose, ail, antioxydant : érythorbate de sodium, conservateur : nitrite de sodium, carmins, conservateurs de surface : sorbate de potassium, natamycine. 134g de viande de porc mis en oeuvrepour 100g de chorizo. Traces de soja., Valeur énergétique en Joules :  1299kj, Valeur énergétique en Kcal : 312kcal, Glucides : 2,5g, Lipides : 22g, Protides :26g, A conserver entre 0°C et +8°C. A consommer rapidement après ouverture.]|"
20,71€ / Kg"|"
1,45 €"
1126|Mini saucisson aux noix|Le paquet de 75g|[Origine : FRANCE]|"
30,13€ / Kg"|"
2,26 €"
1127|Mini Saucisson sec|Le paquet de 75g|[Origine : FRANCE, Viande de porc, sel, lactose, épices et aromates, rhum (colorant E150b),dextrose de blé, conservateur:nitrate de potassium, ferment de maturation, boyau collagénique.208g  de viande de porc mis en oeuvre pour l'élaboration de 100 g de saucissons. Traces de noix et de noisettes., Valeur énergétique en Joules :  2214kj, Valeur énergétique en Kcal : 534kcal, Glucides : 2,1g, Lipides : 46g8g, Protides :28g, A conserver à +18°C]|"
30,13€ / Kg"|"
2,26 €"
1128|Noix de boeuf séchée|La barquette de 60g|[Origine : FRANCE, Noix de boeuf, sel, épices et plantes aromatiques 0,9%, sucre, conservateur: nitrite de potassium, nitrite de sodium, ferment.]|"
52,33€ / Kg"|"
3,14 €"
1129|Salame felino, saucisson italien|Les 14 tranches, 70g|[Origine : ITALIE, Saucisson italien., 12 tranches environ. Se consomme à l'apéritif ou dans un assortiment de charcuterie. Ouvrir la barquette une demi-heure avant consommation., Jambon de porc, sel, dextrose de maïs, arômes, épices (poivre, ail, noix de muscade), antioxygène : ascorbate de sodium, conservateurs : nitrite de sodium et nitrate de potassium., A conserver entre 0°C et +4°C.]|"
42,86€ / Kg"|"
3,00 €"
1130|Saucisse sèche|Le paquet de 250g|[Origine : FRANCE, Viande de porc , sel , lactose,dextrose de blé , glucose de blé , ail en poudre, arôme , conservateur : nitrate de potassium , ferments de maturation. 155 g de viande de porc mis en oeuvre pour l'élaboration de 100 g de saucisse sèche., Valeur énergétique en Joules :  1737Kj, Valeur énergétique en Kcal : 419Kcal, Glucides : 3g, Lipides : 35g, Protides :23g, A conserver à  +18°C]|"
12,72€ / Kg"|"
3,18 €"
1131|Saucisse sèche, riche en oméga 3|La pièce de 150g|[Origine : FRANCE, Viande de porc, sel de Guérande, graines de lin 1,2%, lactose, marsala, épices et aromate, dextrose de blé, sucre, conservateur : E252, antioxygènes : E300 et E301, ferments, boyau naturel de porc (195g de viande de porc utilisés pour 100g de produitfini). Présence possible de gluten, fruits à coque et sésame., Ouvrir 1 heure avant dégustation. Déguster à température ambiante., A conserver dans un endroit frais et sec (température inférieure à 18°C).]|"
28,20€ / Kg"|"
4,23 €"
1132|Saucisse sèche courbe bio|La pièce de 150g|[Origine : FRANCE, Saucisse sèche pur porc qualité supérieure., Viande de porc*, sel, sirop de glucose*, lactose*, épices et plante aromatique*, sucre de canne*, conservateur : nitrate de potassium, ferments, boyau naturel de porc. 171 g de viande de porc mis en oeuvre pour l'élaboration de 100 g de saucisson sec. *Ingrédients issus de l'agriculture biologique., Valeur énergétique en Joules :  1741kj, Valeur énergétique en Kcal : 420kcal, Glucides : 0,4g, Lipides : 34g, Protides :28g, A conserver dans un endroit sec et frais à une température inférieure à +18°C. Une fois entamé, à conserver emballé au réfrigérateur et à consommer rapidement.]|"
27,40€ / Kg"|"
4,11 €"
1133|Saucisse sèche courbe bio|La pièce de 150g|[Origine : FRANCE, Saucisse sèche pur porc qualité supérieure., Viande de porc*, sel, sirop de glucose*, lactose*, épices et plante aromatique*, sucre de canne*, conservateur : nitrate de potassium, ferments, boyau naturel de porc. 171 g de viande de porc mis en oeuvre pour l'élaboration de 100 g de saucisson sec. *Ingrédients issus de l'agriculture biologique., Valeur énergétique en Joules :  1741kj, Valeur énergétique en Kcal : 420kcal, Glucides : 0,4g, Lipides : 34g, Protides :28g, A conserver dans un endroit sec et frais à une température inférieure à +18°C. Une fois entamé, à conserver emballé au réfrigérateur et à consommer rapidement.]|"
27,40€ / Kg"|"
4,11 €"
1134|Saucisse sèche supérieure|Le paquet de 225g|[Origine : FRANCE, Viande de porc, sel, lactose, dextrose, poivre blanc, sucre, ail en poudre, rhum, conservateurs : nitrate de potassium, nitrite de sodium, muscade, ferments, boyau naturel de porc. Poudre de fleurage : carbonate de calcium, talc. 176g de viande de porc mis en oeuvre pour l'élaboration de 100g de saucisse sèche., Valeur énergétique en Kcal : 453Kc, Glucides : 1.2g, Lipides : 36g, Protides :31g, A conserver dans un endroit sec et frais de préférence à une température inférieure à +18°C. Une fois entamé, à conserver emballé au réfrigérateur et à consommer rapidement.]|"
22,84€ / Kg"|"
5,14 €"
1135|Saucisse sèche supérieure, pur porc|Le paquet de 300g|[Origine : FRANCE, Produit de qualité supérieure, pur porc (épices naturelles,sans colorants , sans polyphosphates ). Conformément au code des usages de la charcuterie., Viande de porc, sel , lactose , poivre , dextrose de blé,sucre , ail , conservateur : nitrate de potassium , ferments de maturation. Boyau naturel de porc. 162 g de viande de porc mis en oeuvre pour l'élaboration de 100a de saucisse sèche., Valeur énergétique en Joules :  1728Kj, Valeur énergétique en Kcal : 416Kcal, Glucides : 0,8g, Lipides : 33g, Protides :29g, A conserver à +18°C]|"
14,20€ / Kg"|"
4,26 €"
1136|Saucisse sèche supérieure, tranchée sans peau|Le paquet de 100g|[Origine : FRANCE, Ouvrez 15 minutes avant de déguster et servez à température ambiante., Viande et gras de porc, sel, sirop de glucose de maïs, marsala, épices et aromates, conservateur : E252, antioxygènes : E300 et E301, ferments (189g de viande et gras de porc utilisés pour 100g de produit fini)., A conserver entre 0°C et 4°C.]|"
26,50€ / Kg"|"
2,65 €"
1137|Saucisson cuit pur porc, à l'ail|Le paquet de 300g|[Origine : FRANCE, Conservation entre 0 et +4°c maximum.]|"
7,83€ / Kg"|"
2,35 €"
1138|Saucisson cuit pur porc, à l'ail fumé|Le paquet de 300g|[Origine : FRANCE, Viande de porc 91%, gras de porc, eau, sel, plantes aromatiques et extraits d'épices, stabilisants : E450, E451, dextrose, ail (0,18%), arôme, sirop de glucose, acidifiant : lactate de potassium, antioxydant : érythorbate de sodium, conservateur : nitrite de sodium, colorant : carmin de cochenille. Enveloppe non comestible., Valeur énergétique en Joules :  1140kj, Valeur énergétique en Kcal : 275kcal, Glucides : 1g, Lipides : 23g, Protides :16g, A conserver entre 0°C et +4°C. A consommer rapidement après ouverture]|"
7,83€ / Kg"|"
2,35 €"
1139|Saucisson du marin fumé à l'ancienne, salé au sel de mer|Le paquet de 60g|[Origine : FRANCE, Ouvrir la barquette 15 minutes avant dégustation, et servir à température ambiante., Echine de porc, sel, épices et aromates, sucre, conservateur : nitrate de potassium, ferments. (200g de viande de porc ont été utilisés pour fabriquer 100g de produit fini)., A conserver entre 0°C et +4°C.]|"
51,00€ / Kg"|"
3,06 €"
1140|Saucisson sec|Les 16 tranches, 80g|[Origine : FRANCE, Viande de porc, sel, lactose, épices et plantes aromatiques, glucose de blé, dextrose de blé, antioxygène : érythorbate de sodium, conservateur : nitrate de potassium, ferments de maturation. 146g de viande de porc mis en oeuvre pour 100g de saucisson sec.  Traces d'oeufs, de lait, de moutarde, et de fruits à coque., Valeur énergétique en Joules :  1539kj, Valeur énergétique en Kcal : 371kcal, Glucides : 2,4g, Lipides : 29g, Protides :25g, A consommer rapidement après ouverture.]|"
16,00€ / Kg"|"
1,28 €"
1141|Saucisson sec, 100% jambon|La pièce de 200g|[Origine : FRANCE, Saucisson sec., Viande de porc (100% jambon), sel, lactose, dextrose, lait écrémé en poudre, sucre, épices, conservateurs : nitrate de potassium, nitrite de sodium, ferments. 189 g de viande de porc mis en oeuvre pour l'élaboration de 100 g de spécialité de saucisson sec. Boyau non comestible. Elaboré en France à partir de porc origine UE., Valeur énergétique en Joules :  1037kj, Valeur énergétique en Kcal : 246kcal, Glucides : 2,9g, Lipides : 7,4g, Protides :42g, A conserver dans un endroit sec et frais de préférence à une température inférieure à +18°C. Une fois entamé, à conserver emballé au réfrigérateur et à consommer rapidement. Conditionné sous atmosphère protectrice.]|"
17,45€ / Kg"|"
3,49 €"
1142|Saucisson sec à l'ancienne, pur porc, fabrication artisanale|Le paquet de 220g|[Origine : FRANCE, Un produit unique aux saveurs authentiques., Viande de porc, sel, marsala, épices et aromates, sirop de glucose de maïs, lactose, dextrose de blé, sucre, conservateurs : nitrate de potassium, ferments (200g de viande de porc utilisée pour 100g de produit fini)., A conserver dans un endroit sec et frais (température inférieure à 18°C).]|"
22,55€ / Kg"|"
4,96 €"
1143|Saucisson sec bio|La pièce de 150g|[Origine : FRANCE, Saucisson sec pur porc qualité supérieure., Viande de porc*, sel, sirop de glucose*, lactose*, épices et plante aromatique*, sucre de canne*, conservateur : nitrate de potassium, ferments, boyau naturel de porc. 160 g de viande de porc mis en oeuvre pour l'élaboration de 100 g de saucisson sec. *Ingrédients issus de l'agriculture biologique., Valeur énergétique en Joules :  1741kj, Valeur énergétique en Kcal : 420kcal, Glucides : 0,4g, Lipides : 34g, Protides :28g, A conserver dans un endroit sec et frais à une température inférieure à +18°C. Une fois entamé, à conserver emballé au réfrigérateur et à consommer rapidement.]|"
27,40€ / Kg"|"
4,11 €"
1144|Saucisson sec bio|La pièce de 150g|[Origine : FRANCE, Saucisson sec pur porc qualité supérieure., Viande de porc*, sel, sirop de glucose*, lactose*, épices et plante aromatique*, sucre de canne*, conservateur : nitrate de potassium, ferments, boyau naturel de porc. 160 g de viande de porc mis en oeuvre pour l'élaboration de 100 g de saucisson sec. *Ingrédients issus de l'agriculture biologique., Valeur énergétique en Joules :  1741kj, Valeur énergétique en Kcal : 420kcal, Glucides : 0,4g, Lipides : 34g, Protides :28g, A conserver dans un endroit sec et frais à une température inférieure à +18°C. Une fois entamé, à conserver emballé au réfrigérateur et à consommer rapidement.]|"
27,40€ / Kg"|"
4,11 €"
1145|Saucisson sec qualité supérieure|La pièce de 250g|[Origine : FRANCE, Saucisson sec pur porc qualité supérieure., Viande de porc, sel, lactose, poivre, sucre, dextrose, ail, muscade, antioxydant : acide ascorbique, conservateurs : nitrite de sodium, nitrate de potassium, ferments, boyau naturel de porc. Poudre de fleurage : talc, carbonate de calcium. 144g de viande de porc mis en oeuvre pour l'élaboration de 100g de saucisson sec., Valeur énergétique en Joules :  1808kj, Valeur énergétique en Kcal : 436kcal, Glucides : 3,2g, Lipides : 10,5g, Protides :27g, A conserver dans un endroit sec et frais de préférence à une température inférieure à +18°C. Une fois entamé, à conserver emballé au réfrigérateur et à consommer rapidement.]|"
12,72€ / Kg"|"
3,18 €"
1146|Saucisson sec supérieur|Le paquet de 225g|[Origine : FRANCE, Viande de porc, sel, lactose, dextrose, poivre blanc, sucre, ail en poudre, conservateur : nitrate de potassium, muscade, ferments, boyau naturel de porc. Poudre de fleurage : carbonate de calcium, talc. 165g de viande de porc mis en oeuvre pour l'élaboration de 100g de saucisson sec., Valeur énergétique en Kcal : 420Kc, Glucides : 1.4g, Lipides : 34g, Protides :27g, A conserver dans un endroit sec et frais de préférence à une température inférieure à +18°C. Une fois entamé, à conserver emballé au réfrigérateur et à consommer rapidement.]|"
23,07€ / Kg"|"
5,19 €"
1147|Saucisse sèche, à l'ancienne, fabriquée en Cévennes d'Ardèche|Le paquet de 250g|[Origine : FRANCE, 100% porc frais. Attachée à la ficelle. Seulement 20% de matière grasse mise en oeuvre., Maigre de porc, gras de porc, sel, lactose, vin, dextrose de blé, épices, conservateur : salpêtre, ferments lactiques. 171g de viande porc mis en oeuvre pour 100g de produit fini. Sans colorant. Boyau naturel de porc. Fleur naturelle., Valeur énergétique en Joules :  1745Kj, Valeur énergétique en Kcal : 421Kcal, Glucides : 0,8g, Lipides : 33,1g, Protides :29,3g, Température de conservation conseillée inférieure à 18°C.]|"
25,08€ / Kg"|"
6,27 €"
1148|Saucisse sèche artisanale, 7% de mat. Gr.|Le paquet de 220g|[Origine : FRANCE]|"
20,56€ / Kg"|"
5,14 €"
1149|Saucisson sec, à l'ancienne, fabriqué en Cévennes d'Ardèche|Le paquet de 250g|[Origine : FRANCE, 100% porc frais. Attachée à la ficelle., Maigre de porc, gras de porc, sel, lactose, vin, dextrose de blé, épices, conservateur : salpêtre, ferments lactiques. 162g de viande porc mis en oeuvre pour 100g de produit fini. Sans colorant. Boyau naturel de porc. Fleur naturelle., Valeur énergétique en Joules :  1602Kj, Valeur énergétique en Kcal : 386Kcal, Glucides : 0,9g, Lipides : 30,6g, Protides :268g, Température de conservation conseillée inférieure à 18°C.]|"
25,08€ / Kg"|"
6,27 €"
1150|Apérisec saucisson nature|La barquette de 130g|[Origine : FRANCE]|"
34,46€ / Kg"|"
4,48 €"
1151|Dentelles de coppa|La barquette de 120g|[Origine : FRANCE]|"
33,50€ / Kg"|"
4,02 €"
1152|Noix de jambon affinée|Le paquet de 200g|[Origine : FRANCE, Aoste a élaboré pour vous un produit qui vous étonnera par son goût intense et sa texture fondante. Cette recette est le fruit de l'alliance savoureuse de la noix de jambon, partie la plus noble du porc et d'un fin mélange d'épices naturelles., Noix de jambon (100%), sel, poudre de lait, vin, lactose, dextrose, épices, sucres, conservateurs : nitrate de potassium, nitrite de sodium, ferments. Enveloppe : boyau naturel de porc, poudre de fleurage : carbonate de calcium, talc. 197g de viandede porc utilisés pour 100g de produit fini. Sans arôme ni colorant., Valeur énergétique en Joules :  1155Kj, Valeur énergétique en Kcal : 275Kcal, Glucides : 3g, Lipides : 11g, Protides :41g, Pour préserver toute la saveur de ce produit, conservez-le dans un endroit sec et aéré, température de conservation conseillée entre +14°C et +18°C.]|"
24,10€ / Kg"|"
4,82 €"
1153|Saucisson Domaine de Mezenc|La pièce de 250g|[Origine : UNION EUROPEENNE, Viande et gras de porc, sel, dextrose, aromate, Ípices, sucre. Conservateurs: nitrate de potassium et nitrite de sodium, ferments, boyau naturel de porc. Poudre de fleurage: carbonate de calcium, talc.AllergÈnes: prÍsence possible de lait, Valeur énergétique en Joules :  1680, Valeur énergétique en Kcal : 405, Glucides : 0.3, Lipides : 33, Protides :26, entre 14¢ et 18¢C]|"
20,76€ / Kg"|"
5,19 €"
1154|Chorizo espagnol|Les 22 tranches, 80g|[Origine : ALLEMAGNE, Viande de porc (90%), sel, paprika, protéines de lait, épices (moutarde), lactose, dextrose, protéines végétales, antioxygène : ascorbate de sodium, conservateurs : salpêtre, colorant : cochenille, sorbate de potassium (boyau)., A conserver entre 0°C et +3°C.]|"
21,25€ / Kg"|"
1,70 €"
1155|Saucisson sec, pur porc|Les 22 tranches, 80g|[Origine : ALLEMAGNE, Maigre de porc (77.5%), gras de porc (16%), sel, lactose, épices (moutarde), conservateurs : salpêtre, antioxygéne : ascorbate de sodium, ferments., A conserver entre 0°C et +3°C.]|"
21,25€ / Kg"|"
1,70 €"
1156|Chorizo, Délice de St Agaûne|Le paquet de 200g|[Origine : FRANCE]|"
23,10€ / Kg"|"
4,62 €"
1157|Saint Agaûne délicatement fumé|Le sachet de 170g|[Origine : FRANCE, Délicatement fumé faites de la dégustation un moment d'exception ! D'abord, découvrez sa robe brune et sans peau. Puis sa tranche vous révélera un coeur rouge rosé, marbré de fines nervures de gras. Au nez, vous vous laisserez emporter par son odeurfumée caractéristique des fumages lents et délicats. En bouche, les notes de fumée laisseront progressivement place à l'explosion d'un bouquet d'aromates riche et complexe. Sa longueur en bouche exceptionnelle vous donnera sûrement envie de prolongerla dégustation !, Viande de porc (100% jambon), sel, dextrose, Ípices et aromates, sucre, conservateurs: salp²tre, sel nitritÍ, ferments (lactose)., Valeur énergétique en Joules :  983kj, Valeur énergétique en Kcal : 233,5g, Glucides : 1,5g, Lipides : 7,5g, Protides :40g, A conserver dans le bas de votre réfrigérateur, ou dans un lieu sec et aéré, de préférence à une température d'environ 18°C. Après ouverture, à conserver au réfrigérateur et à consommer dans les 5 jours.]|"
27,82€ / Kg"|"
4,73 €"
1158|Saucisse sèche, Délice de St Agaûne|Le paquet de 200g|[Origine : FRANCE, Saint Agaûne de Bordeaux Chesnel est élaboré uniquement à base de jambon, une des pièces les plus nobles du porc. Le reste c'est notre secret.Une saveur unique de viande séchée si fine et si fondante Comment ne pas succomber ? Saint Agaûne, il faut être un saint pour y résister., Viande de porc (100% jambon), sel, lactose, dextrose, sucre, poudre de lait, vin, épices, ferments, conservateurs : nitrite de sodium, salpêtre, arôme., A conserver dans le bas de votre réfrigérateur, ou dans un lieu sec et aéré, de préférence à une température d'environ 18°C. Conditionné sous atmosphère protectrice.]|"
23,65€ / Kg"|"
4,73 €"
1159|Saucisson sec, Délice de St Agaûne|Le paquet de 200g|[Origine : FRANCE, Saint Agaûne de Bordeaux Chesnel est élaboré uniquement à base de jambon, une des pièces les plus nobles du porc. Le reste c'est notre secret.Une saveur unique de viande séchée si fine et si fondante Comment ne pas succomber ? Saint Agaûne, il faut être un saint pour y résister., Viande de porc (100% jambon), sel, lactose, dextrose, sucre, poudre de lait, vin, épices, ferments, conservateurs : sel nitrité, salpêtre, arôme., Valeur énergétique en Joules :  1142.8Kj, Valeur énergétique en Kcal : 273.4Kc, Glucides : 0.8g, Lipides : 12.2g, Protides :40.1g, A conserver dans le bas de votre réfrigérateur, ou dans un lieu sec et aéré, de préférence à une température d'environ 18°C. Conditionné sous atmosphère protectrice.]|"
23,65€ / Kg"|"
4,73 €"
1160|Chiffonnade de chorizo|La barquette de 110g|[Origine : ESPAGNE, Viande de Porc, sel,Ípices,lait en poudre, dextrine, protÍine de soja, ail,antioxygÈne (E316), Consevateur (E250), colorant (E120), Valeur énergétique en Joules :  1337, Valeur énergétique en Kcal : 319, Glucides : 1.9, Lipides : 22.51, Protides :27.31, A conserver entre 0°C et +7°C. Produit sous atmosphère protectrice.]|"
33,90€ / Kg"|"
3,39 €"
1161|Chiffonnade de saucisson|La barquette de 110g|[Origine : ESPAGNE, Viande de Porc, sel, lait en poudre, dextrine, Ípices, antioxygÈne (E316), conservateur (E250), colorant (E120), Valeur énergétique en Joules :  1514.71, Valeur énergétique en Kcal : 362.37, Glucides : 3.65, Lipides : 26.46, Protides :27.4, A conserver entre 0°C et +7°C. Produit sous atmosphère protectrice.]|"
33,90€ / Kg"|"
3,39 €"
1162|Chorizo de Bellota|La barquette de 80g|[Origine : FRANCE, Avant d'ouvrir le sachet sous-vide, passez-le sous l'eau tiède à 28°C pendant environ 1 minute., A conserver entre 1°C et +5°C.]|"
70,63€ / Kg"|"
5,65 €"
1163|Chorizo doux|La barquette de 200g|[Origine : ESPAGNE, Viande de porc, paprika, sel et ail., Conserver dans un endroit frais et au sec.]|"
25,70€ / Kg"|"
5,14 €"
1164|Chorizo piquant 100% naturel|La pièce de 100g|[Origine : ESPAGNE, Viande de porc, paprika, sel et ail., Conserver dans un endroit frais et au sec.]|"
25,70€ / Kg"|"
5,14 €"
1165|Fuet Catalan fines herbes|La barquette de 160g|[Origine : ESPAGNE, Conserver dans un endroit frais et au sec. Produit sujet à dessiccation.]|"
27,00€ / Kg"|"
4,32 €"
1166|Fuet Catalan poivre noir|La barquette de 160g|[Origine : ESPAGNE, Maigre et gras de porc, protéines de lait, sel, lactose, dextrose, dextrine, épices, stabilisant (E450, E451), antioxydant (E316), conservateurs (E250, E252) et colorant (E120). Enrobé avec du poivre., Conserver dans un endroit frais et au sec. Produit sujet à dessiccation.]|"
27,00€ / Kg"|"
4,32 €"
1167|Salami danois fumé au bois de hêtre|Les 10 tranches, 100g|[Origine : ALLEMAGNE, Viande de porc, gras de porc, sel, dextrose de maïs, lactose, épice et plantes aromatiques, sucre, antioxygène : érythorbate de sodium, conservateur : nitrite de sodium, ferments de maturation, colorant : carmins.109g de viande de porc mis  en oeuvrepour I'élaboration de 100g de salami. Traces de moutarde., A conserver entre 0°C et +4°C. A consommer rapidement après ouverture.]|"
11,50€ / Kg"|"
1,15 €"
1168|Fines tranches de rosette|La barquette de 100g|[Origine : FRANCE]|"
29,90€ / Kg"|"
2,99 €"
1169|Mortadella Bologna, taglio fresco|La barquette de 150g|[Origine : ITALIE, Viande de porc, estomac de porc, sel, sucre, arômes naturels, épices, exhausteur de goût (monoglutamate de sodium), antioxydant (acide ascorbique), conservateur (nitrite de sodium)., Valeur énergétique en Joules :  1086kj, Valeur énergétique en Kcal : 262kcal, Glucides : 0,1g, Lipides : 21,5g, Protides :17,0g, A conserver à +4°C.]|"
28,27€ / Kg"|"
4,24 €"
1170|Mortadelle de Bologne , IGP|la barquette de 70g|[Origine : ITALIE, Viande de porc, sel, sucre, arôme épices, antioxydant (ascorbate de sodium), conservateur (nitrite de sodium). Sans gluten., Valeur énergétique en Joules :  1187kj, Valeur énergétique en Kcal : 286kcal, Glucides : 0,1g, Lipides : 24g, Protides :17,5g, Conservation : +4°C. Produit emballé sous atmosphère protectrice.]|"
27,57€ / Kg"|##
1171|Salami de Milan|La barquette de 70g|[Origine : ITALIE, Viande de porc, sel, sucre, poivre, antioxydants (acide ascorbique, ascorbate de sodium), conservateurs (nitrate de potassium, nitrite de sodium), plantes aromatiques., Valeur énergétique en Joules :  1621Kj, Valeur énergétique en Kcal : 391KCal, Glucides : 0,1g, Lipides : 33g, Protides :23,5g, Conserver à +4°C.]|"
55,71€ / Kg"|"
3,90 €"
1172|Taglio fresco|Le blister de 70g|[Origine : ITALIE, Valeur énergétique en Joules :  1433kj, Valeur énergétique en Kcal : 345kcal, Glucides : 0,1g, Lipides : 26,5g, Protides :26,5g]|"
56,71€ / Kg"|"
3,97 €"
1173|Rosette supérieure, pur porc, recette authentique|Les 10 tranches, 100g|[Origine : FRANCE, Plus de goût. 100% pur porc. Sélection rigoureuse des viandes. Qualité supérieure. Traçabilité garantie de nos produits., Viande de porc, sel, lactose, dextrose, épices, saccharose, aromate, conservateur : salpêtre, ferments. 152g de viande utilisée pour 100g de produit fini. Sans colorant, ni arôme., A conserver au réfrigérateur à +8°C maximum. Conditionné sous atmosphère protectrice.]|"
19,70€ / Kg"|"
1,97 €"
1174|Salami, qualité pur porc, x20 tranches minimum|La barquette de 200g|[Origine : FRANCE, Viande porc, gras de porc, sel, arômes, glucose, maltodextrine, anti-oxygène : isoascorbate de sodium, colorant : cochenille, ferments de maturation, conservateur : nitrite de sodium, fumée. Viande de porc : 118.8g utilisés pour 100g de produit., Conservation à +4°C]|"
14,50€ / Kg"|"
2,90 €"
1175|Mini rosette|Les 24 tranches, 80g|[Origine : FRANCE, Viande de porc, sel, lactose, sucre, épices, dextrose, aromate, conservateur : salpêtre, ferments lactiques. 179g de viande utilisés pour fabriquer 100g de produit fini., Valeur énergétique en Joules :  1750, Valeur énergétique en Kcal : 420, Glucides : 0g, Lipides : 35g, Protides :26g, A consommer dans les 3 jours après ouverture. A conserver à +8°C maximum.]|"
26,50€ / Kg"|"
2,12 €"
1176|Crème de fromage extra-légère, goût emmental|Les 12 portions, 200g|[Origine : FRANCE, Un bon goût emmental, un fondant gourmand, et seulement 3% de matière grasse. La vie est plus légère avec Bridelight., Lait écrémé reconstitué, fromages, lactosérum, protéines de lait, sels de fonte : E452, E450, E331, E339, préparation aromatisante (arôme, exhausteur de goût : E635), beurre, épaississants : E415, E407, conservateur : E234. Présence possible d'oeufs., Valeur énergétique en Joules :  448Kj, Valeur énergétique en Kcal : 106Kcal, Glucides : 10g, Lipides : 2g, Protides :12g]|"
11,30€ / Kg"|"
2,26 €"
1177|Beurre allégé, à tartiner, 15% de mat. Gr., doux|La barquette de 250g|[Origine : FRANCE, Pour tartiner et cuisiner à cru., Pour tartiner et cuisiner à cru. Ne pas congeler., Eau, matière grasse de lait, amidon, lactose, amidon modifié, sel, émulsifiants : E471, E476, épaississant : E466, concentré lactique, conservateur : sorbate de potassium, arômes naturels, colorant : béta-carotène, vitamines A et E., Valeur énergétique en Joules :  674, Valeur énergétique en Kcal : 161, Glucides : 7, Lipides : 15, Protides :0, A conserver au réfrigérateur  entre + 2°C et + 8°C.]|"
6,40€ / Kg"|"
1,60 €"
1178|Fromage au lait pasteurisé, 5% de mat. Gr.|La boîte de 250g|[Origine : FRANCE, Fromage extra léger au lait pasteurisé., Valeur énergétique en Joules :  615Kj, Valeur énergétique en Kcal : 147Kcal, Glucides : 0,5g, Lipides : 5g, Protides :25g, A conserver entre +4°C et +8°C]|"
10,52€ / Kg"|"
2,63 €"
1179|Fromage tenfre et fruité, 8% de matière grasse|La portion de 200g|[Origine : FRANCE, Un fromage tendre, un bon goût fruité et seulement 8% de M G  La vie est plus légère avec Bridélight.Bridélight est mon complice idéal, avec lui, je ne me prive pas de ce que j'aime et je complète de façon savoureuse mes repas., Lait partiellement écrémé, sel, ferments lactiques, coagulant, colorant : bêta-carotène, conservateur E 252. 8 % mat gr dans le produit fini, 16 % mat gr sur extrait sec., Valeur énergétique en Joules :  847kj, Valeur énergétique en Kcal : 208kcal, Glucides : traces, Lipides : 8g, Protides :34g, A conserver entre 4° C et + 8° C.]|"
18,85€ / Kg"|"
3,77 €"
1180|Beurre allégé, 60% de mat. Gr., doux|La barquette de 250g|[Origine : FRANCE, Beurre, eau, lait écrémé, ferments lactiques, émulsifiant : E471, stabilisant : alginate de sodium, conservateur : sorbate de potassium, colorant : bêta-carotène. 60% MG., A conserver à +6°C maxi.]|"
5,08€ / Kg"|"
1,27 €"
1184|Beurre allégé, à tartiner et à cuisiner, 41% de mat. Gr., tendre|La barquette de 250g|[Origine : BELGIQUE, Eau, matière grasse de lait, amidon modifié, lactose, maltodextrine, émulsifiants : E471, E472c, E476, sel (0.4%), conservateur : sorbate de potassium, colorant : béta-carotène, vitamine E, vitamine A., Valeur énergétique en Joules :  1623, Valeur énergétique en Kcal : 387,8, Glucides : 6,1, Lipides : 41, Protides :0,2, A conserver à +6°C max.]|"
7,40€ / Kg"|"
1,85 €"
1185|Beurre cru à la fleur de sel de l'île de Ré, fabriqué en baratte traditionnelle|Le pain de 250g|[Origine : FRANCE, Crème de lait crue, fleur de sel 2,5% maximum, ferments lactiques. Contient 80% de matière grasse., Valeur énergétique en Joules :  3022kj, Valeur énergétique en Kcal : 735kcal, Glucides : 0,8g, Lipides : 80g, Protides :0,7g, A conserver entre 0°C et +6°C.]|"
7,56€ / Kg"|"
1,89 €"
1186|Beurre demi-sel, certifié AB|La plaquette de 250g|[Origine : FRANCE, Monoprix a sélectionné pour vous, avec des entreprises partenaires, des produits issus de l'agriculture biologique. Leurs modes de production et de transformation sont contrôlés et certifiés par un organisme indépendant conformément à la réglementation en vigueur. Les producteurs emploient des fertilisants respectueux de l'environnement et pratiquent la rotation des cultures afin de garder des sols vivants et une fertilité durable., Crème fraîche pasteurisée*, sel (2% maximum), ferments lactiques. Matière grasse : 80%. *Ingrédients issus de l'agriculture biologique., Valeur énergétique en Joules :  725Kj, Valeur énergétique en Kcal : 173KCal, Glucides : 0,6g, Lipides : 80g, Protides :0,7g, A conserver entre +2°C et +8°C.]|"
11,20€ / Kg"|"
2,80 €"
1187|Beurre demi-sel, certifié AB|La plaquette de 250g|[Origine : FRANCE, Monoprix a sélectionné pour vous, avec des entreprises partenaires, des produits issus de l'agriculture biologique. Leurs modes de production et de transformation sont contrôlés et certifiés par un organisme indépendant conformément à la réglementation en vigueur. Les producteurs emploient des fertilisants respectueux de l'environnement et pratiquent la rotation des cultures afin de garder des sols vivants et une fertilité durable., Crème fraîche pasteurisée*, sel (2% maximum), ferments lactiques. Matière grasse : 80%. *Ingrédients issus de l'agriculture biologique., Valeur énergétique en Joules :  725Kj, Valeur énergétique en Kcal : 173KCal, Glucides : 0,6g, Lipides : 80g, Protides :0,7g, A conserver entre +2°C et +8°C.]|"
11,20€ / Kg"|"
2,80 €"
1188|Beurre demi-sel, d'Isigny au sel de Guérande|La plaquette de 250g|[Origine : FRANCE, Le sel de Guérande est un sel de mer récolté dans les marais salants aprèsévaporation de l'eau de mer. Découvrez le goût subtil et incomparable de ce beurre sur une tartine, en cuisine ou en accompagnement de fruits de mer., Afin de préserver toutes les qualités du produit, nous vous recommandons de le conserver dans son papier d'origine., Crème de lait pasteurisée, sel de mer de Guérande 2%, ferments lactiques sélectionnés., Valeur énergétique en Joules :  2980kj, Valeur énergétique en Kcal : 725kcal, Glucides : 0,5g, Lipides : 80g, Protides :0,7g, A conserver entre 0°C et +6°C.]|"
7,64€ / Kg"|"
1,91 €"
1189|Beurre demi-sel, extra fin|La barquette de 500g|[Origine : FRANCE, Crème de lait pasteurisée, sel 2,2%, ferments lactiques., Valeur énergétique en Joules :  2969kj, Valeur énergétique en Kcal : 722kcal, Glucides : <0,1g, Lipides : 80g, Protides :0,5g, A conserver entre 0°C et +8°C.]|"
5,56€ / Kg"|"
2,78 €"
1190|Beurre demi-sel, extra-fin|La barquette de 250g|[Origine : FRANCE, Beurre extra-fin pasteurisé demi-sel 80% matière grasse., Replacez au réfrigérateur après utilisation., Crème de lait pasteurisée, sel 2%, ferments lactiques., Valeur énergétique en Joules :  2989kj, Valeur énergétique en Kcal : 727kcal, Glucides : 1g, Lipides : 80g, Protides :0,7g, A conserver entre 0°C et +6°C.]|"
6,52€ / Kg"|"
1,63 €"
1191|Beurre demi-sel, extra-fin, 82% de mat. Gr.|La plaquette de 250g|[Origine : FRANCE, Crème de lait pasteurisée, sel (3% maxi), ferments lactiques. 80% de mat. gr., Valeur énergétique en Joules :  2980Kj, Valeur énergétique en Kcal : 725KCal, Glucides : 0,5g, Lipides : 80g, Protides :0,7g, A conserver entre +2°C et +8°C.]|"
5,96€ / Kg"|"
1,49 €"
1192|Bridelight  beurre leger 40 % mg beurrier 250 g demi sel|La barquette de 250g|[Origine : FRANCE]|"
7,64€ / Kg"|"
1,91 €"
1193|Beurre allégé, à tartiner, 15% de mat. Gr., demi-sel|La barquette de 250g|[Origine : FRANCE, Pour tartiner et cuisiner à cru., Ne pas congeler., Eau, matière grasse de lait, amidon, sel (2.2% ), lactose, amidon modifié, émulsifiants : E471, E476, épaississant : E466, concentré lactique, conservateur : sorbate de potassium, arômes naturels, colorant : béta-carotène, vitamines A et E., Valeur énergétique en Joules :  674, Valeur énergétique en Kcal : 161, Glucides : 7, Lipides : 15, Protides :0, A conserver au réfrigérateur  entre + 2°C et + 8°C.]|"
6,80€ / Kg"|"
1,70 €"
1194|Beurre de baratte demi-sel|La plaquette de 250g|[Origine : FRANCE, Le beurre de baratte Echiré est fabriqué à partir de crèmes fraîches soigneusement sélectionnées et maturées. La fabrication lente en baratte tonneau lui confère un goût franc de crème inégalé aux arômes noisette., Beurre échiré. MG 80%. Sel ajouté : maximum 2%., Valeur énergétique en Joules :  2972kj, Valeur énergétique en Kcal : 723kcal, Glucides : 0,2g, Lipides : 80g, Protides :0,5g, A conserver à +6°C maxi.]|"
13,96€ / Kg"|"
3,49 €"
1195|Le beurre de la laiterie de Condé-sur-Vire, demi sel|Le rouleau de 250g|[Origine : FRANCE, Valeur énergétique en Joules :  2982, Valeur énergétique en Kcal : 725, Glucides : 0,7, Lipides : 80, Protides :0,6]|"
8,04€ / Kg"|"
2,01 €"
1196|Le beurre tendre de normandie, 80% de matière grasse, demi-sel|La barquette de 250g|[Origine : FRANCE]|"
8,48€ / Kg"|"
2,12 €"
1197|Beurre demi sel, aux cristaux de sel de mer de Noirmoutier|Le pain de 500g|[Origine : FRANCE]|"
7,30€ / Kg"|"
3,65 €"
1198|Beurre demi-sel, aux cristaux de sel de mer de Noirmoutier|La plaquette de 125g|[Origine : FRANCE, Beurre, cristaux de sel marin 2%, sel 1% maxi (sel ajouté 3% maxi). 80% de mat. gr. minimum., A conserver entre +2°C et +6°C]|"
8,96€ / Kg"|"
1,12 €"
1199|Beurre demi-sel, aux cristaux de sel de mer de Noirmoutier|La plaquette de 250g|[Origine : FRANCE, Pour vous offrir cette délicieuse sensation, Grand Fermage parsème son beurre au sel de mer de Noirmoutier de ces petits grains d'océan.Grains récoltés à la main par les sauniers sur l'île de Noirmoutier, selon une méthode traditionnelle. Tout le caractère marin du sel de Noirmoutier est ainsi préservé et donne au beurre Grand Fermage, au goût de crème, sa saveur à redécouvrir chaque jour, Beurre, cristaux de sel marin 2%, sel 1% maxi (sel ajouté 3% maxi). 80% de matière grasse minimum., A conserver entre +2°C et +6°C.]|"
7,88€ / Kg"|"
1,97 €"
1200|Beurre moule biologique au sel de mer de noirmoutier|Le paquet  250G|[Origine : FRANCE, Les grains de sel de mer, qui lui confèrent sa saveur unique, sont récoltés à la main par les sauniers de l'Ile de Noirmoutier. C'est au coeur de la Vendée, dans notre laiterie de Belleville-sur-Vie, qu'est fabriqué notre beurre biologique., Beurre*, cristaux de sel marin (2%), sel 1% maxi (sel ajoutÍ 3% maxi).* IngrÍdients issus de l'agriculture biologique, Valeur énergétique en Joules :  3020KJ, Valeur énergétique en Kcal : 735KCAL, Glucides : 0.6, Lipides : 81G, Protides :0.6, A conserver entre +2°C et + 6°C.]|"
12,32€ / Kg"|"
3,08 €"
1201|Beurre moule biologique au sel de mer de noirmoutier|Le paquet  250G|[Origine : FRANCE, Les grains de sel de mer, qui lui confèrent sa saveur unique, sont récoltés à la main par les sauniers de l'Ile de Noirmoutier. C'est au coeur de la Vendée, dans notre laiterie de Belleville-sur-Vie, qu'est fabriqué notre beurre biologique., Beurre*, cristaux de sel marin (2%), sel 1% maxi (sel ajoutÍ 3% maxi).* IngrÍdients issus de l'agriculture biologique, Valeur énergétique en Joules :  3020KJ, Valeur énergétique en Kcal : 735KCAL, Glucides : 0.6, Lipides : 81G, Protides :0.6, A conserver entre +2°C et + 6°C.]|"
12,32€ / Kg"|"
3,08 €"
1202|Beurre demi-sel, aux cristaux de sel de Guérande|La plaquette de 125g|[Origine : FRANCE]|"
10,00€ / L"|"
1,25 €"
1203|Beurre gastronomique demi-sel 80% de Mat. Gr.|La barquette de 250g|[Origine : FRANCE, Source naturelles de vitamines A, D et E, le beurre vous apporte chaque jour ses bienfaits., Beurre, sel (3% max.). 80% de matière grasse., Valeur énergétique en Joules :  3051Kj, Valeur énergétique en Kcal : 730KCal, Glucides : 1g, Lipides : 80g, Protides :1g, A conserver à +8°C max.]|"
8,36€ / Kg"|"
2,09 €"
1204|Beurre demi-sel, tendre|La barquette de 250g|[Origine : FRANCE, Beurre, sel (3% max.). 80% de MG. Garanti sans additif., A conserver à + 8°C maximum.]|"
7,68€ / Kg"|"
1,92 €"
1205|Beurre gastronomique demi-sel, 80%mg|La plaquette de 250g|[Origine : FRANCE, Beurre, sel (3% max), Valeur énergétique en Joules :  2980, Valeur énergétique en Kcal : 725, Glucides : 0,5, Lipides : 80, Protides :0,7, à conserver entre +2 C et +8 C]|"
7,84€ / Kg"|"
1,96 €"
1206|Beurre tendre demi-sel|Le beurrier de 125g|[Origine : FRANCE]|"
10,88€ / Kg"|"
1,36 €"
1207|Demi-sel, grain de sel de mer, cloche fraîcheur, 80% de MG|La motte de 250g|[Origine : FRANCE, Chez Président, nous fabriquons La Motte avec un soin particulier, qui s'appuie sur notre long savoir-faire : nous sélectionnons rigoureusement les meilleures crèmes, nous les barattons en douceur, pour en développer toutes les saveurs et nous respectons toutes les étapes de fabrication traditionnelle., Pour ouvrir : appuyez sur la cloche et tournez jusqu'aux encoches. Pour fermer : appuyez et tournez la cloche sur le plateau. Pour retirer le papier : tirez sur les languettes., Beurre, sel (3% max.)., A conserver à +8°C maximum.]|"
9,72€ / Kg"|"
2,43 €"
1208|Beurre cru doux, fabriqué en baratte traditionnelle|La plaquette de 250g|[Origine : FRANCE, Crème de lait cru, ferments lactiques., Valeur énergétique en Joules :  3054kj, Valeur énergétique en Kcal : 700kcal, Glucides : 0,5g, Lipides : 82g, Protides :0,7g]|"
7,56€ / Kg"|"
1,89 €"
1209|Beurre doux|La barquette de 250g|[Origine : BELGIQUE, Grâce à la sélection des matières grasses laitières et à la technologie employée, le beurre tendre Monoprix est parfaitement tartinable dès sa sortie du réfrigérateur., Crème de lait pasteurisée, matière grasse laitière, ferments lactiques., Valeur énergétique en Joules :  3060Kj, Valeur énergétique en Kcal : 732KCal, Glucides : 0,8g, Lipides : 82g, Protides :0,7g, A conserver entre 0°C et +6°C.]|"
6,48€ / Kg"|"
1,62 €"
1210|Beurre doux, AOP Charentes-Poitou, fabriqué en baratte|Le rouleau de 250g|[Origine : FRANCE, Crème de lait, ferments lactiques. Contient 82% de MG., Valeur énergétique en Joules :  3054kj, Valeur énergétique en Kcal : 743kcal, Glucides : 0,5g, Lipides : 82g, Protides :0,7g, A conserver entre 0°C et +6°C.]|"
7,92€ / Kg"|"
1,98 €"
1211|Beurre doux, extra-fin|La barquette de 250g|[Origine : FRANCE, Beurre extra-fin pasteurisé doux 82% matière grasse., Replacez au réfrigérateur après utilisation., Crème de lait pasteurisée, ferments lactiques., Valeur énergétique en Joules :  3063kj, Valeur énergétique en Kcal : 745kcal, Glucides : 1g, Lipides : 82g, Protides :0,7g, A conserver entre 0°C et +6°C.]|"
6,44€ / Kg"|"
1,61 €"
1212|Beurre doux, extra-fin|La plaquette de 250g|[Origine : FRANCE, Crème de lait pasteurisée, ferments lactiques. 82% de mat. gr., Valeur énergétique en Joules :  3056Kj, Valeur énergétique en Kcal : 731KCal, Glucides : 0,5g, Lipides : 82g, Protides :0,8g, A conserver entre +2°C et +8°C.]|"
5,76€ / Kg"|"
1,44 €"
1213|Beurre doux, extra-fin|La plaquette de 500g|[Origine : FRANCE, Crème de lait pasteurisée, ferments lactiques., Valeur énergétique en Joules :  3043kj, Valeur énergétique en Kcal : 740kcal, Glucides : <0,1g, Lipides : 82g, Protides :0,5g, A conserver entre 0°C et +8°C.]|"
5,54€ / Kg"|"
2,77 €"
1214|Beurre doux, extra-fin, 82% de mat. Gr.|La plaquette de 125g|[Origine : FRANCE, Crème de lait pasteurisée, ferments lactiques., Valeur énergétique en Joules :  3056Kj, Valeur énergétique en Kcal : 743KCal, Glucides : 0,5g, Lipides : 82g, Protides :0,7g, A conserver entre +2°C et +8°C.]|"
7,84€ / Kg"|"
0,98 €"
1215|Beurre doux, extra-fin, 82% de mat. Gr.|Les 2 plaquettes de 250g|[Origine : FRANCE]|"
5,36€ / Kg"|"
2,68 €"
1216|Doux fabriqu{ en baratte, 82% de MG|La plaquette de 250g|[Origine : FRANCE, Fabriqué en plein coeur de la Normandie, à proximité de la mer, le beurre d'Isigny Monoprix Gourmet bénéficie de toutes les richesses liées à la qualité de son terroir : une saveur subtile et une belle couleur jaune bouton d'or. Ses qualités sont reconnues de tous les gourmets depuis le 16e siècle., Afin de préserver toutes les qualités du produit, nous vous recommandons de le conserver dans son papier d'origine. Découvrez sa saveur exceptionnelle en tartine ou en cuisine., Crème de lait pasteurisée, ferments lactiques sélectionnés., Valeur énergétique en Joules :  3054Kj, Valeur énergétique en Kcal : 731KCal, Glucides : 0,5g, Lipides : 82g, Protides :0,7g, A conserver entre +2°C et +6°C]|"
8,32€ / Kg"|"
2,08 €"
1217|Beurre leger et gourmand doux 40 % matiere grasse|Le beurrier de 250 gr|[Origine : FRANCE, Beurre léger doux à 40% de MG., Eau ,beurre, amidon modifié, gélatine, acidifiant : acide lactique, sel (0,4%), émulsifiant : E471, conservateur : sorbate de potassium, colorant : béta-carotène, vitamines A et E, arôme naturel., Valeur énergétique en Joules :  1562kj, Valeur énergétique en Kcal : 379kcal, Glucides : 4g, Lipides : 40g, Protides :0,8g, A conserver entre +2°C et +8°C. Ne pas congeler.]|"
7,64€ / Kg"|"
1,91 €"
1218|Beurre doux, A.O.P des Deux-Sèvres|La plaquette de 250g|[Origine : FRANCE, Beurre Echiré. MG 82%., A conserver à +6°C maxi.]|"
11,16€ / Kg"|"
2,79 €"
1219|Beurre doux, AOC|La plaquette de 100g|[Origine : FRANCE, Beurre échiré. MG 82%.]|"
17,60€ / Kg"|"
1,76 €"
1220|Beurre doux|La barquette de 250g|[Origine : FRANCE, Le Beurre Tendre d'Elle & Vire, fabriqué au coeur de la Normandie, est un beurre au goût frais et riche en saveurs.Naturellement tendre, il acquiert sa texture souple grâce à l'attention et au savoir-faire des maîtres beurriers d'Elle & Vire., Facile à tartiner dès la sortie du réfrigérateur, il est idéal pour vos tartines du matin. Utilisez-le aussi pour vos pâtisseries, la cuisson de vos aliments ou pour apporter une touche savoureuse à tous vos plats chauds ou vos crudités., Beurre doux : 82% de matière grasse. Ne contient aucun conservateur conformément à la réglementation., A conserver à +8°C max. Replacer rapidement au réfrigérateur après usage.]|"
8,04€ / Kg"|"
2,01 €"
1221|Beurre doux|La plaquette de 250g|[Origine : FRANCE, Noisy d'Elle & Vire est fabriqué au coeur de la Normandie. Il est élaboré à partir de crèmes de grande qualité, sélectionnées et barattées avec soin, qui en font un beurre gourmand et savoureux., Beurre, colorant : béta-carotène., Valeur énergétique en Joules :  3060Kj, Valeur énergétique en Kcal : 732Kcal, Glucides : 0,8g, Lipides : 82g, Protides :0,7g, Conservation à + 6°c maximum.]|"
9,08€ / Kg"|"
2,27 €"
1222|Beurre doux, fabriqué en Normandie|Les 16 portions de 12,5g|[Origine : FRANCE, Le beurre gastronomique Elle & Vire a donc toute sa place dans votre alimentation pour allier plaisir et nutrition. Bonne dégustation !La vitamine A joue un rôle essentiel pour la vision. La vitamine D favorise la fixation de calcium et participe à la solidité des os et des dents. La vitamine E, au rôle anti-oxydant, contribue à la protection des membranes cellulaires., Beurre doux 82% M.G., Valeur énergétique en Joules :  3060, Valeur énergétique en Kcal : 731,1, Glucides : 0,8, Lipides : 82, Protides :0,7, A conserver à + 8°C maximum.]|"
11,95€ / Kg"|"
2,39 €"
1223|Beurre doux, gastronomique|La plaquette de 250g|[Origine : FRANCE, Fabriqué au coeur de la Normandie, la plaquette Elle & Vire vous séduira par sa saveur délicate et sa texture onctueuse., Vous l'apprécierez aussi bien sur vos tartines qu'en cuisine, à la poêle ou dans vos pâtisseries !, Crème pasteurisée, ferments lactiques émulsifiants : E471, colorant : Bêta-carotène., A conserver à +8°C max.]|"
6,12€ / Kg"|"
1,53 €"
1224|Le beurre de la laiterie de Condé-sur-Vire, doux|Le rouleau de 250g|[Origine : FRANCE, Au bon goût de crème., Valeur énergétique en Joules :  3060, Valeur énergétique en Kcal : 744, Glucides : 0,8, Lipides : 82, Protides :0,7, A conserver à +8°C max.]|"
8,04€ / Kg"|"
2,01 €"
1225|Le beurre tendre de normandie, 80% de matière grasse, doux|La barquette de 250g|[Origine : FRANCE]|"
7,76€ / Kg"|"
1,94 €"
1226|Beurre doux, extra-fin, AOC|La barquette de 250g|[Origine : FRANCE, Le choix gourmand d'un terroir de traditions laitières qui donne onctuosité et fraîcheur à notre AOC Charentes Poitou.D'une saveur fine et rare issue de la maturation biologiquye de la crème et d'un mode traditionnel de fabrication, d'une qualité irréprochable et contrôlée garantie par des tests spécifiques et des contrôles réguliers., Crème fraîche, ferments lactiques., Conservation à + 6°c maximum.]|"
8,20€ / Kg"|"
2,05 €"
1227|Beurre moulé doux, certifié agriculture biologique|La plaquette de 125g|[Origine : FRANCE]|"
13,92€ / Kg"|"
1,74 €"
1228|Beurre moulé doux, certifié agriculture biologique|La plaquette de 125g|[Origine : FRANCE]|"
13,92€ / Kg"|"
1,74 €"
1229|Beurre doux, fabriqué en baratte|La barquette de 250g|[Origine : FRANCE, Fabriqué à l'ancienne dans une baratte, ce beurre est 100% naturel, sans colorant ni conservateur. Produit du terroir, ce beurre au lait cru exalte de multiples saveurs en fonction de l'alimentation des vaches et des saisons., Matière grasse 82%. Sans colorant ni conservateur., Nous vous conseillons de conserver le beurre à température ambiante après ouverture. A conserver à +8°C maxi.]|"
9,84€ / Kg"|"
2,46 €"
1230|Beurre demi-sel, 80% de mat. Gr.|La Motte de beurre de 250 gr|[Origine : FRANCE, Chez Président, c'est grâce à notre long savoir-faire dans la fabrication du beurre que nous vous offrons un beurre tendre sans aucun additif et aussi bon que notre beurre gastronomique., Pour ouvrir : appuyez sur la cloche et tournez jusqu'aux encoches. Pour fermer : appuyer et tournez la cloche sur le plateau. Pour retirer le papier : tirez sur les languettes., A conserver à +8°C max.]|"
9,56€ / Kg"|"
2,39 €"
1231|Beurre doux|La boîte de 250g|[Origine : FRANCE, La Motte Président conservera ses qualités grâce à sa cloche fraîcheur et à son papier complètement opaque qui contribuent à la protéger des agressions de l'air et de la lumière.Chez Président nous fabriquons La Motte avec un soin particulier, qui s'appuie sur notre long savoir-faire : nous sélectionnons rigoureusement les meilleures crèmes, nous les barattons en douceur, pour en développer toutes les saveurs, et nous respectons toutes les étapes de fabrication traditionnelle., Pour ouvrir : appuyez sur la cloche et tournez jusqu'aux encoches. Pour fermer : appuyez et tournez la cloche sur le plateau. Pour retirer le papier : tirez sur les languettes., Beurre doux pasteurisé -82% de MG., A conserver à + 8°C max.]|"
9,32€ / Kg"|"
2,33 €"
1232|Beurre biologique doux 82% de Mat. Gr.|La plaquette de 250g|[Origine : FRANCE, Pour adulte seulement. Ne pas utiliser sur des gencives sensibles. En cas d'effets indésirables, ne plus utiliser et consulter votre dentiste., Crème pasteurisée issue de l'agriculture biologique, Ferments lactiques., Valeur énergétique en Kcal : 743kcal, Glucides : 5g, Lipides : 82g, Protides :7g, A conserver au réfrigérateur entre 0 et +6°C.]|"
9,80€ / Kg"|"
2,45 €"
1233|Beurre biologique doux 82% de Mat. Gr.|La plaquette de 250g|[Origine : FRANCE, Pour adulte seulement. Ne pas utiliser sur des gencives sensibles. En cas d'effets indésirables, ne plus utiliser et consulter votre dentiste., Crème pasteurisée issue de l'agriculture biologique, Ferments lactiques., Valeur énergétique en Kcal : 743kcal, Glucides : 5g, Lipides : 82g, Protides :7g, A conserver au réfrigérateur entre 0 et +6°C.]|"
9,80€ / Kg"|"
2,45 €"
1234|Beurre Tendre doux 82% de Mat. Gr.|La barquette de 250g|[Origine : FRANCE, Beurre pasteurisé doux 82% de matière grasse., A conserver à +8°C max.]|"
7,72€ / Kg"|"
1,93 €"
1235|Beurre gastronomique doux 82% de Mat. Gr.|La barquette de 250g|[Origine : FRANCE, Source naturelle de vitamines A et D, le beurre vous apporte chaque jour ses bienfaits.  Concours Général Agricole, Médaille d'Or Paris 2011., Beurre doux pasteurisé. 82% de matière grasse., Valeur énergétique en Joules :  3051Kj, Valeur énergétique en Kcal : 730KCal, Glucides : 1g, Lipides : 82g, Protides :1g, A conserver à +8°C maximum.]|"
8,20€ / Kg"|"
2,05 €"
1236|Beurre gastronomique doux 82% de Mat. Gr.|La plaquette de 125g|[Origine : FRANCE, Riche en arômes et source naturelle de vitamines A et D, le beurre Président est idéal pour un petit déjeuner alliant plaisir et équilibre., Beurre pasteurisé doux 82% de matière grasse., A conserver à +8°C max.]|"
9,28€ / Kg"|"
1,16 €"
1237|Beurre doux pasteurisé, 82% de mat. Gr.|La barquette de 125g|[Origine : FRANCE, Beurre doux pasteurisé 82% de MG. Garanti sans additif., A conserver à +8°C maximum.]|"
11,44€ / Kg"|"
1,43 €"
1238|Beurre gastronomique doux, 82%mg|La plaquette de 250g|[Origine : FRANCE, Beurre, Valeur énergétique en Joules :  3054, Valeur énergétique en Kcal : 743, Glucides : 0,5, Lipides : 82, Protides :0,7, à conserver entre +2 C et +8 C]|"
7,16€ / Kg"|"
1,79 €"
1239|Motte de beurre tendre doux|La motte de 250g|[Origine : FRANCE, Chez Président, c'est grâce à notre long savoir-faire dans la fabrication du beurre que nous vous offrons un beurre tendre, sans aucun additif et aussi bon que notre beurre gastronomique., Pour ouvrir : appuyer sur la cloche et tournez jusqu'aux encoches. Pour fermer : appuyez et tournez la cloche sur le plateau. Pour retirer le papier : tirez sur les languettes., Beurre doux pasteurisé. 82% de Matière Grasse. Sans additif., A conserver à +8°C.]|"
9,36€ / Kg"|"
2,34 €"
1240|Margarine, riche en vitamine E, 60% de mat. Gr.|La barquette de 500g|[Origine : FRANCE, huiles et graisses végétales non hydrogénées 60% (tournesol 50% minimum,colza,palme,palmiste)-eau-émulsifiant: esters citriques de mono-et diglycérides d'acides gras-sel 0,4%-lait écrémé en poudre-arômes naturels-correcteur d'acidité: acide citrique-conservateur-sorbate de potassium-antioxygène: extrait riche en tocophérols-colorant: béta-carotène., Valeur énergétique en Joules :  2225kj, Valeur énergétique en Kcal : 541kcal, Glucides : 0,2g, Lipides : 60g, Protides :0,1g]|"
3,60€ / Kg"|"
1,80 €"
1241|Margarine, à tartiner et à cuisiner, formule anti-éclaboussures|La barquette de 500g|[Origine : FRANCE, Grâce à sa formule anti-éclaboussures, Astra vous permet de limiter au maximum les projections lorsque vous réalisez des cuissons à la poêle ou en cocotte. Avec Astra formule anti-éclaboussures, cuisiner est un plaisir !, Huiles végétales en l'état et hydrogénées, eau, sel (0.7%), émulsifiants (lécithine, mono et diglycérides), lactosérum en poudre, correcteur d'acidité (acide citrique), colorant (béta-carotène ou provitamine A)., Valeur énergétique en Joules :  2590, Valeur énergétique en Kcal : 618,8, Glucides : 0,2, Lipides : 70, Protides :0,03, Conservation entre 0 et +8°c maximum.]|"
4,10€ / Kg"|"
2,05 €"
1242|Margarine, à cuisiner et tartiner, aux esters de stérol végétal|La barquette de 500g|[Origine : FRANCE, Fruit d'Or proactive contient des stérols végétaux ajoutés qui agissent activement en limitant l'absorption du cholestérol dans le sang.Naturellement riche en vitamine E., Fruit d'Or pro-activ est exclusivement destinée aux personnes qui doivent réduire leur taux de cholestérol sanguin., Huiles végétales non hydrogénées, eau, esters de stérol végétal (12,5% dont 7,5% de stérol végétal), sel (0,55%), émulsifiants (lécithine de tournesol, mono et diglycérides d'acides gras), poudre de babeurre (lait), conservateur : sorbate de potassium, correcteur d'acidité : acide citrique, arômes, colorant : béta-carotène., Valeur énergétique en Joules :  2297, Valeur énergétique en Kcal : 548,8, Glucides : 0,1, Lipides : 62, Protides :0,1, Conservez au froid entre 0°C et 8°C.]|"
12,62€ / Kg"|"
6,31 €"
1243|Margarine, à tartiner, 35% de mat. Gr.|La barquette de 260g|[Origine : FRANCE]|"
11,85€ / Kg"|"
3,08 €"
1244|Margarine, à tartiner, 35% de mat. Gr., aux esters de stérol végétal|La barquette de 500g|[Origine : FRANCE, Fruit d'Or Pro.Activ contient des stérols végétaux ajoutés qui agissent activement en limitant l'absorption du cholestérol dans le sang., Ne convient pas à la cuisson. Pour réduire significativement votre taux de cholestérol sanguin, mangez 3 portions de Fruit d'Or Pro.Activ chaque jour permet de réduire significativement son taux de cholestérol dès 3 semaines dans le cadre d'un régimeadapté particulièrement riche en fruits et légumes. Fruit d'Or Pro-Activ est exclusivement destinée aux personnes qui doivent réduire leur taux de cholestérol sanguin. Les patients sous traitement hypocholestérolémiant doivent consulter leur médecinavant de consommer ce produit. Ce produit peut ne pas convenir aux femmes enceintes ou allaitant ainsi qu'aux enfants de moins de 5 ans car ils ont des besoins nutritionnels spécifiques., Eau, huiles végétales non hydrogénées, esters de stérol végétal (12,5% dont 7,5% de stérol végétal), amidon modifié de tapioca, sel (0,7%), émulsifiants: lécithine de tournesol, mono- et diglycérides d'acides gras, poudre de babeurre (lait), conservateur: sorbate de potassium, correcteur d'acidité: acide citrique, vitamine E, arômes, vitamine B6, vitamine B9 (acide folique), colorant : béta-carotène, vitamine A, vitamine B12 ., Valeur énergétique en Joules :  1331Kj, Valeur énergétique en Kcal : 318KCal, Glucides : 2,5g, Lipides : 35g, Protides :0,1g, Conservez au froid entre 0° et 8°C.]|"
13,92€ / Kg"|"
6,96 €"
1245|Margarine, à tartiner, demi-sel|La barquette de 260g|[Origine : FRANCE, Fruit d'Or pro-activ contient des stérols végétaux qui baissent le taux de cholestérol sanguin en limitant son absorption dans le sang., Fruit d'Or pro-activ est exclusivement destinée aux personnes qui doivent réduire leur taux de cholestérol sanguin. Les patients sous traitement hypocholestérolémiant doivent consulter leur médecin avant de consommer ce produit. Ce produit peut ne pas convenir aux femmes enceintes ou allaitant ainsi qu'aux enfants de moins de 5 ans car ils ont des besoins nutritionnels spécifiques., Eau, huiles végétales non hydrogénées, esters de stérol végétal (12,5% dont 7,5% de stérol végétal), amidon modifié, sel 1,2%, émulsifiants : lécithine de tournesol et mono-, diglycérides d'acides gras, poudre de babeurre (lait),  conservateur : sorbate de potassium, correcteur d'acidité : acide citrique, arôme, colorant : bêta-carotène, vitamines A et D., Valeur énergétique en Joules :  1300kj, Valeur énergétique en Kcal : 320kcal, Glucides : 1g, Lipides : 35g, Protides :0,1g, A conserver au réfrigérateur entre 0°C et 8°C.]|"
13,92€ / Kg"|"
3,62 €"
1246|Margarine, à tartiner et cuisiner, 62% de mat. Gr.|La barquette de 260g|[Origine : FRANCE]|"
14,27€ / Kg"|"
3,71 €"
1247|Margarine légère et sans lactose|La barquette de 250g|[Origine : FRANCE, Huiles végétales non hydrogénées (50%), eau, émulsifiants : lécithine de tournesol et mono- et diglycérides d'acides gras, sel (0,3%), amidon modifié, conservateur : sorbate de potassium, correcteur d'acidité : acide citrique, arômes, colorant : bêta-carotène, vitamine A et D.]|"
7,76€ / Kg"|"
1,94 €"
1248|Margarine tartine et cuisson aux oméga 3&6, doux|La barquette de 510g|[Issu de la pression d'un mélange unique de graines de tournesol, lin et colza, Fruit d'Or contient naturellement des Oméga 3 et 6 et de la vitamine E, un antioxydant naturel., Fruit d'Or doux s'utilise : en tartine, en cuisson & pâtisserie, fondu sur les plats chauds., Huiles végétales non hydrogénées (60%), eau, sel (0,4%), émulsifiants : lécithine de tournesol et mono- diglycérides d'acides gras, poudre de babeurre (lait), conservateur : sorbate de potassium, correcteur d'acidité : acide citrique, arômes, colorant : bêta-carotène, vitamines A et D., Valeur énergétique en Joules :  2200kj, Valeur énergétique en Kcal : 540kcal, Glucides : 0,5g, Lipides : 60g, Protides :0,5g, A conserver au réfrigérateur entre 0°C et 8°C.]|"
5,88€ / Kg"|"
3,00 €"
1249|Margarine tartine et cuisson aux omégas 3&6, demi-sel|La barquette de 510g|[Issu de la pression d'un mélange unique de graines de tournesol, lin et colza, Fruit d'Or contient naturellement des Oméga 3 et 6 et de la vitamine E, un antioxydant naturel., Fruit d'Or demi-sel s'utilise : en tartine, en cuisson & pâtisserie, fondu sur les plats chauds., Huiles végétales non hydrogénées (60%), eau, sel (1,4%), émulsifiants : lécithine de tournesol et mono-diglycérides d'acides gras, poudre de babeurre (lait), conservateur : sorbate de potassium, correcteur d'acidité : acide citrique, arômes, colorant: bêta-carotène, vitamines A et D., Valeur énergétique en Joules :  2200kj, Valeur énergétique en Kcal : 540kcal, Glucides : 0,5g, Lipides : 60g, Protides :0,5g, A conserver au réfrigérateur entre 0°C et 8°C.]|"
6,25€ / Kg"|"
3,19 €"
1250|Margarine, à tartiner et à cuisiner, doux|La barquette de 250g|[Origine : FRANCE, Tendre dès sa sortie du réfrigérateur, le fleurier vous apporte en tartine toute sa saveur et sa finesse. en cuisine, il sait révéler le goût des aliments à la poêle, au four ou en cocotte. enfin le fleurier s'incorpore parfaitement à toutes les préparations pour vous offrir des pâtisseries vraiment savoureuses, Huiles végétales non hydrogénées 43 % (colza, coprah, palme), eau, beurre (17.5%), lait écrémé, émulsifiants végétaux : e471 et lécithine de soja, sel (0.4%), conservateur e 202, correcteur d'acidité : e270, arômes, colorant : bêta-carotène, Valeur énergétique en Joules :  2230Kj, Valeur énergétique en Kcal : 533KCal, De 0 à 8°]|"
7,96€ / Kg"|"
1,99 €"
1251|Margarine Tendre mousse|La barquette de 320g|[Origine : SUEDE, Laissez-vous surprendre par Planta Fin Tendre Mousse ! Savourez sa texture fouettée, délicatement aérée et fondante, à la fois légère et gourmande. Planta Fin Tendre Mousse réveillera vos sens et ceux de votre famille pour démarrer la journée en toute légèreté !, S'utilise en tartine, en pâtisserie et fondu sur vos plats chauds., Eau, huiles végétales 39%, amidon modifié, poudre de babeurre (lait), sel (0,49%), émulsifiants : mono-diglycérides d'acides gras, lécithine de tournesol et polyricinoléate de polyglycerol, conservateur : sorbate de potassium, correcteur d'acidité :acide lactique, vitamines A et D, arôme, colorant : bêta-carotène., Valeur énergétique en Joules :  1550kj, Valeur énergétique en Kcal : 360kcal, Glucides : 1,5g, Lipides : 39g, Protides :0,5g, A conserver entre 0°C et +8°C.]|"
9,38€ / Kg"|"
3,00 €"
1252|Planta fin cuisine facile|La bouteille de 500ml|[Origine : PAYS-BAS, Ne brûle pas et n'éclabousse pas, même à très haute température. Facile à dorer, pour utiliser juste ce qu'il faut de matière grasse. Une prise en main immédiate, pour plus de liberté en cuisine. Le Tout sans conservateur. Idéal pour réussir de belles cuissons., Agiter la bouteille. Verser Planta Fin Cuisine Facile dans la poêle et laisser chauffer jusqu'à ce que les petites bulles commencent à disparaître, signalant la température de cuisson idéale. Baisser le feu et ajouter délicatement les ingrédients puis reprendre la cuisson. Après ouverture, bien penser à replacer la bouteille au réfrigérateur., Pour mieux apprécier ce produit, nous vous conseillons de le placer au réfrigérateur.]|"
5,08€ / L"|"
2,54 €"
1253|Planta fin cuisine facile huile d'olive|La bouteille de 500ml|[Origine : PAYS-BAS, Ne brûle pas et n'éclabousse pas, même à très haute température. Facile à dorer, pour utiliser juste ce qu'il faut de matière grasse. Une prise en main immédiate, pour plus de liberté en cuisine. Le Tout sans conservateur. Idéal pour réussir de belles cuissons., Agiter la bouteille. Verser Planta Fin Cuisine Facile à l'huile d'olive dans la poêle et laisser chauffer jusqu'à ce que les petites bulles commencent à disparaître, signalant la température de cuisson idéale. Baisser le feu et ajouter délicatement les ingrédients puis reprendre la cuisson. Après ouverture, bien penser à replacer la bouteille au réfrigérateur., Huile de colza en l'état et hydrogénée 66%, eau, huile d'olive 16%, sel 1,5%, émulsifiants : lécithines (dont soja), arômes, colorant : caroténoïdes, vitamines A et D, acidifiant : acide citrique., Valeur énergétique en Joules :  2700kj, Valeur énergétique en Kcal : 660kcal, Glucides : <0,5g, Lipides : 74g, Protides :<0,5g, Pour mieux apprécier ce produit, nous vous conseillons de le placer au réfrigérateur.]|"
5,68€ / L"|"
2,84 €"
1256|Planta Fin demi-sel|La barquette de 250g|[Origine : PAYS-BAS, Margarine allégée (60% MG) demi-sel enrichie en vitamines A et D, aux huiles 100% végétales., Irrésistible en tartine, en cuisson ou en pâtisserie., Huiles végétales 60%, eau, poudre de babeurre (lait), sel 1,5%, émulsifiants : mono-diglycérides d'acides gras et lécithine de tournesol, correcteur d'acidité : acide lactique, arôme naturel, colorant : bêta-carotène, vitamines A et D., Valeur énergétique en Joules :  2200kj, Valeur énergétique en Kcal : 540kcal, Glucides : 0,5g, Lipides : 60g, Protides :<0,5g, A conserver au réfrigérateur entre 0°C et 8°C.]|"
6,08€ / Kg"|"
1,52 €"
1259|Planta Fin doux|La barquette de 250g|[Origine : FRANCE, Planta Fin offre à toute la famille des moments de gourmandise. Sa délicieuse recette sans conservateur contient arôme et colorant d'origine naturelle., Irrésistible en tartine, en cuisson ou en pâtisserie., Huiles végétales 60%, eau, poudre de babeurre (lait), émulsifiants : mono-, diglycérides d'acides gras et lécithine de tournesol, sel 0,3%, correcteur d'acidité : acide lactique, arôme naturel, colorant : bêta-carotène, vitamines A et D., Valeur énergétique en Joules :  2200kj, Valeur énergétique en Kcal : 540kcal, Glucides : 0,5g, Lipides : 60g, Protides :<0,5g, A conserver au réfrigérateur entre 0°C et 8°C.]|"
5,56€ / Kg"|"
1,39 €"
1260|Planta Fin doux, tarine et cuisson|Le beurrier de 510g|[Origine : FRANCE, Planta Fin vous apporte une recette délicieuse : en tartine ou en cuisson, Planta Fin se décline à l'infini pour le plus grand plaisir de toute la famille., Huiles végétales 60%, eau, poudre de babeurre (lait), émulsifiants : lécithine de tournesol et mono-, diglycérides d'acides gras, sel (0,3%), correcteur d'acidité : acide lactique, conservateur : sorbate de potassium, arôme, vitamine A et D, colorant: bêta carotène., Valeur énergétique en Joules :  2236kj, Valeur énergétique en Kcal : 544kcal, Glucides : 0,5g, Lipides : 60g, Protides :0,4g, Conservez au réfrigérateur entre 0°C et 8°C.]|"
5,16€ / Kg"|"
2,63 €"
1261|Beurre aux éclats de chocolat, à tartiner|La barquette de 225g|[Origine : FRANCE, Le bon goût frais et onctueux de Président allié à de fins éclats de chocolat Idéal pour vos tartines !, De fines gouttes d'eau peuvent apparaître autour des éclats. Ceci n'altère en rien la qualité du produit., Matière grasses laitière à tartiner (beurre, crème légère, ferments lactiques), éclats de chocolat 25% (cacao 50%, sucre, beurre de cacao, émulsifiant : lécithine de tournesol)., Valeur énergétique en Joules :  2479kj, Valeur énergétique en Kcal : 601kcal, Glucides : 15g, Lipides : 59g, Protides :2,4g]|"
10,13€ / Kg"|"
2,28 €"
1262|Margarine allégée à tartiner, riche en oméga 3 et vitamine E|La barquette de 250g|[Origine : FRANCE, Primevère léger vous aide à maîtriser votre consommation de matières grasses et vous apporte des insaturés (oméga 3, 6 et 9).Les oméga 3 contribuent au bon fonctionnement du système cardio-vasculaire. C'est pourquoi Primevère est également riche en oméga 3., A utiliser pour tartiner ou laisser fondre sur les aliments. Ne pas utiliser en cuisson. Ne pas congeler., Eau, huiles et graisses végétales (25%), émulsifiants : mono et di-glycérides dacides gras, E476, sel (0.5%), épaississant : pectine, conservateur : sorbate de potassium, arômes, correcteur dacidité : acide citrique, antioxygène : extrait riche entocophérols, colorant : bêta-carotène. Ne contient pas d'huiles végétales hydrogénées., Valeur énergétique en Joules :  942kj, Valeur énergétique en Kcal : 229kcal, Glucides : 1g, Lipides : 25g, Protides :traces, Afin de préserver les qualités organoleptiques de votre produit, pensez à le replacer dans le réfrigérateur muni de son couvercle (entre 2 et 12°), rapidement après utilisation.]|"
8,76€ / Kg"|"
2,19 €"
1263|Margarine tartine au miel|La barquette de 250g|[Origine : FRANCE]|"
8,44€ / Kg"|"
2,11 €"
1264|Margarine tartine doux, 55% de mat. Gr.|La barquette de 250g|[Origine : FRANCE]|"
7,64€ / Kg"|"
1,91 €"
1265|Primevère tartine, matière grasse à tartiner demi sel, 55% mg|La barquette de 250g|[Origine : FRANCE, Formule aux Oméga 3 et 6 (ALA et LA) qui contribuent à maintenir un taux de cholestérol normal. Riche en vitamine B1 qui contribue au bon fonctionnement du coeur., Tartine/Fondu sur les plats chauds., Huiles végétales non hydrogénées (55%), eau, sel (1,2%), émulsifiants : mono et diglycérides d'acides gras, lait écrémé en poudre, conservateur : sorbate de potassium, correcteur d'acidité, arômes (lait), anti-oxygène : extrait riche en tocophérols,vitamine B1, colorant : béta-carotène., Valeur énergétique en Joules :  2040kj, Valeur énergétique en Kcal : 496kcal, Glucides : 0,2g, Lipides : 55g, Protides :0,1g, Conservation entre+2° et +12° C.]|"
8,20€ / Kg"|"
2,05 €"
1266|Primevère tartine, matière grasse à tartiner doux, 55% mg|La barquette de 500g|[Origine : FRANCE, Formule aux oméga 3 et 6 (ALA et LA) qui contribuent à maintenir un taux de cholestérol normal. Riche en vitamine B1 qui contribue au bon fonctionnement du coeur., En tartine/Fondu sur les plats chauds., Huiles végétales non hydrogénées (55%), eau, émulsifiants : mono et diglycérides d'acides gras, sel (0,4%), lait écrémé en poudre, conservateur : sorbate de potassium, correcteur d'acidité : acide citrique, arômes (lait), anti-oxygène : extrait richeen tocophérols, vitamine B1, colorant : béta-carotène., Valeur énergétique en Joules :  2040kj, Valeur énergétique en Kcal : 496kcal, Glucides : 0g, Lipides : 55g, Protides :0g, Conservation entre +2°C et +12° C.]|"
7,34€ / Kg"|"
3,67 €"
1267|Primevère tartine & cuisson, 55% de matière grasse, issu de l'agriculture biologique|La barquette de 250g|[Origine : FRANCE, Primevère Bio, c'est une sélection d'ingrédients biologiques de qualité, associée aux bénéfices cholestérol et cardiovasculaire de Primevère.Primevère Bio est riche en insaturés (oméga 3, 6 et 9) recommandés dans le cadre d'une alimentation visant àmaintenir un taux de cholestérol sain, et contient des Oméga 3 qui participent au bon fonctionnement du système cardiovasculaire., Primevère vous recommande de consommer 3 portions de 10g par jour, soit 30g en tartine, en cuisson, ou fondues sur vos aliments dans le cadre d'une alimentation variée et équilibrée et une hygiène de vie adaptée., Huiles végétales biologiques non hydrogénées (55%), eau, émulsifiant : lécithine, sel (0,4%), arômes naturels (dont lait), correcteur d'acidité : jus de citron concentré biologique., Valeur énergétique en Joules :  2037kj, Valeur énergétique en Kcal : 495kcal, Glucides : Traces, Lipides : 55g, Protides :Traces, A conserver entre 2°C et 12°C.]|"
9,92€ / Kg"|"
2,48 €"
1268|Primevère tartine & cuisson, 55% de matière grasse, issu de l'agriculture biologique|La barquette de 250g|[Origine : FRANCE, Primevère Bio, c'est une sélection d'ingrédients biologiques de qualité, associée aux bénéfices cholestérol et cardiovasculaire de Primevère.Primevère Bio est riche en insaturés (oméga 3, 6 et 9) recommandés dans le cadre d'une alimentation visant àmaintenir un taux de cholestérol sain, et contient des Oméga 3 qui participent au bon fonctionnement du système cardiovasculaire., Primevère vous recommande de consommer 3 portions de 10g par jour, soit 30g en tartine, en cuisson, ou fondues sur vos aliments dans le cadre d'une alimentation variée et équilibrée et une hygiène de vie adaptée., Huiles végétales biologiques non hydrogénées (55%), eau, émulsifiant : lécithine, sel (0,4%), arômes naturels (dont lait), correcteur d'acidité : jus de citron concentré biologique., Valeur énergétique en Joules :  2037kj, Valeur énergétique en Kcal : 495kcal, Glucides : Traces, Lipides : 55g, Protides :Traces, A conserver entre 2°C et 12°C.]|"
9,92€ / Kg"|"
2,48 €"
1269|Primevère tartine & cuisson, 63%mg|La barquette de 250g|[Origine : FRANCE, Formule aux Oméga 3 et 6 (ALA et LA) qui contribuent à maintenir un taux de cholestérol normal. Riche en vitamine B1 qui contribue au bon fonctionnement du coeur., En tartine/Cuisson à la poêle/Four et cocotte, gâteaux., Huiles et graisses végétales (63%), eau, émulsifiants : mono et diglycérides d'acides gras, lécithine de soja, esters citriques de mono et diglycérides d'acides gras, sel (0,25%), lait écrémé en poudre, conservateur : sorbate de potassium, correcteurd'acidité : acide citrique, arômes (lait), antioxygène : extrait riche en tocophérols, vitamine B1, colorant : béta carotène., Valeur énergétique en Joules :  2334kj, Valeur énergétique en Kcal : 568kcal, Glucides : 0g, Lipides : 63g, Protides :0g, Conservation entre+2° et +12° C.]|"
7,84€ / Kg"|"
1,96 €"
1270|Primevère tartine & cuisson, 63%mg|La barquette de 500g|[Origine : FRANCE, Formule aux Oméga 3 et 6 (ALA et LA) qui contribuent à maintenir un taux de cholestérol normal. Riche en vitamine B1 qui contribue au bon fonctionnement du coeur., En tartine/Cuisson à la poêle, four et cocotte/Gâteaux., Huiles et graisses végétales (63%), eau, émulsifiants : mono et diglycérides d'acides gras, lécithine de soja, esters citriques de mono et diglycérides d'acides gras, sel (0,25%), lait écrémé en poudre, conservateur : sorbate de potassium, correcteurd'acidité : acide citrique, arômes (lait), antioxygène : extrait riche en tocophérols, vitamine B1, colorant : béta carotène., Valeur énergétique en Joules :  2334kj, Valeur énergétique en Kcal : 568kcal, Glucides : 0g, Lipides : 63g, Protides :0g, Conservation entre+2° et +12° C.]|"
7,54€ / Kg"|"
3,77 €"
1271|Doux|La barquette de 510g|[Origine : FRANCE, Huiles vÍgÍtales (39%), eau, beurre (15.5%), lait ÍcrÍmÍ, Ímulsifiants vÍgÍtaux (mono et diglycÍrides d'acides gras, lÍcithine), sel (0.5%), ar«mes, conservateur (sorbate de potassium), correcteur d'aciditÍ (acide lactique), colorant (b²ta-carotÈne), Valeur énergétique en Joules :  1970, Valeur énergétique en Kcal : 480, Glucides : 0.6, Lipides : 53, Protides :0.4]|"
7,57€ / Kg"|"
3,86 €"
1272|St Hubert 41 léger & tendre, 38% de matière grasse, doux|Le beurrier de 510g|[Origine : FRANCE, Avec St Hubert 41, savourez tout le plaisir de tartines savoureuses et légères., Facile à tartiner, s'utilise en pâtisserie, se cuisine à chaleur douce uniquement., Babeurre, huiles vÍgÍtales non hydrogÍnÍes, lait ÍcrÍmÍ, beurre concentrÍ, Ípaississant (E1422), Ímulsifiants vÍgÍtaux (mono et diglycÍrides d'acide gras, E476), sel (0.3%), correcteur d'aciditÍ (E331, acide lactique), conservateur (sorbate de potassium), ar«mes, colorant (b²ta-carotÈne), Valeur énergétique en Joules :  1525kj, Valeur énergétique en Kcal : 370kcal, Glucides : 5,6g, Lipides : 38g, Protides :1,5g, A conserver entre 0° et 8°C.]|"
7,24€ / Kg"|"
3,69 €"
1273|St Hubert omega 3, doux|La barquette de 255g|[Origine : FRANCE, Huiles vÍgÍtales (54%), eau, Ímulsifiants vÍgÍtaux : E471 et lÍcithine, sel (0.4%), ar«mes, colorant : b²ta-carotÈne., Valeur énergétique en Joules :  2004, Valeur énergétique en Kcal : 487, Glucides : 0.1, Lipides : 54, Protides :0.1]|"
8,00€ / Kg"|"
2,04 €"
1274|St Hubert omega 3, doux, tartine et cuisson|Le beurrier de 510g|[Origine : FRANCE, Matière grasse à tartiner et à cuire allégée (54% de mg)., Pâtisserie légère. Délicieux sur des tartines. Cuisson à la poêle, au four ou en cocotte., Huiles vÍgÍtales (54%), eau, Ímulsifiants vÍgÍtaux (E471) et lÍcithine, sel (0.4%), ar«mes, colorant (b²ta-carotÈne), Valeur énergétique en Joules :  2004kj, Valeur énergétique en Kcal : 487kcal, Glucides : 0,1g, Lipides : 54g, Protides :0,1g, A conserver entre 0° et 8°C.]|"
7,12€ / Kg"|"
3,63 €"
1275|St Hubert omega 3, sans sel|La barquette de 250g|[Origine : FRANCE, L'ALA (oméga 3) contribue au maintien d'une cholestérolémie normale, pour une consommation journalière de 2 g, dans le cadre d'une alimentation équilibrée., Tartine et cuisson., Huiles vÍgÍtales (54%), eau, Ímulsifiants : E471 et lÍcithine, ar«mes, colorant : b²ta-carotÈne, correcteur d'aciditÍ : acide lactique, Valeur énergétique en Joules :  2004kj, Valeur énergétique en Kcal : 487kcal, Glucides : <0,1g, Lipides : 54g, Protides :<0,1g, Conserver entre 0°C et +8°C.]|"
9,72€ / Kg"|"
2,43 €"
1276|St Hubert omega 3, sel de mer, tartine et cuisson|Le beurrier de 510g|[Origine : FRANCE, Matière grasse à tartiner et à cuire allégée (54% de MG)., Pâtisserie légère. Délicieux sur tartines. Cuisson à la poêle, au four ou en cocotte., Huiles vÍgÍtales (54%), eau, sel de mer (1.3%), Ímulsifiants vÍgÍtaux (E471) et lÍcithine, ar«mes, colorant (b²ta-carotÈne), Valeur énergétique en Joules :  2004kj, Valeur énergétique en Kcal : 487kcal, Glucides : 0,1g, Lipides : 54g, Protides :0,1g, A conserver entre 0 et 8°C.]|"
7,78€ / Kg"|"
3,97 €"
1277|St Hubert omega 3 Demi sel|La barquette de 255g|[Origine : FRANCE, Huiles vÍgÍtales (54%), eau, sel de mer (1.3%), Ímulsifiants vÍgÍtaux : E471 et lÍcithine, ar«mes, colorant : b²ta-carotÈne., Valeur énergétique en Joules :  2004, Valeur énergétique en Kcal : 487, Glucides : 0.1, Lipides : 54, Protides :0.1]|"
8,00€ / Kg"|"
2,04 €"
1278|Le Fleurier demi-sel, mélange de matières grasses à tartiner et à cuire allégé à 59% MG|Le beurrier de 250g|[Origine : FRANCE, Léger et tendre, le Fleurier apporte à vos tartines toute sa saveur et sa fraîcheur. En cuisine et en pâtisserie, il révèle délicieusement le goût de vos aliments. Le Fleurier, léger et source d'acides gras essentiels, contribue à l'équilibre de votre alimentation., Tartine, cuisine & pâtisserie., Huiles végétales non hydrogénées (44%), beurre (17,5%), eau, lait écrémé, sel de mer (1,6%), émulsifiants végétaux (mono et diglycérides d'acides gras, lécithine de soja), conservateur (sorbate de potassium), correcteur d'acidité (acide lactique), arômes, colorant (bêta-carotène). Contient : lait, soja., Valeur énergétique en Joules :  2200kj, Valeur énergétique en Kcal : 535kcal, Glucides : 0,6g, Lipides : 59g, Protides :0,4g, Conservation entre 0 et +8°C maximum.]|"
8,24€ / Kg"|"
2,06 €"
1279|Margarine, à tartiner, 38% de mat. Gr., demi-sel|La barquette de 250g|[Origine : FRANCE, Avec St Hubert 41, savourez tout le plaisir de tartines au goût authentique & naturellement légères., Facile à tartiner. S'utilise en pâtisserie. Se cuisine à chaleur douce uniquement., Babeurre, huiles végétales non hydrogénées, lait écrémé, beurre concentré, amidon modifié, émulsifiants (E471, E476), sel de mer (1.5%), correcteurs d'acidité (E331, E270), conservateur (E202), arômes, colorant (béta-carotène), vitamines A et E. Contient : lait., Valeur énergétique en Joules :  1488kj, Valeur énergétique en Kcal : 356,0kc, Glucides : 4g, Lipides : 38g, Protides :1,5g, A conserver entre 0° et 8°C.]|"
8,12€ / Kg"|"
2,03 €"
1280|Margarine, à tartiner et à cuisiner, doux, certifié AB|La barquette de 250g|[Origine : FRANCE, Avec des huiles biologiques et une pincée de sel., Pâtisserie. Tartines. Cuisson à la poêle, au four ou en cocotte., Huiles végétales biologiques (58%), eau, émulsifiant végétal : lécithine de soja, sel (0,4%), arômes naturels. Sans huiles hydrogénées. Contient : soja., A conserver entre 0° et 8°C.]|"
9,84€ / Kg"|"
2,46 €"
1281|Margarine, à tartiner et à cuisiner, doux, certifié AB|La barquette de 250g|[Origine : FRANCE, Avec des huiles biologiques et une pincée de sel., Pâtisserie. Tartines. Cuisson à la poêle, au four ou en cocotte., Huiles végétales biologiques (58%), eau, émulsifiant végétal : lécithine de soja, sel (0,4%), arômes naturels. Sans huiles hydrogénées. Contient : soja., A conserver entre 0° et 8°C.]|"
9,84€ / Kg"|"
2,46 €"
1282|Margarine aux pépites de chocolat|La barquette de 225g|[Origine : FRANCE, St Hubert Pépites pour le plaisir authentique d'une tartine avec de délicieuses pépites de chocolat !, lait ÍcrÍmÍ rÍhydratÍ, huiles vÍgÍtales ( 22%) ( colza, coprah), eau, chocolat noir (18%) (pÇte de cacao, beurre de cacao, sucre, ar«me naturel de vanille), beurre (7%),sucre, amidon, Ímulsifiants (mono et diglycÍrides d'acide gras, E476, ar«mes, sel(0,4%, conservateur ( sorbate de potassium), correcteur d'aciditÍ ( acide lactique), colorant ( b²ta-carotÈne), Valeur énergétique en Joules :  1703kj, Valeur énergétique en Kcal : 412kcal, Glucides : 12,5g, Lipides : 39g, Protides :2g, A conserver entre 0°C et 8°C.]|"
11,02€ / Kg"|"
2,48 €"
1283|100% végétale|Les 2 paquets de 500g|[Origine : FRANCE, Pour réussir des frites dorées, légères et croustillantes : la méthode départ à froid de Végétaline., 100% végétale., Avant ouverture, conserver à température ambiante, à conserver au frais et au sec, à conserver à l'abri de l'humidité., Conserver à température ambiante.]|"
6,17€ / Kg"|"
6,17 €"
1284|Crème fleurette, pasteurisée à 33% de mat. gr.|Le flacon de 25cl|[Origine : FRANCE, Crème fraîche fluide pasteurisée à 30% de mat gr., Ce produit contient environ 10 portions., Crème fraîche à 33% de matière grasse., Valeur énergétique en Joules :  1210Kj, Valeur énergétique en Kcal : 294KCal, Glucides : 3,6g, Lipides : 30g, Protides :2,3g, A conserver entre 0°C et +6°C.]|"
6,69€ / L"|"
1,66 €"
1285|Crème fraîche épaisse|Le pot de 20cl|[Origine : FRANCE, Crème fraîche*, ferments lactiques. *ingrédients issus de l'agriculture biologique, A conserver entre 0°C et +6°C.]|"
7,80€ / L"|"
1,56 €"
1286|Crème fraîche épaisse|Le pot de 20cl|[Origine : FRANCE, Crème fraîche*, ferments lactiques. *ingrédients issus de l'agriculture biologique, A conserver entre 0°C et +6°C.]|"
7,80€ / L"|"
1,56 €"
1287|Crème fraîche épaisse, 30% de mat. Gr.|Le pot de 10cl|[Origine : FRANCE, Crème de lait - ferments lactiques sélectionnés., Valeur énergétique en Joules :  1198kj, Valeur énergétique en Kcal : 291kcal, Glucides : 2,9g, Lipides : 30g, Protides :2,3g, A conserver entre +2°c et +6°c.]|"
4,80€ / L"|"
0,48 €"
1288|Crème fraîche épaisse, 30% de mat. Gr.|Le pot de 20cl|[Origine : FRANCE, Crème de lait, ferments lactiques sélectionnés., Valeur énergétique en Joules :  1198kj, Valeur énergétique en Kcal : 287kcal, Glucides : 2,9g, Lipides : 30g, Protides :2,3g, A conserver entre +2°C et +6°C]|"
3,55€ / L"|"
0,71 €"
1289|Crème fraîche épaisse, 30% de mat. Gr.|Le pot de 50cl|[Origine : FRANCE, Crème de lait, ferments lactiques sélectionnés., Valeur énergétique en Joules :  1198kj, Valeur énergétique en Kcal : 287kcal, Glucides : 2,9g, Lipides : 30g, Protides :2,3g, A conserver entre +2°C et +6°C]|"
2,62€ / L"|"
1,31 €"
1290|Crème fraîche épaisse d'Isigny, 40% de mat. Gr.|Le pot de 20cl|[Origine : FRANCE, Issue des laits de la région d'Isigny cette crème épaisse au goût agréable et légèrement acidulé s'utilise à chaud ou à froid., Crème pasteurisée, ferments lactiques., A conserver entre +2°C et +6°C]|"
7,15€ / L"|"
1,43 €"
1291|Crème fraîche fleurette fluide, 30% de mat. Gr|La bouteille de 50cl|[Origine : FRANCE, Crème fraîche fluide pasteurisée à 30% de matière grasse., Crème fraîche à 33% de matière grasse., Valeur énergétique en Joules :  1210Kj, Valeur énergétique en Kcal : 294KCal, Glucides : 3,6g, Lipides : 30g, Protides :2,3g, A conserver entre 0°C et +6°C.]|"
4,52€ / L"|"
2,26 €"
1292|Crème fraîche légère, 15% de matière grasse|Le pot de 50cl|[Origine : FRANCE, Crème fraîche légère 96,5%, amidon transformé de pomme de terre, maltodextrine de blé, protéines de lait, gélatine de porc, ferments lactiques., Valeur énergétique en Joules :  675kj, Valeur énergétique en Kcal : 163kcal, Glucides : 4,4g, Lipides : 15g, Protides :2,6g, A conserver entre +2°C et +6°C.]|"
2,40€ / L"|"
1,21 €"
1293|Crème fraîche légère, épaisse, 15% de matière grasse|Le pot de 20cl|[Origine : FRANCE, Crème légère épaisse à 15% de matière grasse pasteurisée., Créme légére pasteurisée 98% (lait écrémé pasteurisée, créme pasteurisée), amidon transformé de maïs, gélifiant: pectines, ferments lactiques., Valeur énergétique en Joules :  675kj, Valeur énergétique en Kcal : 163kcal, Glucides : 4,4g, Lipides : 15g, Protides :2,0g, A conserver entre +2°C et +6°C.]|"
3,45€ / L"|"
0,69 €"
1294|Crème fraîche épaisse, 15% de mat. Gr.|Le pot de 20cl|[Origine : FRANCE, Crème légère (97%), amidons modifiés, épaississants : pectine, ferments lactiques. Sans gélatine, ni colorant, ni conservateur., Valeur énergétique en Joules :  701Kj, Valeur énergétique en Kcal : 168KCal, Glucides : 6g, Lipides : 15g, Protides :2,6g, Conserver à +6°C maximum]|"
4,05€ / L"|"
0,81 €"
1295|Crème fraîche épaisse, 15% de mat. Gr., fabriquée en Normandie|Le pot de 50cl|[Origine : FRANCE, Crème légère (97%), amidons modifiés, épaississants: pectine, ferments lactiques. Sans gélatine, ni colorant, ni conservateur., Valeur énergétique en Joules :  701Kj, Valeur énergétique en Kcal : 169Kc, Glucides : 6g, Lipides : 15g, Protides :2.6g, Conserver à +6°C maximum]|"
3,34€ / L"|"
1,67 €"
1296|Crème légère épaisse, 15% de matière grasse, fabriquée en Normandie|Le pot de 10cl|[Origine : FRANCE, Crème légère (97%), amidons modifiés, épaississants : pectine, ferments lactiques., Valeur énergétique en Joules :  701kj, Valeur énergétique en Kcal : 169kcal, Glucides : 6g, Lipides : 15g, Protides :2,6g, +6° C maximum.]|"
6,00€ / L"|"
0,60 €"
1297|Epaisse extra légère, spécialité à base de crème légère,|Le pot de 50cl|[Origine : FRANCE, Crème légère (87%), eau, amidon modifié, lactose, maltodextrines, gélatine, épaississants : E440, E412, stabilisants : E460, E466, E407, arôme., Valeur énergétique en Joules :  347kj, Valeur énergétique en Kcal : 83KCal, Glucides : 9g, Lipides : 4g, Protides :2,7g, Conservation à + 6°c maximum.]|"
4,02€ / L"|"
2,01 €"
1298|Crème fraîche épaisse, 7% de mat. Gr.|Le pot de 20cl|[Origine : FRANCE, 8 fois moins de matières grasses et 4 fois moins de calories., Lait écrémé, crème légère (33,3%), eau, amidon modifié, épaississants : agar-agar, pectine,  gomme de guar, ferments lactiques., Valeur énergétique en Joules :  323Kj, Valeur énergétique en Kcal : 77KCal, Glucides : 9,5g, Lipides : 3g, Protides :3g, Conservation à +6°C max.]|"
5,50€ / L"|"
1,10 €"
1299|Crème fraîche du terroir d'Echiré|Le pot de 20cl|[Origine : FRANCE, Valeur énergétique en Joules :  1480kj, Valeur énergétique en Kcal : 360kcal, Glucides : 2,2g, Lipides : 38g, Protides :2,2g]|"
7,65€ / L"|"
1,53 €"
1300|Crème entière épaisse, 30% de matière grasse|Le sachet de 33cl|[Origine : FRANCE, Valeur énergétique en Joules :  1308, Valeur énergétique en Kcal : 317, Glucides : 2,9, Lipides : 33, Protides :2,2]|"
5,33€ / L"|"
1,76 €"
1301|Crème fraîche fluide, 15% de mat. Gr.|La brique de 33cl|[Origine : FRANCE, Tout le plaisir de la crème avec moins de matière grasse. Légère et onctueuse, la Crème Fleurette Légère Elle & Vire est élaborée à Condé-sur-Vire au coeur de la Normandie., Idéale pour réussir toutes les recettes, la Crème Fleurette Légère Elle & Vire apporte de la gourmandise à toutes vos préparations, chaudes ou froides, salées ou sucrées., Crème légère, émulsifiants : E472b, E471, stabilisant : carraghénanes., Valeur énergétique en Joules :  664Kj, Valeur énergétique en Kcal : 159KCal, Glucides : 3,8g, Lipides : 15g, Protides :2,5g, A conserver au réfrigérateur à +6°C maxi. Après ouverture, à consommer rapidement. Ne pas congeler avant utilisation.]|"
6,27€ / L"|"
2,07 €"
1302|Crème fraîche fluide et entière|La brique de 33cl|[Origine : FRANCE, Toute la douceur et l'onctuosité d'une grande crème. Entière et savoureuse, la crème fleurette Elle&Vire est élaborée à Condé-sur-Vire au coeur de la Normandie., Idéale pour réussir toutes les recettes, la crème fleurette entière Elle&Vire s'utilise à chaud et à froid en préparations salées ou sucrées., Crème de lait de Normandie, émulsifiants : E471, stabilisant : carraghénanes., Conservation à + 6°c maximum. A consommer dans les 5 jours suivants l'ouverture. Conserver à l'abri du gel.]|"
6,00€ / L"|"
1,98 €"
1303|Crème fraîche légère, 5% de mat. Gr.|La brique de 33cl|[Origine : FRANCE, Tous les bienfaits d'une cuisine gourmande et équilibrée. Légère et gourmande, Fleurette Extra Légère 5% Elle & Vire est élaborée à Condé-sur-Vire au coeur de la Normandie., Idéale pour réussir toutes les recettes, Fleurette Extra Légère 5% Elle & Vire apporte gourmandise et légèreté à toutes vos préparations, chaudes ou froides, salées ou sucrées., Lait écrémé, crème légère (42%), amidon transformé, stabilisants : E460, E440, E466, E407, émulsifiant : E471, colorant : bêta-carotène., Valeur énergétique en Joules :  350kj, Valeur énergétique en Kcal : 84kcal, Glucides : 6,6g, Lipides : 5g, Protides :3,1g, A conserver au réfrigérateur à +6°C maxi. Après ouverture, à consommer rapidement. Ne pas congeler avant utilisation.]|"
5,52€ / L"|"
1,82 €"
1304|Crème légère épaîsse, 12% de matière grasse|Le sachet de 33cl|[Origine : FRANCE, Sa texture épaisse et onctueuse, son goût savoureux.Emballage pratique et simple d'utilisation, astucieux grâce à son bouchon, il permet : un versement facile, une conservation optimale de votre crème., Idéal pour toutes vos préparations culinaires. A chaud, pour vos sauces, quiches, gratins, tartes et pâtisseries. A froid, en nappage de crudités ou de fruits., Valeur énergétique en Joules :  600, Valeur énergétique en Kcal : 145, Glucides : 6,1, Lipides : 12, Protides :3,1, A conserver à +6°C max. Après ouverture, se conserve au frais, 15 jours dans des conditions normales de stockage. A l'abri de l'air et de la lumière.]|"
5,58€ / L"|"
1,84 €"
1305|Sauce béchamel au lait entier|Le sachet de 33cl|[Origine : FRANCE, Avec la Sauce Béchamel au lait entier d'Elle & Vire, découvrez tout le plaisir d'une cuisine gourmande et savoureuse., Réalisez de savoureux gratins de légumes ou pâtes ainsi que les lasagnes. Avec cette sauce, vous pouvez aussi napper vos légumes, préparer des oeufs florentine ou un crumble salé. Ne pas mettre l'emballage au micro-ondes., Lait entier (71%), crème, amidon transformé, sel, épaississants : E461, E407, E410, émulsifiant : E472e, arômes, colorant : béta-carotène. Contient du lait. Sans conservateur. Sans colorant artificiel., Valeur énergétique en Joules :  541kj, Valeur énergétique en Kcal : 130kcal, Glucides : 6,7g, Lipides : 10,2g, Protides :2,9g, A conserver au réfrigérateur à +6°C maxi. A consommer dans les 6 jours après ouverture. Ne pas congeler.]|"
5,42€ / L"|"
1,79 €"
1306|Crème fraîche épaisse|Le pot de 50cl|[Origine : FRANCE, Crème fraîche pasteurisée, ferments lactiques., A conserver entre 0°C et +6°C.]|"
2,48€ / L"|"
1,24 €"
1307|Crème fraîche épaisse, certifié AB|Le pot de 10cl|[Origine : FRANCE]|"
8,50€ / L"|"
0,85 €"
1308|Crème fraîche épaisse, certifié AB|Le pot de 10cl|[Origine : FRANCE]|"
8,50€ / L"|"
0,85 €"
1309|Crème fraîche fleurette, certifié AB|La bouteille de 25cl|[Origine : FRANCE, Agiter avant emploi. A chaud, elle est parfaite pour vos sauces, potages, escalopes à la crème. A froid, elle est excellente en nappage sur des fruits, des pâtisseries ou de la glace, en sauce salade avec des herbes et des aromates., Crème fraîche*, ferments lactiques sélectionnés, matières grasses : 30%. * issue de l'agriculture biologique., A conserver au réfrigérateur entre +2°C et +6°C. A consommer sous 3 jours après ouverture.]|"
7,80€ / L"|"
1,95 €"
1310|Crème fraîche fleurette, certifié AB|La bouteille de 25cl|[Origine : FRANCE, Agiter avant emploi. A chaud, elle est parfaite pour vos sauces, potages, escalopes à la crème. A froid, elle est excellente en nappage sur des fruits, des pâtisseries ou de la glace, en sauce salade avec des herbes et des aromates., Crème fraîche*, ferments lactiques sélectionnés, matières grasses : 30%. * issue de l'agriculture biologique., A conserver au réfrigérateur entre +2°C et +6°C. A consommer sous 3 jours après ouverture.]|"
7,80€ / L"|"
1,95 €"
1311|Crème fraîche entière épaisse, 30% de mat. Gr.|Le pot de 45cl|[Origine : FRANCE]|"
4,24€ / Kg"|"
1,91 €"
1312|Crème fraîche épaisse et entière|Le pot de 20cl|[Origine : FRANCE, Comme toutes les crèmes fraîches, la crème Président est élaborée à partir de lait entier. Il faut au minimum 7 litres de lait entier pour faire un litre de crème à 30% de matière grasse.]|"
5,10€ / Kg"|"
1,02 €"
1313|Crème fraîche épaisse, 30% de mat. Gr.|Le pot de 50cl|[Origine : FRANCE, CrÈme - Ferments lactiques]|"
3,60€ / L"|"
1,80 €"
1314|Crème légère fluide à 20% de matière grasse|La bouteille de 40cl|[Origine : FRANCE, Très onctueuse., Créme légère à 20% de mat. Gr - Emulsifiants : E472b - Epaississants : Gomme Xanthane - Carraghénanes., Valeur énergétique en Joules :  875, Valeur énergétique en Kcal : 212, Glucides : 3,8, Lipides : 20,7, Protides :2,6, A conserver à +6°C maxi. A consommer rapidement après ouverture.]|"
5,00€ / L"|"
2,00 €"
1315|Crème anglaise à la vanille|La bouteille de 50cl|[Origine : FRANCE, Avec sa saveur subtile et délicate, la crème anglaise Monoprix Gourmet ravira les gourmands en quête de qualité, de savoir-faire et d'authenticité., Vous pouvez consommer la crème anglaise Monoprix Gourmet telle quelle ou en accompagnement de pâtisseries et de crèmes glacées., Lait 69%, sucre, jaune d'oeufs 14%, arôme vanille, gousses de vanille broyées et épuisées., Valeur énergétique en Joules :  597Kj, Valeur énergétique en Kcal : 143KCal, Glucides : 18g, Lipides : 5,8g, Protides :4,5g, A conserver entre 0°C et +4°C.]|"
4,43€ / L"|"
2,35 €"
1316|Crème fouettée, sucrée vanillée, stérilisée UHT|La bombe de 250g|[Origine : BELGIQUE, Placez le boîtier au réfrigérateur quelques heures à l'avance. Avant de servir, agitez modérément. Tenez le boîtier verticalement, l'embout vers le bas et appuyez sur le diffuseur. Après chaque utilisation, rincez l'embout sous l'eau chaude et replacer le boîtier au réfrigérateur.  Récipient sous pression Ne pas percer, ne pas brûler même après usage., Crème (91%), sucre (8.5%), émulsifiant : E471, arôme naturel vanille, stabilisant : E407, gaz propulseur : N2O., Valeur énergétique en Joules :  1250kj, Valeur énergétique en Kcal : 299kcal, Glucides : 11,7g, Lipides : 27,3g, Protides :2,4g, Avant ouverture, à conserver à température ambiante. Après ouverture, à conserver au réfrigérateur et à consommer rapidement. A protéger des rayons solaires et à ne pas exposer à une température supérieure à 50°C. Ne pas mettre au congélateur.]|"
6,00€ / L"|"
1,50 €"
1317|Crème anglaise|La brique de 50cl|[Origine : FRANCE, Découvrez la crème anglaise Bridélice prête à l'emploi. Sa texture onctueuse et son bon goût vanillé vous permettront de réaliser des desserts gourmands et légers., Lait entier, oeufs concentrés sucrés, sucre, amidon modifié, arôme vanille, épaississants : gomme de xanthane, carraghénanes, sel, colorants : E102, E110., Valeur énergétique en Joules :  460Kj, Valeur énergétique en Kcal : 109KCal, Glucides : 17g, Lipides : 3,1g, Protides :3,3g, Avant ouverture, à température ambiante (de préférence inférieure à 18°C). Après ouverture, au réfrigérateur (3 jours maximum). Ne pas congeler.]|"
3,18€ / L"|"
1,59 €"
1318|Crème chantilly légère, sucrée aromatisée, stérilisée UHT|La bombe de 250g|[Origine : FRANCE, Cette bombe vous permet de réaliser environ 6 coupes. Placer la bombe au réfrigérateur au moins 2h avant son utilisation. Pousser le diffuseur en avant pour libérer l'attache de sécurité. Agiter 3 fois la bombe de bas en haut. Tenir la bombe bien verticalement vers le bas et appuyer sur le diffuseur. Après utilisation, nettoyer le diffuseur en le passant sous l'eau chaude et replacer votre bombe au réfrigérateur. Récipient sous pression. Ne pas percer ou brûler, même après usage. Ne pas congeler., CREME légÈre (91%), sucre (8,5%), émulsifiant : E472b, stabilisant : E407, arôme vanille, propulseur : E942, Valeur énergétique en Joules :  987, Valeur énergétique en Kcal : 238, Glucides : 12, Lipides : 20, Protides :2,5, Conservation entre 2 et 24°C. Placer la bombe au réfrigérateur au moins 2 heures avant son utilisation et aprÈs ouverture. Ne pas congeler.]|"
8,20€ / L"|"
2,05 €"
1319|Crème légère stérilisée UHT sucrée aromatisée sous pression|La bombe de 275g|[Origine : FRANCE, Valeur énergétique en Joules :  986kj, Valeur énergétique en Kcal : 238kcal, Glucides : 12g, Lipides : 20g, Protides :2,5g]|"
7,71€ / L"|"
2,12 €"
1320|Bridelight extra légère, stérilisée UHT, à base de crème légère aromatisée avec édulcorants|La bombe de 250g|[Origine : FRANCE, Grâce à son nouvel embout, je réalise des volutes généreuses qui finaliseront avec légèreté tous mes desserts. Bridelight c'est 2 fois moins de matières grasses et 2 fois moins de calories que la crème sous pression à 27% de M.G., 1.Placer la bombe au réfrigérateur au moins 2 heures avant son utilisation. 2. Pousser le diffuseur avant pour libérer l'attache de sécurité. 3. Agiter 3 fois la bombe de bas en haut. 4. Tenir la bombe bien verticalement vers le bas et appuyer sur lediffuseur. 5. Après utilisation nettoyer le diffuseur en le passant sous l'eau chaude et replacer votre bombe au réfrigérateur. Cette bombe permet de réaliser environ 15 volutes. Récipient sous pression, à protéger des rayons solaires et à ne pas exposer à une température supérieure à 50°C. Ne pas percer ou brûler, même après usage., Crème légère (55%), lait écrémé, édulcorants : isomalt, cyclamate, saccharine, épaississant : polydextrose, émulsifiant : E472b, stabilisant : E407, arôme, propulseur : N²O., Valeur énergétique en Joules :  657Kj, Valeur énergétique en Kcal : 159KCal, Glucides : 11g, Lipides : 11,5g, Protides :2,7g, Entre 2°C et 24°C. Placer la bombe au réfrigérateur au moins 2 heures avant son utilisation et après ouverture. Ne pas congeler.]|"
10,76€ / L"|"
2,69 €"
1321|Crème Anglaise à la vanille bourbon|Le sachet de 33cl|[Origine : FRANCE, Valeur énergétique en Joules :  426kj, Valeur énergétique en Kcal : 101kcal, Glucides : 15g, Lipides : 3,2g, Protides :3,1g]|"
5,27€ / L"|"
1,74 €"
1322|Crème chantilly ferme et onctueuse|La bombe de 250g|[Origine : FRANCE, Sublimez vos desserts avec Président Ferme et Onctueuse, l'association d'une texture unique au délicieux goût d'une crème légèrement vanillée., Mode d'emploi: Placer la bombe au réfrigérateur quelques heures avant son utilisation. 1 - Pousser en avant le diffuseur, pour libérer l'attache de sécurité.2 - Bien agiter avant emploi. 3 - Tenir la bombe bien verticalement vers le bas et appuyer sur le diffuseur. 4 - Après utilisation, nettoyer le diffuseur en le passant sous l'eau chaude et replacer votre bombe au réfrigérateur., Crème (91%), sucre (8,5%), émulsifiant: E471, stabilisant: E407, arôme vanille,gaz propulseur N2O., Valeur énergétique en Joules :  1245kj, Valeur énergétique en Kcal : 301kcal, Glucides : 12g, Lipides : 27g, Protides :2,3g, Conservation au réfrigérateur après ouverture. Ne pas congeler. Récipient sous pression, à protéger des rayons solaires et à ne pas exposer à une température supérieure à 50°C. Ne pas percer ou brûler, même après usage.]|"
9,32€ / L"|"
2,33 €"
1323|Crème liquide stérilisée UHT, 15% de mat. Gr.|Les 3 briques de 20cl|[Origine : FRANCE, Crème de lait 99,9% stabilisant : carraghénanes., Valeur énergétique en Joules :  671Kj, Valeur énergétique en Kcal : 162KCal, Glucides : 4,3g, Lipides : 15g, Protides :2,5g, Avant ouverture : peut se conserver hors du réfrigérateur. Après ouverture : à conserver au froid et à consommer rapidement. Ne pas mettre au freezer, ni au congélateur.]|"
2,88€ / L"|"
1,73 €"
1324|Crème liquide stérilisée UHT, 30% de mat. Gr.|Les 3 briques de 20cl|[Origine : FRANCE, Crème de lait 99,9%, émulsifiant : esters lactiques des mono et diglycérides d'acides gras, stabilisant : carraghénanes., Valeur énergétique en Joules :  1328Kj, Valeur énergétique en Kcal : 322Kcal, Glucides : 3,1g, Lipides : 33,5g, Protides :2,1g, Avant ouverture : peut se conserver hors du réfrigérateur. Après ouverture : à conserver au froid et à consommer rapidement. Ne pas mettre au freezer, ni au congélateur.]|"
4,07€ / L"|"
2,44 €"
1325|Crème fraîche fluide, 12% de mat. Gr., stérilisée UHT|Les 3 briques de 20cl|[Origine : FRANCE, La complice d'une cuisine légère et savoureuse, c'est Bridélice. Une crème onctueuse, une tenue parfaite en cuisson et juste ce qu'il faut de matière grasse., Crème légère (98%), amidon modifié, stabilisants : pectine, carraghénane, émulsifiant : E472e. Peut contenir du gluten de blé. Sans gélatine ni conservateur. 12% mat gr., Valeur énergétique en Joules :  582, Valeur énergétique en Kcal : 139,1, Glucides : 5,5, Lipides : 12, Protides :2,6, Avant ouverture, à température ambiante de préférence inférieure à 18°C. Après ouverture, au réfrigérateur, 3 jours maximum. Ne pas congeler.]|"
4,42€ / L"|"
2,65 €"
1326|Crème fraîche fluide et entière|Les 2 bouteilles de 20cl|[Origine : FRANCE, Crème de lait, émulsifiant : carraghénanes., Avant ouverture, à température ambiante, de préférence inférieure à 18°C. Après ouverture, au réfrigérateur, 3 jours maximum. Ne pas congeler.]|"
6,15€ / L"|"
2,46 €"
1327|Crème fraîche fluide et entière, 30% de mat. Gr.|Les 2 flacons de 20cl + 20% gratuit = 48cl|[Origine : FRANCE]|"
5,13€ / L"|"
2,46 €"
1328|Crème fraîche fluide et légère|Les 2 pot de 20cl|[Origine : FRANCE, Crème légère (98%), amidon modifié : E1422, émulsifiant : E472e, stabilisants : E460, pectine, carraghénanes, E466., Avant ouverture, à température ambiante de préférence inférieure à 18°C. Après ouverture, au réfrigérateur, 3 jour maximum. Ne pas congeler.]|"
6,00€ / L"|"
2,40 €"
1329|Crème fraîche semi-épaisse|Les 2 bouteilles de 25cl|[Origine : FRANCE, Bridélice, la touche de malice dans votre cuisine., Crème légère (97,5%), amidon modifié,émulsifiant: E471, stabilisants: pectine, carraghénane., Valeur énergétique en Joules :  810kj, Valeur énergétique en Kcal : 196kcal, Glucides : 6g, Lipides : 18g, Protides :2,5g, Conservation avant ouverture: à température ambiante, de préférence inférieur à 18°c. Après ouverture, au réfrigérateur, 3 jours maximum.]|"
5,50€ / L"|"
2,75 €"
1330|Crème de normandie de printemps, longue conservation, entière 30%mg|Le lot de 3 briques de 20cl, soit 60cl|[Origine : FRANCE]|"
5,17€ / L"|"
3,10 €"
1331|Crème fraîche fluide, 3% de mat. Gr.|Les 3 briques de 20cl|[Origine : FRANCE, La crème fluide & légère 4% MG vous offre tous les bienfaits d'une cuisine gourmande et équilibrée., A froid : fluide et onctueuse, elle est idéale pour la préparation de vos sauces salades ou en nappage de fruits. Elle apporte aussi une touche de douceur en se diluant parfaitement dans vos boissons chaudes. A chaud : fluide & légère 4% possède uneexcellente tenue à la poêle comme au four et vous permet de réaliser tous vos plats, sauces et pâtisseries., Lait écrémé, crème légère (33%), amidon transformé, stabilisants : E407, E415, E440, émulsifiant : E471., Valeur énergétique en Joules :  278, Valeur énergétique en Kcal : 67, Glucides : 6,7g, Lipides : 3g, Protides :3,1g, Avant ouverture, peut se conserver hors du réfrigérateur à +20°C maxi. Après ouverture, conserver au réfrigérateur +6°C maxi, à consommer rapidement. NE PAS CONGELER avant utilisation.]|"
3,93€ / L"|"
2,36 €"
1332|Crème fraîche fluide et entière|Les 2 briques de 25cl|[Origine : FRANCE, Crème entière : cuisinez avec une grande crème onctueuse !, Crème de lait, amidon transformé, émulsifiant : E471, stabilisant : carraghénanes., Conservation : avant ouverture, à une température maxi de +20°C. Après ouverture, au réfrigérateur à +6°C maxi, à consommer rapidement. Ne pas congeler avant utilisation]|"
5,54€ / L"|"
2,77 €"
1333|Crème fraîche fluide et entière, stérilisée UHT|La brique de 25cl|[Origine : FRANCE, Elaborée à Condé sur Vire en Normandie, la crème entière Elle & Vire vous apporte tout le goût d'une vraie crème de terroir., A chaud, la crème entière Elle & Vire est parfaite pour vos sauces, escalopes à la crème, gratins, quiches, potages, tartes et gâteaux  A froid, elle est excellente en nappage sur des fruits, des pâtisseries ou de la glace mais aussi en sauce saladeavec des herbes et des aromates, Crème de lait de Normandie, émulsifiants : E471, E472b, stabilisant : carraghénane., Avant ouverture, peut se conserver hors du réfrigérateur à +20°C maxi. Après ouverture, au réfrigérateur à +6°C maxi, à consommer rapidement. Ne pas congeler avant utilisation.]|"
6,08€ / L"|"
1,52 €"
1334|Crème fraîche semi-épaisse, 3% de mat. Gr., stérilisée UHT|Les 3 briques de 20cl|[Origine : FRANCE, Semi épaisse 3% vous offre tous les plaisirs d'une texture très onctueuse, avec très peu de matières grasses., A froid : sa texture onctueuse est idéale en nappage sur des crudités ou des fruits, mais aussi en sauce salade avec des herbes et des aromates. A chaud : son excellente tenue et sa texture très nappante apportent d'excellents résultats à la poêle comme au four., Lait écrémé, crème légère (25%), amidon transformé, stabilisants : E460, E407, E440, E466, émulsifiant : E471, colorant : béta-carotène., Valeur énergétique en Joules :  274Kj, Valeur énergétique en Kcal : 65,6Kc, Glucides : 6.5g, Lipides : 3g, Protides :3.1g, Avant ouverture, peut se conserver hors du réfrigérateur à +20°C maxi.,Après ouverture, conserver au réfrigérateur à +6°C maxi, à consommer rapidement.]|"
4,83€ / L"|"
2,90 €"
1335|Crème légère de Normandie, semi-épaisse, 18% de matière grasse|Les 3 briques de 20cl, soit 60cl|[Origine : FRANCE, Du bon lait de Normandie et juste ce qu'il faut de matière grasse (18%) pour allier saveur et légèreté dans tous vos plats., Crème légère de Normandie, stabilisant : pectine., Valeur énergétique en Joules :  778kj, Valeur énergétique en Kcal : 188kcal, Glucides : 3,8g, Lipides : 18g, Protides :2,7g, Avant ouverture peut se conserver hors du réfrigérateur à +20°C maxi. Après ouverture, au réfrigérateur à +6°C maxi, à consommer rapidement. Ne pas congeler.]|"
4,63€ / Kg"|"
2,87 €"
1336|Coupelles de crème légère|le sachet de 10 coupelles de 10g, soit 100g|[Origine : FRANCE, Spécialité laitière stérilisée UHT à base de crème légère., Valeur énergétique en Joules :  491kj, Valeur énergétique en Kcal : 118kcal, Glucides : 4,0g, Lipides : 10,0g, Protides :3,1g, A conserver à +4°C +20°C. Ne pas congeler.]|"
11,20€ / L"|"
1,12 €"
1337|Crème entière semi-épaisse, 30% de mat. Gr.|Les 3 briques de 20cl|[Origine : FRANCE, CrÈme, amidon modifiÍ, Ímulsifiant : E471, E472e, Ípaississant : carraghÍnanes Produit Å base d'oeuf ou traces d'oeufs, lait et produits Å base de lait (y compris le lactose).]|"
5,33€ / L"|"
3,20 €"
1338|Feta, fromage au lait pasteurisé, affinée en fût|La boîte de 200g|[Origine : GRECE, L'affinage en fûts dans le respect de la tradition donne à ce fromage un léger goût boisé particulièrement apprécié des connaisseurs., Lait de brebis pasteurisé, lait de chèvre pasteurisé, sel, ferments, présure animale., Consommez en salade, à l'apéritif et dans les recettes méditerranéennes., A conserver entre 0°C et +4°C.]|"
15,30€ / Kg"|"
3,06 €"
1339|Feta en dés nature AOP|La barquette de 130g|[Origine : GRECE, Cette barquette contient environ 4 portions., Lait de brebis pasteurisé (70% min), lait de chèvre pasteurisé, sel, ferments, coagulant., Valeur énergétique en Joules :  1107kj, Valeur énergétique en Kcal : 267kcal, Glucides : 1,4g, Lipides : 21g, Protides :18g, A conserver entre 0°C et +4°C. A consommer rapidement après ouverture. Conditionné sous atmosphère protectrice.]|"
15,15€ / Kg"|"
1,97 €"
1340|Mozzarella|Le sachet de 250g|[Origine : FRANCE, Fromage à pâte filée au lait pasteurisé de vache., Lait pasteurisé de vache (origine UE), sel, enzyme coagulante, correcteur d'acidité : acide citrique., Valeur énergétique en Joules :  977kj, Valeur énergétique en Kcal : 235kcal, Glucides : 1,3g, Lipides : 18g, Protides :17g, A conserver entre +2°C et +6°C.]|"
7,24€ / Kg"|"
1,81 €"
1341|Mozzarella, fromage à pâte filée au lait de vache pasteurisé, élaborée en Italie|Le paquet de 400g|[Origine : ITALIE, Lait de vache pasteurisé, sel, enzyme coagulante, correcteur d'acidité : acide citrique. Elaborée en Italie., A conserver entre +2°C et +6°C.]|"
7,48€ / Kg"|"
2,99 €"
1342|Mozzarella, fromage italien au lait entier, certifié AB|Le sachet de 125g|[Origine : ITALIE, Finement tranchée dans vos salades ou fondante sur des pizzas ou des pâtes, la mozzarella Monoprix Bio, accompagnée de basilic et d'huile d'olive, donnera une note estivale à toute votre cuisine., Lait entier pasteurisé*, sel, présure animale, ferments lactiques. *Ingrédient issu de l'agriculture biologique., Valeur énergétique en Joules :  1088, Valeur énergétique en Kcal : 262, Glucides : 0,5g, Lipides : 20g, Protides :20g, A conserver entre +0°C et +4°C.]|"
12,40€ / Kg"|"
1,55 €"
1343|Mozzarella, fromage italien au lait entier, certifié AB|Le sachet de 125g|[Origine : ITALIE, Finement tranchée dans vos salades ou fondante sur des pizzas ou des pâtes, la mozzarella Monoprix Bio, accompagnée de basilic et d'huile d'olive, donnera une note estivale à toute votre cuisine., Lait entier pasteurisé*, sel, présure animale, ferments lactiques. *Ingrédient issu de l'agriculture biologique., Valeur énergétique en Joules :  1088, Valeur énergétique en Kcal : 262, Glucides : 0,5g, Lipides : 20g, Protides :20g, A conserver entre +0°C et +4°C.]|"
12,40€ / Kg"|"
1,55 €"
1344|Mozzarella au lait de bufflonne, issue de l'agriculture biologique|Le sachet de 125g|[Origine : ITALIE, Lait de bufflonne pasteurisé*, sel, présure animal. *Ingrédients issu de l'agriculture biologique., Valeur énergétique en Joules :  1180kj, Valeur énergétique en Kcal : 285kcal, Glucides : 1g, Lipides : 25g, Protides :14g, A conserver entre 0°C et +4°C.]|"
21,36€ / Kg"|"
2,67 €"
1345|Mozzarella au lait de bufflonne, issue de l'agriculture biologique|Le sachet de 125g|[Origine : ITALIE, Lait de bufflonne pasteurisé*, sel, présure animal. *Ingrédients issu de l'agriculture biologique., Valeur énergétique en Joules :  1180kj, Valeur énergétique en Kcal : 285kcal, Glucides : 1g, Lipides : 25g, Protides :14g, A conserver entre 0°C et +4°C.]|"
21,36€ / Kg"|"
2,67 €"
1346|Mozzarella au lait entier, fabriquée en Italie|Le sachet de 125g|[Origine : ITALIE, Fromage à pâte filée en saumure au lait de vache pasteurisé., Lait pasteurisé de vache, sel, enzyme coagulante, correcteur d'acidité : acide citrique. Fabriquée en Italie., Valeur énergétique en Joules :  977Kj, Valeur énergétique en Kcal : 235Kcal, Glucides : 1,3g, Lipides : 18g, Protides :17g, A conserver entre +2°C et +6°C.]|"
7,44€ / Kg"|"
0,93 €"
1347|Mozzarella di bufala campana|Les 12 portions, 125g|[Origine : ITALIE, Mozzarella di bufala campana appellation d'origine protégée fromage à pâte filée au lait pasteurisé de bufflonne , en saumure., lait entier de bufflonne, ferments lactiques naturels, sel, présure animale. Conservée en saumure., Valeur énergétique en Joules :  1089kj, Valeur énergétique en Kcal : 263kcal, Glucides : 1g, Lipides : 23g, Protides :13g, A conserver entre 0°C et +4°C.]|"
17,84€ / Kg"|"
2,23 €"
1348|Mozzarella di bufala campana|Le sachet de 150g|[Origine : ITALIE, Froide ou chaude, la mozzarella de bufflonne Monoprix Gourmet apportera à vos plats quelques notes d'Italie., Lait de bufflonne pasteurisé, sel, présure animale., Conservation entre 0 et +4°c maximum.]|"
7,78€ / Kg"|"
2,49 €"
1349|Mozzarella di bufala campana|Le sachet de 250g|[Origine : ITALIE, La mozzarella Monoprix Gourmet est fabriquée dans le sud de l'Italie à partir de lait entier de bufflonne. La pâte de ce fromage est filée à la main. Laissez-vous séduire par sa forme généreuse, sa blancheur de porcelaine et sa saveur délicate., Froide ou chaude, la Mozzarella di bufala campana Monoprix Gourmet apportera à vos plats quelques notes d'Italie. Pour toute utilisation à froid, nous vous recommandons de sortir la mozzarella du réfrigérateur 10 minutes avant de la consommer pour lui permettre d'exalter toutes ses saveurs. Vous pouvez la consommer accompagnée de tomates, le tout agrémenté d'un filet d'huile d'olive ou encore incorporée dans vos salades composées. La mozzarella Monoprix Gourmet peut également être utilisée pourl'élaboration de pizza, de quiche mais également de gratin., Lait de bufflonne pasteurisé, sel, présure animale., A conserver entre 0°C et +4°C.]|"
7,34€ / Kg"|"
3,67 €"
1350|Mozzarella di bufala campana tresse A.O.P.|La barquette de 200g|[Origine : ITALIE, Lait de bufflonne pasteurisé, sel, présure animale., Valeur énergétique en Joules :  1089kj, Valeur énergétique en Kcal : 263kcal, Glucides : 1g, Lipides : 23g, Protides :13g, A conserver entre 0°C et +4°C.]|"
17,45€ / Kg"|"
3,49 €"
1351|Mozzarella de vache|Le paquet de 125g|[Origine : ITALIE, Fabriquée en Italie, la Mozzarella Casa Azzurra vous apporte toutes les saveurs de ses terres d'origines. Accompagnée de tomates et d'un filet d'huile d'olive, la Mozzarella Casa Azzurra vous fera découvrir son goût frais, délicat et sa texture généreuse., LAIT DE VACHE PASTEURISE, FERMENTS LACTIQUE, PRESURE, SEL, Valeur énergétique en Joules :  1026kj, Valeur énergétique en Kcal : 247kcal, Glucides : 1g, Lipides : 19g, Protides :18g, A conserver entre 0°C et +4°C. A consommer au plus tard dans les 24 h après l'ouverture.]|"
9,20€ / Kg"|"
1,15 €"
1352|Mozzarella en tranches|Le paquet de 140g|[Origine : ITALIE, La Mozzarella Casa Azzurra vous apporte toute la saveur de l'Italie., Lait, sel, présure microbienne, ferments lactiques. Mat gr sur produit fini 24,5%., Valeur énergétique en Joules :  1285kj, Valeur énergétique en Kcal : 317kcal, Glucides : 1g, Lipides : 24,5g, Protides :23g, A conserver au froid entre +4°C et +8°C. Conditionné sous atmosphère protectrice.]|"
15,79€ / Kg"|"
2,21 €"
1353|Provola fumée en tranches|Le paquet de 140g|[Origine : ITALIE, La Provola fumée Casa Azzurra vous apporte toute la saveur de l'Italie., Valeur énergétique en Joules :  1285kj, Valeur énergétique en Kcal : 317kcal, Glucides : 1g, Lipides : 24,5g, Protides :23g, A conserver entre +4°C et +8°C. Conditionné sous atmosphère protectrice.]|"
16,57€ / Kg"|"
2,32 €"
1354|Mozzarella|Le sachet de 150g|[Origine : ITALIE, Fromage Italien à pâte molle., Lait pasteurisé, sel, présure, correcteur d'acidité : acide critique., Valeur énergétique en Joules :  854Kj, Valeur énergétique en Kcal : 204Kcal, Glucides : 1g, Lipides : 14,5g, Protides :17,5g, A conserver à +4°C et +6°C.]|"
15,93€ / Kg"|"
2,39 €"
1355|Mozzarella, fromage italien à pâte molle filée fraîche|Le sachet de 125g + 20% gratuit|[Origine : ITALIE]|"
7,07€ / Kg"|"
1,06 €"
1356|Mozzarella, fromage italien à pâte molle filée fraîche|Le sachet de 390g|[Origine : ITALIE, Lait, sel, présure, correcteur d'acidité : acide citrique., Valeur énergétique en Joules :  1026, Valeur énergétique en Kcal : 245,1, Glucides : 1, Lipides : 19, Protides :18, Conservation entre +4° et + 6°C maximum.]|"
8,76€ / Kg"|"
2,19 €"
1357|Mozzarella bufala|Le sachet de 125g|[Origine : ITALIE, Lait de bufflonne pasteurisé, sel, présure., A conserver à +4°C et +6°C.]|"
23,84€ / Kg"|"
2,98 €"
1358|Mozzarella cucina|Le paquet de 400g|[Origine : ITALIE, Fromage Italien à pâte molle filée fraîche., Lait pasteurisé (UE), sel, présure, correcteur d'acidité : acide citrique. Min 45% de MG/ES (20,5% de MG dans le produit fini)., Conserver au froid : +4°C/+6°C.]|"
10,50€ / Kg"|"
4,20 €"
1359|Ricotta, fromage de lactosérum italien|La boîte de 250g|[Origine : ITALIE, Lactosérum pasteurisé, sel, correcteur d'acidité : acide citrique, acide lactique. Min 45% de Mat. Gr. (13,3% de mat. Gr. dans le produit fini)., Valeur énergétique en Joules :  685, Valeur énergétique en Kcal : 163,7, Glucides : 3,6, Lipides : 13,3, Protides :7,6, Conserver au froid : +4°C/+6°C.]|"
9,52€ / Kg"|"
2,38 €"
1360|100% brebis aux herbes de Provence|La boîte de 180g|[Origine : FRANCE, Fromage de brebis au lait pasteurisé, herbes de Provence., Valeur énergétique en Joules :  1128Kj, Valeur énergétique en Kcal : 272KCal, Glucides : 0,8g, Lipides : 22g, Protides :15,5g, A conserver au froid : +2°C +6°C.]|"
17,17€ / Kg"|"
3,09 €"
1361|Fromage allégé au lait de brebis|La barquette de 200g|[Origine : FRANCE, Fromage de brebis au lait pasteurisé allégé en matière grasse., Valeur énergétique en Joules :  637, Valeur énergétique en Kcal : 152,2, Glucides : 2, Lipides : 8, Protides :17, Conservation entre +2° et + 6°C maximum.]|"
17,30€ / Kg"|"
3,46 €"
1362|Fromage au lait de brebis, au basilic|Le pot de 300g|[Origine : FRANCE, Un fromage prêt à l'emploi avec ses dés prédécoupés. Un goût Salakis associé au parfum subtil de la marinade = le basilic., Idéal pour égayer les salades et pratique et convivial pour l'apéritif., Lait pasteurisé de brebis, NaCl, ferments lactiques, CaCl2, présure animale, ail et fines herbes, huile de colza raffinée aromatisée. Produit allergène : protéine de lait., A conserver au frais entre +2°C et +6°C.]|"
9,97€ / Kg"|"
2,99 €"
1363|Fromage au lait de brebis bio|La tranche de 180g|[Origine : FRANCE, Lait pasteurisÍ de brebis (97,9 %)   Sel (1,8%)  Ferments lactiques (Traces <1%)   ) CACL2 (Traces)  PrÍsure animale (Traces) AllergÈnes: ProtÍine de lait, Valeur énergétique en Joules :  1193, Valeur énergétique en Kcal : 288, Glucides : 0.8, Lipides : 25, Protides :15, A CONSERVER ENTRE 2¢C et 6¢C]|"
16,61€ / Kg"|"
2,99 €"
1364|Fromage au lait de brebis bio|La tranche de 180g|[Origine : FRANCE, Lait pasteurisÍ de brebis (97,9 %)   Sel (1,8%)  Ferments lactiques (Traces <1%)   ) CACL2 (Traces)  PrÍsure animale (Traces) AllergÈnes: ProtÍine de lait, Valeur énergétique en Joules :  1193, Valeur énergétique en Kcal : 288, Glucides : 0.8, Lipides : 25, Protides :15, A CONSERVER ENTRE 2¢C et 6¢C]|"
16,61€ / Kg"|"
2,99 €"
1365|Fromage au lait de brebis en portions|Les 2 portions de 75g, 150g|[Origine : FRANCE, Fromage de brebis au lait pasteurisé., En salade ou en cuisine., Fromage de brebis au lait pasteurisé. 48% de matière grasse soit 22% de matière grasse dans le produit fini., Valeur énergétique en Joules :  1114kj, Valeur énergétique en Kcal : 269kcal, Glucides : 0,8g, Lipides : 22,9g, Protides :15g, A conserver au froid entre +2°C et +6°C.]|"
14,47€ / Kg"|"
2,17 €"
1366|Grillis, fromage à griller|La boîte de 8, 180g|[Origine : FRANCE, Grillis de Salakis s'inspire d'une recette de fromage du bassin méditerranéen, nommé halloumi à Chypre, Hellim en Turquie ou halloum au Liban  Au coeur de la Méditerranée, il est d'usage de griller ce délicieux fromage au goût doux et à la texture unique, doré dessus et moelleux dedans., 2-3 personnes. Couper le fromage dans la largeur en lamelles de 15 à 20 mm d'épaisseur, ou en cubes de 20 mm pour des brochettes. A la poêle : cuire le fromage dans une poêle antiadhésive chaude à feu moyen sans ajout de matière grasse, 2 à 3 minutesde chaque côté, jusqu'à ce qu'il soit bien doré. Au barbecue : placer les lamelles ou les brochettes sur le pourtour de la grille (légèrement huilée) afin d'éviter une chaleur trop vive, 2 à 3 minutes de chaque côté. Puis les saisir rapidement au centre de la grille pour les dorer., Fromage de brebis au lait pasteurisé, Valeur énergétique en Joules :  1236kj, Valeur énergétique en Kcal : 298kcal, Glucides : 2,4g, Lipides : 23,4g, Protides :19,4g, A conserver entre +2°C et +6°C.]|"
17,22€ / Kg"|"
3,10 €"
1367|Salakis, 100% brebis|La barquette de 200g|[Origine : FRANCE, Fromage au lait de brebis pasteurisé., Lait pasteurisÍ de brebis (97,17%)   NACL (2,83%)  Ferments lactiques (Traces) CACL2 PrÍsure animale (Traces) AllergÈnes: ProtÍine de lait + lactose, Valeur énergétique en Joules :  1126kj, Valeur énergétique en Kcal : 272kcal, Glucides : 0,8g, Lipides : 22,9g, Protides :15,7g, A conserver entre +2°C et +6°C. Conditionné sous atmosphère protectrice. A consommer rapidement après ouverture.]|"
12,40€ / Kg"|"
2,48 €"
1368|Salakis, au lait de brebis, à teneur en sel réduite de 25%|La boîte de 180g|[Origine : FRANCE, Fromage de brebis allégé en sel au lait pasteurisé., Fromage de brebis allégé en sel au lait pasteurisé. 48% MG soit 22% MG dans le produit fini. Origine France., Valeur énergétique en Joules :  1132kj, Valeur énergétique en Kcal : 273kcal, Glucides : 0,8g, Lipides : 23g, Protides :15,7g, A conserver au froid entre +2°C et +6°C. Conditionné sous atmosphère protectrice.]|"
15,28€ / Kg"|"
2,75 €"
1369|Dés de Gouda au cumin, fromage au lait pasteurisé|La barquette de 150g|[Origine : FRANCE, Versez les dés directement dans vos salades ou présentez-les tels quels au moment de l'apéritif., Lait de vache pasteurisé, sel, ferments lactiques- cumin 1%- coagulant- colorant: rocou- conservateur: nitrate de sodium., Valeur énergétique en Joules :  1535kJ, Valeur énergétique en Kcal : 370kcal, Glucides : 2g, Lipides : 30g, Protides :23g, A conserver entre +2°C et +8°C. A consommer rapidement après ouverture.]|"
13,13€ / Kg"|"
1,97 €"
1370|Duo de fromage de Hollande|La barquette de 150g|[Origine : FRANCE, Mimolette (50%) : lait de vache pasteurisé - sel - ferments lactiques - coagulant - colorant : rocou.                                                         Gouda (50%) : lait de vache pasteurisé - sel - ferments lactiques - coagulant - colorant : béta-carotène., Valeur énergétique en Joules :  1441Kj, Valeur énergétique en Kcal : 347Kcal, Glucides : 2g, Lipides : 27g, Protides :24, A conserver entre +2°C et +8°C]|"
13,27€ / Kg"|"
1,99 €"
1371|Edam|Les 8 tranches, 200g|[Origine : PAYS-BAS, Lait de vache pasteurisé, sel, ferments lactiques, coagulant, conservateur : E251, colorant : E160a., Valeur énergétique en Joules :  1313kJ, Valeur énergétique en Kcal : 314kcal, Glucides : 0,1g, Lipides : 24g, Protides :25g, A conserver entre 0°C et +8°C.]|"
10,85€ / Kg"|"
2,17 €"
1372|Fromage blanc fondu, à la crème|Les 12 portions, 240g|[Origine : FRANCE, Fromage blanc 50% (crème 50%, lait 49%, ferments lactiques), lait écrémé reconstitué, beurre, eau, protéines de lait, sels de fonte : E452, E339, E331, sel., Valeur énergétique en Joules :  1289Kj, Valeur énergétique en Kcal : 312Kcal, Glucides : 2g, Lipides : 30g, Protides :8,5g, A conserver entre +4°C et +12°C.]|"
8,71€ / Kg"|"
2,09 €"
1373|Fromages fondus en portions, riche en calcium|Les 24 portions, soit 400g|[Origine : FRANCE, Valeur énergétique en Joules :  994kj, Valeur énergétique en Kcal : 240kcal, Glucides : 7g, Lipides : 19,5g, Protides :9g]|"
6,33€ / Kg"|"
2,53 €"
1374|Gouda|Les 8 tranches, 200g|[Origine : PAYS-BAS, Lait de vache pasteurisé, sel, ferments lactiques, coagulant, conservateur : E251, colorant : E160a., Valeur énergétique en Joules :  1501Kj, Valeur énergétique en Kcal : 359Kcal, Glucides : 0,1g, Lipides : 30g, Protides :23g, A conserver entre 0°C et +8°C.]|"
10,65€ / Kg"|"
2,13 €"
1375|Ficello, spaghetti, le fromage à déméler nature|Le sachet de 68g|[Origine : FRANCE, Ficello Spaghetti est une nouvelle façon de manger du fromage qui concilie le plaisir des enfants et l'intérêt nutritionnel., Convient aux végétariens. A emporter ou à partager. Une surveillance des enfants est recommandée lors de la consommation des produits., Lait pasteurisé, sel, coagulant, ferments (lait)., Valeur énergétique en Joules :  1310, Valeur énergétique en Kcal : 315, Glucides : 0, Lipides : 23, Protides :27, A CONSERVER AU FROID entre + 4  C et + 8  C]|"
28,82€ / Kg"|"
1,96 €"
1376|Fromage fondu à l'ail et fines herbes, bleu et noix et tomates à la provençale|Les 48 cubes, 250g|[Origine : FRANCE, Etonnez vos invités avec des associations de saveurs pleines de finesse !, Eau, fromages (dont, selon la variété, bleus : 13%, fromage de chèvre en poudre : 0.5%), beurre, lait écrémé en poudre, protéines de lait, pour la variété Tomates à la Provençale : tomate concentrée 3%, sels de fonte : polyphosphates, citrates, di-etphosphates de sodium, arômes (dont selon la variété, arôme ail et fines herbes (ail et fines herbes : 0.37%), arôme noix, arôme goût chèvre, arômes naturels de romarin et de basilic, dérivés de blé, de noix et de noisettes), lactosérum en poudre, sel, légumes déshydratés, conservateurs : sorbate de potassium, nisine, crème fraîche en poudre, gélifiants: carraghénanes, farine de graines de caroube. Arachide.]|"
15,96€ / Kg"|"
3,99 €"
1377|Fromage fondu au bleu, jambon et tomate|Les 24 cubes, 125g|[Origine : FRANCE, Une saveur ! Une couleur. Pour tous les apéritifs !, Lait écrémé réhydraté, formages (pour la variété au bleu : 13% de bleu), beurre, protéines de lait, sels de fonte : polyphosphates, citrates, diphosphates de sodium, acide citrique et phosphates de sodium composition  tomate 6% pour la variété à la tomate (concentré de tomate, eau, sucre, sel, oignon, ail, arôme), sel, arômes, exhausteur de goût : glutamate de sodium, arôme de fumée., Nous vous conseillons de placer ce produit au réfrigérateur.]|"
16,56€ / Kg"|"
2,07 €"
1378|Fromage fondu au paprika, jambon, olives et bleu|Les 48 cubes, 250g|[Origine : FRANCE, Pour tous les apéritifs ! C'est tous les jours ! Pour tous les goûts !, Lait écrémé réhydraté, fromages (pour la variété au bleu : 13% de bleus), beurre, protéines de lait, sels de fonte : polyphosphates, citrates, diphosphates de sodium, acide citrique, phosphates de sodium, pour la variété olive : olives 7%, pour la variété paprika : paprika 0,8%, arômes (exhausteur de goût : glutamate de sodium, colorant : extrait de paprika), sel., Nous vous conseillons de placer ce produit au réfrigérateur.]|"
15,72€ / Kg"|"
3,93 €"
1379|Fromage fondu nature|Les 24 cubes, 125g|[Origine : FRANCE, Pour tous les apéritifs ! C'est tous les jours ! Pour tous les goûts !, Lait écrémé réhydraté, formages, beurre, protéines de lait, sels de fonte : polyphosphates, citrates de sodium, diphosphates, phosphates, acide citrique, sel., Nous vous conseillons de placer ce produit au réfrigérateur.]|"
15,60€ / Kg"|"
1,95 €"
1380|Fromage fondu nature et saveur fraîcheur|Les 48 cubes, 250g|[Origine : FRANCE]|"
16,44€ / Kg"|"
4,11 €"
1381|Fromage au chèvre|Le filet de 6 - 120g|[Origine : FRANCE, Fromage au lait pasteurisé (dont fromage frais de chèvre 10%), eau, arôme naturel, conservateur : E202., Conservation entre +4° et + 8°C maximum.]|"
22,58€ / Kg"|"
2,71 €"
1382|Fromage au lait pasteurisé|Le paquet de 200g|[Origine : FRANCE, Fromage au lait pasteurisé., Valeur énergétique en Joules :  1391Kj, Valeur énergétique en Kcal : 332Kcal, Glucides : 1g, Lipides : 27,5g, Protides :21g, Tenir au froid entre +4°C +8°C.]|"
8,40€ / Kg"|"
1,68 €"
1383|Fromage au lait pasteurisé, Caractère|Les 6 portions, 120g|[Origine : FRANCE]|"
23,92€ / Kg"|"
2,87 €"
1384|Fromages au lait pasteurisé|Les 12 portions, 264g|[Origine : FRANCE, Lait (98%), sel, ferments lactiques, enzyme coagulante microbienne,, Valeur énergétique en Joules :  11201120, Valeur énergétique en Kcal : 293293, Glucides : 0,10,1, Lipides : 2323, Protides :21,521,5, Conservation entre +4° et + 8°C maximum.]|"
14,13€ / Kg"|"
3,73 €"
1385|Mini fromages au lait pasteurisé|Les 6 portions, 132g|[Origine : FRANCE, 23,5% de matière grasse sur poids total. Lait (98%), sel (1,8%), ferments lactiques, coagulant., Pour mieux apprécier ce fromage, nous vous conseillons de le placer au réfrigérateur.]|"
17,05€ / Kg"|"
2,25 €"
1386|Vache qui rit 16p 280g|La boite de 16 portions,280 gr|[Origine : FRANCE, Tendrement bon., Lait écrémé réhydraté, fromages, beurre, sels de fonte : polyphosphates de sodium, phosphates de calcium, acide citrique, diphosphates de sodium, protéines, Valeur énergétique en Joules :  990, Valeur énergétique en Kcal : 239, Glucides : 6,5, Lipides : 18,5, Protides :11,5]|"
8,21€ / Kg"|"
2,30 €"
1389|Aide culinaire à l'ail et aux fines herbes|Le pot de 25cl|[Origine : FRANCE, Boursin Cuisine est une aide culinaire à base de crème et d'aromates qui donnera de l'onctuosité et un goût naturellement délicieux à tous vos plats., Boursin Cuisine peut être utilisé de multiples façons : comme une sauce pour vos viandes, poissons et pâtes, comme ingrédient crémeux dans vos recettes, ou même froide comme apéritif ., Crème (58%), lait entier, ferments lactiques, ail et fines herbes (1.8%), sel (1,2%), lait écrémé en poudre, épaississants : carraghénanes et farine de graines de caroube, poivre, conservateur : sorbate de potassium. Traces de lait de brebis., A conserver entre +2 et +6°C. A consommer dans les 10 jours après ouverture.]|"
7,96€ / Kg"|"
1,95 €"
1390|Bouchées fromagères, figues et 3 noix|Le pot de 120g|[Origine : FRANCE, Valeur énergétique en Joules :  1730kj, Valeur énergétique en Kcal : 419kcal, Glucides : 9g, Lipides : 39g, Protides :8g]|"
19,92€ / Kg"|"
2,39 €"
1391|Bouchées fromagères ail et fines herbes|Le pot de 120g|[Origine : FRANCE]|"
19,92€ / Kg"|"
2,39 €"
1392|Bouchées fromagères à la tomate et basilic|Le pot de 120g|[Origine : FRANCE, Lait et crème pasteurisés, tomate (3%), ferments lactiques, sel (1,1%), stabilisant : E1442, basilic (0,4g), ciboulette, conservateur : sorbate de potassium. Traces : noix, noisettes, noix de Pécan, noix de cajou et lait de chèvre., Tenir au froid entre +2 et +6°C. Après ouverture, à consommer dans les 5 jours.]|"
20,42€ / Kg"|"
2,45 €"
1393|Bouchées fromagères échalote et ciboulette|Le pot de 120g|[Origine : FRANCE]|"
19,92€ / Kg"|"
2,39 €"
1394|Bouchées fromagères noix et noisettes|Le pot de 120g|[Origine : FRANCE, Fromage au lait pasteurisé aux noisettes et aux 3 noix., Lait et crème pasteurisés, noisettes (4%), noix de pécan (3,2%), ferments lactiques, sel (1,1%), stabilisant : E1442, noix (0,4%), noix de cajou (0,4%), poivre, conservateur : sorbate de potassium., Valeur énergétique en Joules :  1780kj, Valeur énergétique en Kcal : 432kcal, Glucides : 3g, Lipides : 43g, Protides :8g, Tenir au froid entre +2°C et +6°C. Après ouverture, à consommer dans les 5 jours. Conditionné sous atmosphère protectrice. Produit décongelé, ne pas recongeler.]|"
19,92€ / Kg"|"
2,39 €"
1395|Fromage de chèvre, format économique|les 9 mini-pyramides de 18g|[Origine : FRANCE, Goût si pur, si fondant, Fromage de chèvre au lait pasteurisé, sel fin (1,2%)., A conserver entre +2°C et +6°C.]|"
18,83€ / Kg"|"
3,05 €"
1396|Carr{ frais, fromage frais demi-sel au lait pasteurise|Les 8 portions, 200g|[Origine : FRANCE, Carré Frais, c'est un authentique fromage frais demi-sel préparé avec du lait, de la crème, une pointe de sel & ferments lactiques, tout simplement. Carré frais d'Elle & Vire, l'envie du vrai., Lait écrémé (90%), crème (8%), sel, ferments lactiques. Buvard traité au sorbate de potassium., Valeur énergétique en Joules :  894Kj, Valeur énergétique en Kcal : 215Kcal, Glucides : 2,5g, Lipides : 17,5g, Protides :12g, Conserver entre 4°C et 6°C max.]|"
10,65€ / Kg"|"
2,13 €"
1397|Carré frais, fromage frais demi-sel au lait pasteurisé|Les 2 portions, 150g|[Origine : FRANCE, Carré Frais, c'est un authentique fromage frais demi-sel préparé avec du lait, de la crème, une pointe de sel et des ferments lactiques, tout simplement. Carré Frais d'Elle & Vire, l'envie du vrai., Lait écrémé, crème, sel, ferments lactiques. Sans colorant ni conservateur., Valeur énergétique en Joules :  894, Valeur énergétique en Kcal : 215, Glucides : 2,5g, Lipides : 17,5g, Protides :12g, Conserver entre +4°C et +6°C max.]|"
11,60€ / Kg"|"
1,74 €"
1398|Entremont comte tranches|Le paquet de 120g|[Origine : FRANCE, Fromage à pâte pressée cuite, 34% de MG dans le produit fini., A conserver à +8°C maxi. Conditionné sous atmosphère protectrice.]|"
19,33€ / Kg"|"
2,32 €"
1399|Bâtonnets de fromage à effilocher, goût nature|Les 4 bâtonnets, 84g|[Origine : IRLANDE, Ficello est un vrai fromage naturel : c'est la façon originale dont on le fait qui permet d'obtenir des fils et le rend si rigolo., Lait pasteurisé, sel,correcteurs d?acidité (acide citrique, acide lactique), coagulant, ferments (lait)., Valeur énergétique en Joules :  1264, Valeur énergétique en Kcal : 304, Glucides : 2,5, Lipides : 23, Protides :23, A CONSERVER AU FROID entre + 4  C et + 8  C]|"
23,33€ / Kg"|"
1,96 €"
1402|Ficello nature, le bâtonnet de fromage à effilocher|Le sachet de 8 pièces, 168g|[Origine : IRLANDE, Valeur énergétique en Joules :  1290kj, Valeur énergétique en Kcal : 310kcal, Glucides : 0,1g, Lipides : 22g, Protides :28g]|"
20,65€ / Kg"|"
3,47 €"
1403|Fromage blanc fondu à la crème de lait|Les 12 portions, 240g|[Origine : FRANCE, Du bon lait et de la crème de lait pour se régaler, c'est le secret du goût unique de Kiri. Si gourmand que croquer dans une tartine de Kiri donne goût aux petits plaisirs de la vie.Kiri, le fromage des gourmands de la vie !, Fromage blanc (54%, dont lait 40%), crÈme (30%), protéines de lait, sels de fonte : E341, E452, E339, E331, E330, sel, concentré des minéraux du lait,, Valeur énergétique en Joules :  12801280, Valeur énergétique en Kcal : 310310, Glucides : 22, Lipides : 29,529,5, Protides :99, Pour mieux apprécier ce produit, nous vous conseillons de le placer au réfrigérateur.]|"
10,46€ / Kg"|"
2,51 €"
1404|Fromage blanc fondu à la crème de lait|Les 24 portions 432g|[Origine : FRANCE, Valeur énergétique en Joules :  1280kj, Valeur énergétique en Kcal : 310kcal, Glucides : 2g, Lipides : 29,5g, Protides :9g]|"
10,39€ / Kg"|"
4,49 €"
1405|Fromage blanc fondu à la crème de lait|Les 8 portions, 160g|[Origine : FRANCE, Du bon lait et de la crème de lait pour se régaler, c'est le secret du goût unique de Kiri. Si gourmand que croquer dans une tartine de Kiri donne goût aux petits plaisirs de la vie.Kiri, le fromage des gourmands de la vie !, Fromage blanc (54%, dont lait 40%), crème (30%), protéines de lait, sels de fonte : phosphates de calcium, polyphosphates, phosphates et citrate de sodium, acide citrique, sel, concentré des minéraux du lait., Valeur énergétique en Joules :  1360Kj, Valeur énergétique en Kcal : 325Kcal, Glucides : 2g, Lipides : 32g, Protides :8,5g, Pour mieux apprécier ce produit, nous vous conseillons de le placer au réfrigérateur.]|"
11,88€ / Kg"|"
1,90 €"
1406|Kiri goûter biscuit|La boite de 4 barquettes de 140g|[Origine : FRANCE, Valeur énergétique en Joules :  1240kj, Valeur énergétique en Kcal : 299kcal, Glucides : 20g, Lipides : 21g, Protides :7g]|"
16,86€ / Kg"|"
2,36 €"
1407|Fromage fondu|Les 24 portions, 400g|[Origine : FRANCE, Tendrement bon., Lait écrémé réhydraté, fromages, beurre, protéines de lait, sels de fonte : polyphosphates, phosphates de calcium, acide citrique, diphosphates, sel. 19% de mat gr sur poids total., Valeur énergétique en Joules :  1040Kj, Valeur énergétique en Kcal : 248Kcal, Glucides : 6,5g, Lipides : 19g, Protides :11g]|"
7,50€ / Kg"|"
3,00 €"
1408|Fromage fondu|Les 8 portions, 170g|[Origine : FRANCE, Lait écrémé, fromages, beurre, protéines de lait, sels de fonte : polyphosphate, citrate, diphosphate et phosphate de sodium, sel., Valeur énergétique en Joules :  1040, Valeur énergétique en Kcal : 250, Glucides : 6,5g, Lipides : 19g, Protides :11g]|"
10,35€ / Kg"|"
1,76 €"
1409|Fromage fondu, pour croque monsieur|Les 20 tranches, 340g|[Origine : FRANCE, Fromages, eau, beurre, lait écrémé en poudre, protéines de lait, sels de fonte : polyphosphates, citrate et phosphates de sodium, sel., Valeur énergétique en Joules :  1070Kj, Valeur énergétique en Kcal : 255Kcal, Glucides : 5,5g, Lipides : 20g, Protides :14g]|"
7,00€ / Kg"|"
2,38 €"
1410|Fromage fondu allégé|Les 16 portions, 280g|[Origine : FRANCE, Légère : 7,5% de MG. Source naturelle de calcium., Lait écrémé réhydraté, fromages, protéines de lait, sels de fonte : polyphosphates, citrates, diphosphates, acide citrique et phosphates de sodium, sel, beurre. 7,5% de MG., Valeur énergétique en Joules :  599kj, Valeur énergétique en Kcal : 143KCal, Glucides : 6,5g, Lipides : 7g, Protides :13,5g]|"
10,36€ / Kg"|"
2,90 €"
1411|Fromage à tartiner, à l'ail et fines herbes|La boîte de 125g|[Origine : FRANCE, Lait écrémé pasteurisé, crème pasteurisée, sel, ail et fines herbes 1.4%, babeurre déshydraté, protéines laitières, poivre, arôme naturel, ferments lactiques.  Fabriqué sur une ligne utilisant des noix., Valeur énergétique en Joules :  1078Kj, Valeur énergétique en Kcal : 257Kcal, Glucides : 3,5g, Lipides : 25g, Protides :5,5g, A conserver entre +2°C et +6°C.]|"
10,96€ / Kg"|"
1,37 €"
1412|Fromage à tartiner nature|La barquette de 150g|[Origine : FRANCE, Lait écrémé, babeurre et crème pasteurisés, sel, babeurre déshydraté, protéines laitières, ferments lactiques., Valeur énergétique en Joules :  1033kj, Valeur énergétique en Kcal : 250kcal, Glucides : 3g, Lipides : 24g, Protides :5,5g, A conserver entre +2°C et +6°C. A consommer rapidement après ouverture.]|"
10,20€ / Kg"|"
1,53 €"
1413|Brousse au lait frais pasteurisé|La barquette de 400g|[Origine : FRANCE, La Brousse est un fromage de lactosérum fabriqué selon la tradition provençale. Elle se distingue par sa saveur si particulière., En entrée, en plat, ou en dessert, elle vous surprendra dans de multiples recettes salées ou sucrées., A conserver au froid entre 2 et 4°C. Pour apprécier toute sa fraîcheur, consommer rapidement après ouverture.]|"
7,28€ / Kg"|"
2,91 €"
1414|Fromage à l'ail et fines herbes|La boîte de 150g|[Origine : FRANCE, Sortir du réfrigérateur 1 heure avant de consommer., lait et crÈme pasteurisés, ferments lactiques, ail et fines herbes (1,6%), sel, poivre. Peut contenir des traces de fruits à coque., Valeur énergétique en Joules :  1670, Valeur énergétique en Kcal : 404, Glucides : 3, Lipides : 40, Protides :8, Conserver entre : +2°C/+6°C.]|"
12,13€ / Kg"|"
1,82 €"
1415|Fromage à l'ail et fines herbes|Les 10 portions, 160g|[Origine : FRANCE, Pour mieux apprécier ce produit, le sortir du réfrigérateur une heure avant de le consommer., Lait et crème pasteurisés, ferments lactiques, ail et fines herbes (1,6%), sel (1,3%), poivre. Traces de lait de chèvre., Valeur énergétique en Joules :  1670, Valeur énergétique en Kcal : 399, Glucides : 2, Lipides : 41, Protides :7, Conserver entre +2°C / +6°C.]|"
12,81€ / Kg"|"
2,05 €"
1416|Fromage à l'ail et fines herbes|Les 6 portions, 96g|[Origine : FRANCE, Lait et crème pasteurisés, ail et fines herbes (1.6%), sel 1,3%, poivre. Traces de lait de chèvre. Sans conservateur ajouté., Valeur énergétique en Joules :  1670, Valeur énergétique en Kcal : 399, Glucides : 2, Lipides : 41, Protides :7, Conservation entre +2° et + 6°C maximum.]|"
18,23€ / Kg"|"
1,75 €"
1417|Fromage au lait pasteurisé au poivre|La boîte de 150g|[Origine : FRANCE, Lait et crème pasteurisés, ferments lactiques, poivre 1,5%, sel 1,3% consevateur : sorbate de potassium. Traces de lait de chèvre., Valeur énergétique en Joules :  1700kj, Valeur énergétique en Kcal : 413kcal, Glucides : 3,5g, Lipides : 41g, Protides :7,5g]|"
14,33€ / Kg"|"
2,15 €"
1418|Fromage aux figues et noix|La boîte de 150g|[Origine : FRANCE, Sortir du réfrigérateur une heure avant de consommer., lait et crÈme pasteurisés, figues sÈches (3%), noix de Pécan (3%), raisins secs, ferments lactiques, dextrose, noix de cajou (0,3%), noix (0,3%), sel, conservateur : sorbate de potassium., Valeur énergétique en Joules :  1710, Valeur énergétique en Kcal : 413, Glucides : 7,5, Lipides : 39, Protides :8, Peut contenir des traces de fruits à coque.]|"
12,20€ / Kg"|"
1,83 €"
1419|Philadelphia light nature, @ tartiner et @ cuisiner|La barquette de 150g|[Origine : FRANCE, A tartiner et à cuisiner., Lait entier, préparation de protéines de lait, crème, sel, stabilisants (farine de graines de caroube, carraghénanes), acidifiant (acide citrique). Contient lait. 11,5% MG., Valeur énergétique en Joules :  632kj, Valeur énergétique en Kcal : 152kcal, Glucides : 5,1g, Lipides : 11,0g, Protides :7,4g, A conserver entre +2°C et +6°C.]|"
14,33€ / Kg"|"
2,15 €"
1420|Philadelphia nature|La barquette de 150g|[Origine : FRANCE, A tartiner et à cuisiner., Lait entier pasteurisé (63%), crème pasteurisée, protéines de lait pasteurisées, sel. Contient lait., Valeur énergétique en Joules :  1100kj, Valeur énergétique en Kcal : 265kcal, Glucides : 2,7g, Lipides : 25,5g, Protides :6,7g, A conserver entre +2°C et +6°C.]|"
12,93€ / Kg"|"
1,94 €"
1421|Fromage fouetté echalote et ciboulette|Le pot de 150g|[Origine : FRANCE, Fromage frais, échalotes de Bretagne (3%), ciboulette (3%), sel, protéines laitières, arôme naturel (moutarde). Traces éventuelles de noix. 23% de matière grasse/produit fini., Valeur énergétique en Joules :  1004kj, Valeur énergétique en Kcal : 243kcal, Glucides : 3,5g, Lipides : 23g, Protides :5,5g, A conserver entre + 2°C et + 6°C et à consommer dans la semaine qui suit l'ouverture.]|"
12,53€ / Kg"|"
1,88 €"
1422|Fromage fouetté nature, au sel de Guérande|Le pot de 150g|[Origine : FRANCE, Sur la route de Plancoët à Créhen, la laiterie de l'Arguenon réalise un délicieux petit fromage fouetté. Il est préparé avec beaucoup de patience, de tendresse, du bon lait et de délicieux ingrédients. Les Recettes de Madame Loïk ont ce bon goût, cette légèreté et cette fraîcheur que vous apprécierez à tout moment., Fromage frais, sel de Guérande (1.1%), protéines laitières. Ingrédients laitiers issus de lait pasteurisé. Traces éventuelles de noix. 25% de mat. gr./produit fini., Valeur énergétique en Joules :  1070Kj, Valeur énergétique en Kcal : 260Kc, Glucides : 3g, Lipides : 25g, Protides :5.5g, A conserver entre +2°C et +6°C et à consommer dans la semaine qui suit l'ouverture.]|"
12,87€ / Kg"|"
1,93 €"
1423|Saont Môret nature|La barquette de 320g|[Origine : FRANCE, Fromage au lait pasteurise, proteÕnes de Lait, sel fin, Valeur énergétique en Joules :  859kj, Valeur énergétique en Kcal : 207kcal, Glucides : 3,5g, Lipides : 17,8g, Protides :8,3g]|"
11,03€ / Kg"|"
3,53 €"
1424|Spécialité fromagère nature|La barquette de 150g|[Origine : FRANCE, Le goût primeur St Môret, c'est une sensation unique de fraîcheur et de fondant.C'est le plaisir simple et naturel d'une spécialité fromagère préparée tout simplement avec du lait, de la crème, et une pointe de sel., Fromage, protéines du lait, sel fin. Fabriqué dans un atelier utilisant des fruits à coque et du lait de chèvre., Valeur énergétique en Joules :  840, Valeur énergétique en Kcal : 200,7, Glucides : 3, Lipides : 17,5, Protides :8,3, Conserver entre : +2°C à +6°C.]|"
15,73€ / Kg"|"
2,36 €"
1425|Spécialité fromagère nature|La barquette de 225g|[Origine : FRANCE, Fromage au lait pasteurise, proteÕnes de Lait, sel fin, Valeur énergétique en Joules :  840, Valeur énergétique en Kcal : 203, Glucides : 3, Lipides : 17.5, Protides :8.3]|"
14,40€ / Kg"|"
3,24 €"
1426|Création de saison cranberry poivre|boite de150g|[Origine : FRANCE, Tartare vous propose une nouvelle création dans une association sucré-salé unique : le goût fruité et acidulé des cranberries allié à l'intensité du poivre. Des ingrédients délicatement mélangés à froid avec le fromage fouetté, pour en préserver toutes les qualités., Lait et crème pasteurisés, cranberries 10% (cranberries, sucre), poivres noir et vert (0,8%), sel, conservateur : sorbate de potassium. Fabriqué dans un atelier utilisant des fruits à coque et du lait de chèvre.]|"
13,40€ / Kg"|"
2,01 €"
1427|Fromage à tartiner, ail/fines herbes et poivre/fines herbes|Le coffret de 8 portions, 133g|[Origine : FRANCE, Une recette gourmande unique qui préserve le goût intense et naturel d'ingrédients frais. Des ingrédients délicatement mélangés à froid avec le fromage fouetté pour préserver au mieux toutes leurs qualités., Ail & fines herbes : lait et crème pasteurisés, ail (1,4%), sel, fines herbes (1,2%), poivre. Poivre & fines herbes : lait et crème pasteurisés, sel, fines herbes (1,2%), poivres vert et noir (0,5%), arôme naturel, baies roses, conservateur : sorbatede potassium.]|"
18,20€ / Kg"|"
2,42 €"
1428|Fromage à tartiner, à l'ail et fines herbes|La boîte de 150g|[Origine : FRANCE, Une recette gourmande unique qui restitue le goût intense et naturel d'herbes fraîches.Des ingrédients délicatement mélangés à froid avec le fromage fouetté pour préserver au mieux toute leur fraîcheur., Lait et crème pasteurisés, sel, ail et fines herbes, poivre. Fabriqué dans un atelier utilisant des fruits à coque et du lait de chèvre. Sans arôme ajouté ni conservateur. Mat. Grasse/Poids Total : 34,5%., Valeur énergétique en Joules :  1455, Valeur énergétique en Kcal : 347,6, Glucides : 3,5, Lipides : 34,5, A conserver entre +2°C et +6°C.]|"
11,53€ / Kg"|"
1,73 €"
1429|Fromage à tartiner, à l'ail et fines herbes|Les 12 portions, 180g|[Origine : FRANCE, Une recette gourmande unique qui restitue le goût intense et naturel d'herbes fraîches. Des ingrédients délicatement mélangés à froid avec le fromage fouetté pour préserver au mieux toutes leurs qualités., Spécialité fromagère au lait et crème pasteuriséé, ail et fines herbes, sel, Valeur énergétique en Joules :  1412, Valeur énergétique en Kcal : 342, Glucides : 3.5, Lipides : 32.2, Protides :9.5, A conserver au frais entre +2° et +6° C.]|"
13,11€ / Kg"|"
2,36 €"
1430|Tartare ail & fines herbes|Le pot de 250g|[Origine : FRANCE, Lait et crème pasteurisés, sel, ail et fines herbes, poivre. Fabriqué dans un atelier utilisant des fruits à coques et du lait de chèvre. 34,5% MG/poids total., A conserver entre +2°C et +6°C. Conditionné sous atmosphère protectrice.]|"
11,64€ / Kg"|"
2,91 €"
1431|Tartare ciboulette echalote|Le pot de 250g|[Origine : FRANCE, Fromage à l'échalote et ciboulette au lait pasteurisé., Spécialité fromagère au lait et crème pasteurisée, échalote et ciboulette, sel, Valeur énergétique en Joules :  1447kj, Valeur énergétique en Kcal : 351kcal, Glucides : 3g, Lipides : 34,5g, Protides :7g, A conserver entre +2°C et +6°C. Conditionné sous atmosphère protectrice.]|"
12,32€ / Kg"|"
3,08 €"
1432|Mini Babybel light, 12% de matière grasse|Le filet de 6 portions, 120g|[Origine : FRANCE, Fromages allégés : 50% de matières grasses de moins que Mini Babybel rouge., Lait pasteurisé (98%), sel (1,9%), ferments lactiques, coagulant. 12% de Mat. Gr., Valeur énergétique en Joules :  870kj, Valeur énergétique en Kcal : 208kcal, Glucides : <0,2g, Lipides : 12g, Protides :25g, Tenir au froid entre +4°C et +8°C.]|"
23,75€ / Kg"|"
2,85 €"
1433|Bresse bleu naturellement leger|La pièce de 200g|[Origine : FRANCE, Lait demi-ÍcrÍmÍ, sel, ferments AllergÈne : lait de vache, Valeur énergétique en Joules :  946kj, Valeur énergétique en Kcal : 227kcal, Glucides : 1g, Lipides : 15g, Protides :22g, entre 4¢ C et 6¢ C]|"
14,70€ / Kg"|"
2,94 €"
1434|Carré frais, fromage frais, 0% de mat. Gr.|Les 8 portions, 200g|[Origine : FRANCE, Carré 0% Nature est une fromage frais sans matière grasse et faible en cholestérol, naturellement riche en protéines et source de calcium. Carré 0% Nature d'Elle & Vire, l'envie de vrai., Lait écrémé (98%), sel, ferments lactiques. Buvard traité au sorbate de potassium., Valeur énergétique en Joules :  375Kj, Valeur énergétique en Kcal : 89Kcal, Glucides : 3g, Lipides : 0,4g, Protides :18,2g, Conservation entre +4° et + 6°C maximum.]|"
12,15€ / Kg"|"
2,43 €"
1435|Carré frais, fromage frais à l'ail et fines herbes|Les 8 portions, 200g|[Origine : FRANCE, Carré 0% Ail & Fines Herbes est un fromage frais sans matière grasse et faible en cholestérol, naturellement riche en protéines et source de calcium.Carré 0% Ail & Fines Herbes d'Elle & Vire, l'envie du vrai., Lait écrémé (98%), sel, ferments lactiques, ciboulette, poivre, persil, ail, arôme naturel. 0% mg. Sans colorants ni conservateurs., Conserver entre 4°C et 6°C max.]|"
12,15€ / Kg"|"
2,43 €"
1436|Carré frais poivre & baies roses, 0% de matière grasse|La barquette de 8 portions de 25g, soit 200g|[Origine : FRANCE, Carré Frais 0% Poivre & Baies roses est un fromage frais sans matière grasse, naturellement riche en protéines et source de calcium., Lait écrémé (98%), sel, ferments lactiques, baies roses, poivre noir, poivre blanc, poivre vert, piment., Valeur énergétique en Joules :  330kj, Valeur énergétique en Kcal : 80kcal, Glucides : 3g, Lipides : 0,2g, Protides :16g, A conserver entre +4°C et +6°C max.]|"
12,15€ / Kg"|"
2,43 €"
1437|Gruyère, fromage allégé|Le paquet de 250g|[Origine : FRANCE, Seule la matière grasse est réduite dans Entremont Léger. Soigneusement élaboré par nos fromagers et riche en calcium, le Léger ne contient que 14% de matière grasse.Laissez-vous tenter par son goût fruité ainsi que son moelleux incomparable. 2 foismoins de matière grasse qu'un emmental & riche en calcium., Lait, sel, ferments lactiques, coagulant, Conserver à +8°C maxi. Conditionné sous atmosphère protectrice.]|"
15,52€ / Kg"|"
3,88 €"
1438|Fromage fondu allégé|Les 16 portions, 280g|[Origine : FRANCE, Légère : 7,5% de MG. Source naturelle de calcium., Lait écrémé réhydraté, fromages, protéines de lait, sels de fonte : polyphosphates, citrates, diphosphates, acide citrique et phosphates de sodium, sel, beurre. 7,5% de MG., Valeur énergétique en Joules :  599kj, Valeur énergétique en Kcal : 143KCal, Glucides : 6,5g, Lipides : 7g, Protides :13,5g]|"
10,36€ / Kg"|"
2,90 €"
1439|Fromage au lait pasteurisé|Les 8 tranches, 200g|[Origine : PAYS-BAS, Au cours de l'affinage, Leerdammer développe son goût doux et fruité, ainsi que sa texture fondante., Lait, sel (1,6%), ferments lactiques, enzyme coagulante microbienne., Valeur énergétique en Joules :  1149, Valeur énergétique en Kcal : 274,5, Glucides : 0,1, Lipides : 16,5, Protides :31, Conserver entre +4°C et +8°C maximum. Conditionné sous atmosphère protectrice.]|"
18,15€ / Kg"|"
3,63 €"
1440|Fromage de chèvre, 29% de mat. Gr.|La bûche de 180g|[Origine : FRANCE, Soignon met en oeuvre plus d'un litre de lait pour préparer sa bûche allégée.Avec moins de matière grasse, la bûche allégée Soignon vous apporte une teneur supérieure à une bûche classique en protéines, calcium, phosphore, ainsi que des vitamines A et B2., Fromage au lait de chèvre pasteurisé allégé en matière grasse., Valeur énergétique en Joules :  1010, Valeur énergétique en Kcal : 241,3, Glucides : 2,6, Lipides : 13,7, Protides :27, Conservation entre +2° et + 6°C.]|"
14,06€ / Kg"|"
2,53 €"
1441|Spécialité fromagère allégée, 28% de mat. Gr.|Les 9 portions, 180g|[Origine : FRANCE, Fromage, protéines du lait, inuline (fibre alimentaire), sel. Fabriqué dans un atelier utilisant : des fruits à coque et du lait de chèvre., A conserver entre +2°C et +6°C.]|"
15,94€ / Kg"|"
2,87 €"
1442|Bleu au lait pasteurisé|La boite de 250g|[Origine : FRANCE, Lait de vache pasteurisé 92%, crème pasteurisée 4,5%, sel, ferments, Penicillium roqueforti, présure animale, chlorure de calcium. 31% de MG dans le produit fini., Valeur énergétique en Joules :  1453kj, Valeur énergétique en Kcal : 351kcal, Glucides : 1g, Lipides : 31g, Protides :17g, A conserver entre 0 et +6°C.]|"
8,00€ / Kg"|"
2,00 €"
1443|Bleu d'Auvergne|La barquette de 125g|[Origine : FRANCE, Affiné en caves humides, fraîches et aérées, cefromage posséde une pâte persillée à la fois ferme et onctueuse. Sa saveur est puissante et corsée au palais., Lait pasteurisé de vache-sel-ferments lactiques et d'affinage-penicillium roqueforti-présure animale., Valeur énergétique en Joules :  1434kj, Valeur énergétique en Kcal : 346kcal, Glucides : 0g, Lipides : 30g, Protides :20g, A conserver entre +2°C et +6°C]|"
9,36€ / Kg"|"
1,17 €"
1446|Roquefort au lait cru de brebis A.O.P.|La barquette de 150g|[Origine : FRANCE, Lait cru de brebis, sel, ferments lactiques, présure animale, Penicillium roqueforti., Valeur énergétique en Joules :  1453kj, Valeur énergétique en Kcal : 351kcal, Glucides : 0, Lipides : 31g, Protides :18g, A conserver entre +2°C et +6°C.]|"
13,73€ / Kg"|"
2,06 €"
1448|Bresse bleu naturellement leger|La pièce de 200g|[Origine : FRANCE, Lait demi-ÍcrÍmÍ, sel, ferments AllergÈne : lait de vache, Valeur énergétique en Joules :  946kj, Valeur énergétique en Kcal : 227kcal, Glucides : 1g, Lipides : 15g, Protides :22g, entre 4¢ C et 6¢ C]|"
14,70€ / Kg"|"
2,94 €"
1449|Le Bleu|La boîte de 145g|[Origine : FRANCE]|"
15,59€ / Kg"|"
2,26 €"
1450|Crème de fromage à pâte persillée, fabriqué en Velay|Le pot de 150g|[Origine : FRANCE, Petites faims & cuisine plaisir., Fromage (50%), lait, eau, protéines de lait, sels de fonte (E450, E452), acidifiant (acide lactique), sel., A conserver à +2°C+8°C. A déguster dans les 6 jours après ouverture.]|"
15,07€ / Kg"|"
2,26 €"
1451|Saint Agur|La barquette de 130g|[Origine : FRANCE, Lait pasteurisÍ, sel, Penicillium roqueforti, ferments lactiques, Valeur énergétique en Joules :  1510kj, Valeur énergétique en Kcal : 365kcal, Glucides : 1g, Lipides : 33g, Protides :16g]|"
17,00€ / Kg"|"
2,21 €"
1454|Saint Agur portions|Les 4 portions de 25g, soit 100g|[Origine : FRANCE, Lait pasteurisÍ, sel, pÍnicillium roqueforti., Valeur énergétique en Joules :  1510kj, Valeur énergétique en Kcal : 365kcal, Glucides : 1g, Lipides : 33g, Protides :16g]|"
24,00€ / Kg"|"
2,40 €"
1455|Crème de fromage fondu de brebis|Les 5 portions, 100g|[Origine : FRANCE, Fromages et crème légère de lactosérum de brebis, Roquefort, sels de fonte : E450, 452, 339, 331, 330, conservateur : E234. Peut contenir des traces de fruits secs., Tenir au frais de préférence.]|"
21,00€ / Kg"|"
2,10 €"
1456|Roquefort|La barquette de 150g|[Origine : FRANCE, lait cru de brebis  sel  ferments lactiques et d'affinage  présure animale pénicillium roqueforti, Valeur énergétique en Joules :  1496, Valeur énergétique en Kcal : 361, Lipides : 31,7, Protides :19]|"
15,40€ / Kg"|"
2,31 €"
1457|Roquefort|La barquette de 150g|[Origine : FRANCE, A conserver entre +2°C et +6°C]|"
26,27€ / Kg"|"
3,94 €"
1458|Roquefort|Les 4 portions, 100g|[Origine : FRANCE, Lait cru de brebis, sel, ferments, présure, penicillium roquefort., Conservation entre + 2° et + 4 °]|"
24,80€ / Kg"|"
2,48 €"
1459|Roquefort AOP au lait cru de brebis|La barquette de 100g|[Origine : FRANCE, lait cru de brebis (96,2%)  sel ( 3,70%)  ferments lactiques  et d'affinage ( 0,25%)  prÍsure ( 0,03%)  penicillium roqueforti (0,001%) allergÈne: lait, Valeur énergétique en Joules :  1493, Valeur énergétique en Kcal : 361, Glucides : 0, Lipides : 31.7, Protides :18.8, A conserver au froid entre +2°C et +6°C.]|"
22,80€ / Kg"|"
2,28 €"
1460|Roquefort AOP au lait cru de brebis, format gourmand|La barquette de 200g|[Origine : FRANCE, lait cru issu  de brebis (96,2%)  sel ( 3,70%)  ferments lactiques  et d'affinage ( 0,25%)  prÍsure ( 0,03%)  penicillium roqueforti (0,001%) allergÈne: lait, Valeur énergétique en Joules :  1493, Valeur énergétique en Kcal : 361, Glucides : 0, Lipides : 31.7, Protides :18.8]|"
21,40€ / Kg"|"
4,28 €"
1461|Roquefort AOP au lait cru de brebis, issu de l'agriculture biologique|La barquette de 100g|[Origine : FRANCE, lait cru issu de l'agriculture biologique de brebis (96,2%)  sel ( 3,70%)  ferments lactiques  et d'affinage ( 0,25%)  prÍsure ( 0,03%)  penicillium roqueforti (0,001%) allergÈne: lait, Valeur énergétique en Joules :  1493, Valeur énergétique en Kcal : 361, Glucides : 0, Lipides : 31.7, Protides :18.8]|"
33,50€ / Kg"|"
3,35 €"
1462|Roquefort AOP au lait cru de brebis, issu de l'agriculture biologique|La barquette de 100g|[Origine : FRANCE, lait cru issu de l'agriculture biologique de brebis (96,2%)  sel ( 3,70%)  ferments lactiques  et d'affinage ( 0,25%)  prÍsure ( 0,03%)  penicillium roqueforti (0,001%) allergÈne: lait, Valeur énergétique en Joules :  1493, Valeur énergétique en Kcal : 361, Glucides : 0, Lipides : 31.7, Protides :18.8]|"
33,50€ / Kg"|"
3,35 €"
1463|Brie de Meaux AOP, au lait cru|La portion de 200g|[Origine : FRANCE, Lait cru de vache, ferments, sel, chlorure de calcium, présure. 23% de matières grasses sur produit fini., A conserver entre +4°C et +8°C.]|"
13,85€ / Kg"|"
2,77 €"
1464|Camembert au lait cru, moulé à la louche, AOC|La boîte de 250g|[Origine : FRANCE, Lait cru, sel, ferments lactiques, présure animale., Valeur énergétique en Joules :  1154Kj, Valeur énergétique en Kcal : 278Kc, Glucides : 0g, Lipides : 22g, Protides :20g, A conserver entre 0°C et +4°C.]|"
11,52€ / Kg"|"
2,88 €"
1465|Camembert au lait pasteurisé, Normandie|La boîte de 250g|[Origine : FRANCE, Lait de vache partiellement écrémé pasteurisé, sel, ferments, présure animale., Valeur énergétique en Joules :  1114kj, Valeur énergétique en Kcal : 266kcal, Glucides : 0Traces, Lipides : 20g, Protides :22g, A conserver entre +4°C et +8°C]|"
5,52€ / Kg"|"
1,38 €"
1466|Camembert au lait pasteurisé onctueux, produit issu de l'agriculture biologique|Le paquet de 250g|[Origine : FRANCE, Valeur énergétique en Joules :  1100kj, Valeur énergétique en Kcal : 265kcal, Lipides : 21g, Protides :19g]|"
12,20€ / Kg"|"
3,05 €"
1467|Camembert au lait pasteurisé onctueux, produit issu de l'agriculture biologique|Le paquet de 250g|[Origine : FRANCE, Valeur énergétique en Joules :  1100kj, Valeur énergétique en Kcal : 265kcal, Lipides : 21g, Protides :19g]|"
12,20€ / Kg"|"
3,05 €"
1468|Coulommiers, au lait pasteurisé|La boîte de 350g|[Origine : FRANCE, Lait de vache pasteurisé, sel, ferments lactiques et d'affinage, coagulant., Valeur énergétique en Joules :  1194kj, Valeur énergétique en Kcal : 288kcal, Glucides : 0g, Lipides : 24g, Protides :18g, A conserver entre +4°C et +8°C.]|"
5,60€ / Kg"|"
1,96 €"
1469|Le cr{meux avec une pointe de cr}me|Le paquet de 300g|[Origine : FRANCE, Valeur énergétique en Joules :  1402kj, Valeur énergétique en Kcal : 339kcal, Glucides : 1,2g, Lipides : 30g, Protides :16g]|"
8,37€ / Kg"|"
2,51 €"
1470|Le Crémeux, fromage avec une pointe de crème|La boîte de 200g|[Origine : FRANCE, Elaboré avec une pointe de crème, le Crémeux Monoprix est à partager en famille ou entre amis pour un plaisir gourmand., Lait pasteurisé 82%, crème pasteurisé 8%, sel, ferments, coagulant microbien ouprésure animale., Valeur énergétique en Joules :  1436Kj, Valeur énergétique en Kcal : 347Kcal, Glucides : 0,1g, Lipides : 31g, Protides :16g, A conserver entre +2°C et +6°C.]|"
9,20€ / Kg"|"
1,84 €"
1471|Pointe de Brie|Le paquet de 200g|[Origine : FRANCE, Fromage de plateau la pointe de Brie Monoprix vous séduira par sa saveur douce , mais typée et son onctuosité., Lait de vache pasteurisé, sel, ferments lactiques et d'affinage, coagulant enzymatique ou présure animale., Valeur énergétique en Joules :  1493Kj, Valeur énergétique en Kcal : 361Kcal, Glucides : 0,1g, Lipides : 32g, Protides :18g, A conserver entre +4°C et +8°C.]|"
6,75€ / Kg"|"
1,35 €"
1472|Camembert au lait pasteurisé|La boîte de 250g|[Origine : FRANCE, Valeur énergétique en Joules :  1154, Valeur énergétique en Kcal : 278, Glucides : 0,5, Lipides : 22, Protides :20, Lait de vache pasteurisé, ferments lactiques et d'affinage, sel , présure., Maintenir au frais entre +4°C et +8°C.]|"
7,16€ / Kg"|"
1,79 €"
1475|Caprice des anges, fromage pasteurisé à pâte molle|La boîte de 200g|[Origine : FRANCE, Un amour de fromage frais au bon goût de crème fraîche et à la texture si fondante., Lait pasteurisé, crème, sel (1,4%), ferments lactiques., Valeur énergétique en Joules :  1135, Valeur énergétique en Kcal : 275, Glucides : 2,5g, Lipides : 27g, Protides :6g, A conserver entre +2°C +6°C.]|"
12,80€ / Kg"|"
2,56 €"
1476|##|##|[]|##|##
1477|En cas de caprice, fromage pasteurisé à pâte molle|La bûche de 150g|[Origine : FRANCE, Avec son emballage protecteur unique qui s'effeuille au fur et à mesure de vos envies, En Cas de Caprice est le complice de tous vos moments de gourmandise., Ouvrez l'emballage à l'aide de l'ouverture facile. Tirez la languette et découpez la tranche souhaitée. Remettez En Cas de Caprice dans son étui fraîcheur., Lait de vache pasteurisé de France, crème, sel, ferments lactiques, Valeur énergétique en Joules :  1438, Valeur énergétique en Kcal : 347, Glucides : 1, Lipides : 31, Protides :16,1, A consever entre +2  C et +6  C  A consommer avant la date indiquée au dos du pack]|"
15,93€ / Kg"|"
2,39 €"
1478|Fromage pasteurisé à pâte molle|La boîte de 300g|[Origine : FRANCE, Ingrédients : lait de vache pasteurisé de France, crème, sel, ferments lactiques                                                                              Allergène : lait de vache, Valeur énergétique en Joules :  1379Kj, Valeur énergétique en Kcal : 333Kcal, Glucides : 0,8g, Lipides : 30g, Protides :15,3g, A conserver entre +2°C +6°C.]|"
12,07€ / Kg"|"
3,62 €"
1479|Fromage pasteurisé à pâte molle|Le paquet de 3, 150g|[Origine : FRANCE, Mini Caprice, la divine gourmandise miniature signée Caprice Des Dieux. Savourez son goût pur de crème fraîche et son coeur fondant à n'importe quel moment de la journée., Lait de vache pasteurisé de France, crème, sel, ferments lactiques, Valeur énergétique en Joules :  1438, Valeur énergétique en Kcal : 347, Glucides : 1, Lipides : 31, Protides :16,1, A consever entre +2  C et +6  C  A consommer avant la date indiquée au dos du pack]|"
17,40€ / Kg"|"
2,61 €"
1480|Camembert, fromagerie de Ducey, affinage optimal|La boîte de 250g|[Origine : FRANCE, Plus que jamais, les fromagers Coeur de Lion ont à coeur de vous offrir le meilleur du camenbert.Ils s'engagent sur la qualité du lait, sur un affinage optimal, sur la sélection rigoureuse des camenberts avant l'emballage., Camembert au lait pasteurisé 20% MG / PT / 45 % MG / ES, Valeur énergétique en Joules :  1105kj, Valeur énergétique en Kcal : 264kcal, Glucides : 0,5g, Lipides : 20g, Protides :21g, Conservation entre +4° et + 6°C maximum.]|"
7,08€ / Kg"|"
1,77 €"
1481|Camembert, sel réduit de 25%|La boîte de 250g|[Origine : FRANCE, Les fromagers Coeur de Lion vous proposent le Camembert Sel réduit de 25%, un camembert réduit en sel, toujours typé et fondant pour plus de plaisir au quotidien., Lait pasteurisé, ferments, sel (1,1%), chlorure de potassium., A conserver entre +4°C et +6°C.]|"
9,04€ / Kg"|"
2,26 €"
1482|Camembert léger|Le fromage de 250g|[Origine : FRANCE, Coeur de Lion léger, c'est tout le plaisir de Coeur de Lion avec moins de matières grasses. Son bon goût et son fondant séduiront tous les gourmands., Fromage pasteurisé allégé en matière grasse (45% d'allègement par rapport aux camemberts entiers)., Valeur énergétique en Joules :  832kj, Valeur énergétique en Kcal : 199kcal, Glucides : 1g, Lipides : 11g, Protides :24g, A conserver entre +4°C et +6°C.]|"
9,48€ / Kg"|"
2,37 €"
1483|Coulommiers|La boite de 300g|[Origine : FRANCE, lait de vache pasteurisÍ, sel, ferments lactiques et d'affinage, Valeur énergétique en Joules :  1147kj, Valeur énergétique en Kcal : 283kcal, Glucides : 1g, Lipides : 23g, Protides :18g]|"
6,66€ / Kg"|"
2,33 €"
1484|Coulommiers, sel reduit de 25%|La boite de 340g|[Origine : FRANCE, Les fromagers Coeur de Lion vous proposent le Coulommiers sel réduit de 25%, toujours aussi doux et crémeux pour plus de plaisir au quotidien., lait de vache pasteurisÍ, sel, ferments lactiques et d'affinage, Valeur énergétique en Joules :  1157kj, Valeur énergétique en Kcal : 279kcal, Glucides : 1g, Lipides : 23g, Protides :17g, A conserver entre +6°C et +4°C.]|"
9,06€ / Kg"|"
3,08 €"
1485|Coulommiers portions|La boite de 10 portions, 350g|[Origine : FRANCE, Lait de vache pasteurisÍ, sel, ferment lactique et d'affinage, Valeur énergétique en Joules :  1191kj, Valeur énergétique en Kcal : 287kcal, Glucides : 1g, Lipides : 23g, Protides :19g, A conserver entre +4°C et +6°C.]|"
10,57€ / Kg"|"
3,70 €"
1486|Le Bon Brie, fromage au lait pasteurisé|Le paquet de 200g|[Origine : FRANCE, Au lait pasteurisé., Conservation entre +4° et + 6°C maximum.]|"
9,35€ / Kg"|"
1,87 €"
1487|Le Crémeux Normand|La piece de 200g|[Origine : FRANCE, LAIT DE VACHE PASTEURISE / SEL / FERMENTS LACTIQUES ET D'AFFINAGE, Valeur énergétique en Joules :  1416kj, Valeur énergétique en Kcal : 342kcal, Glucides : 1g, Lipides : 30g, Protides :17g]|"
11,50€ / Kg"|##
1488|Petit camembert|La pièce de 150g|[Origine : FRANCE]|"
12,13€ / Kg"|"
1,82 €"
1489|Camembert au lait cru, certifié AB|La barquette de 250g|[Origine : FRANCE]|"
16,36€ / Kg"|"
4,09 €"
1490|Camembert au lait cru, certifié AB|La barquette de 250g|[Origine : FRANCE]|"
16,36€ / Kg"|"
4,09 €"
1493|Camembert au lait cru, moulé à la louche, AOC|La boîte de 250g|[Origine : FRANCE, A conserver entre +4°C et +8°C.]|"
13,80€ / Kg"|"
3,45 €"
1494|Petit camembert au lait cru|La pièce de 150g|[Origine : FRANCE, Petit camembert au lait cru fabriqué en Normandie., A conserver entre +4° et +7°C.]|"
16,00€ / Kg"|"
2,40 €"
1495|Camembert d'Isigny, bio, moulé à la louche|La pièce de 250g|[Origine : FRANCE]|"
17,72€ / Kg"|"
4,43 €"
1496|Camembert d'Isigny, bio, moulé à la louche|La pièce de 250g|[Origine : FRANCE]|"
17,72€ / Kg"|"
4,43 €"
1497|Le Rustique, camembert|La boîte de 250g|[Origine : FRANCE, Le Camembert Le Rustique est exclusivement fabriqué avec du lait collecté dans des fermes sélectionnées, adhérant à une charte de qualité exigeante.Nos producteurs s'engagent notamment à respecter le bien être des vaches : bien nourries et bien traitées, les vaches donnent du meilleur lait. C'est avec ce bon lait et out le savoir-faire de nos fromagers que le Camembert Le Rustique développe sa texture souple et fondante en bouche, son goût riche et son caractère unique., Au lait pasteurisé. 45% de matière grasse/ES, 20% de matière grasse/produit fini., A conserver entre +4° et + 8°C.]|"
8,04€ / Kg"|"
2,01 €"
1498|Camembert de Normandie AOP, moulé à la louche, 22% de matière    grasse sur produit fini|La boite de 250g|[Origine : FRANCE]|"
18,08€ / Kg"|"
4,52 €"
1499|Camembert, moulé à la louche|La boîte de 250g|[Origine : FRANCE, Au lait thermisé., A conserver entre +4°C et +8°C]|"
10,48€ / Kg"|"
2,62 €"
1500|Brie de caractère, typé et affiné à coeur|La portion de 200g|[Origine : FRANCE, Lait de vache pasteurisé, sel, ferments lactiques et d'affinage, Valeur énergétique en Joules :  1210, Valeur énergétique en Kcal : 291, Glucides : 0,1, Lipides : 23, Protides :21, A CONSERVER ENTRE 4 C ET 6 C]|"
12,20€ / Kg"|"
2,44 €"
1501|Coulommiers, Normandie|La boîte de 350g|[Origine : FRANCE, C'est avec du bon lait et tout le savoir-faire de nos fromages que le Coulommiers Le Rustique développe sa texture souple et fondante en bouche, son goût riche et son caractère unique., Coulommiers au lait pasteurisé. 50% MG/ES, 23% MG/produit fini., A conserver au froid entre +4°C et +8°C.]|"
8,69€ / Kg"|"
3,04 €"
1502|Camembert, Normandie|Les 8 portions, 240g|[Origine : FRANCE, Camembert au lait pasteurisé fabriqué en Normandie., Valeur énergétique en Joules :  1080kj, Valeur énergétique en Kcal : 258kcal, Glucides : 0Traces, Lipides : 20g, Protides :19g, A conserver entre +4°C et +8°C]|"
12,54€ / Kg"|"
3,01 €"
1503|Coulommiers au lait pasteurisé|La boîte de 350g|[Origine : FRANCE, Lait, crème, sel, ferments., Valeur énergétique en Joules :  1211kj, Valeur énergétique en Kcal : 289kcal, Glucides : 0Traces, Lipides : 24g, Protides :19g, A conserver entre +4°C et +8°C]|"
7,31€ / Kg"|"
2,56 €"
1504|La Brique, fromage à pâte molle et au lait de vache pasteurisé|La boîte de 200g|[Origine : FRANCE, Gourmets avisés ou gourmands en herbe, laissez-vous séduire par la Brique de Président qui vous assure douceur de goût et finesse de sa croûte jusqu'à la dernière bouchée., Formage à pâte molle au lait de vache pasteurisé., Valeur énergétique en Joules :  1365, Valeur énergétique en Kcal : 326,1, Glucides : 0, Lipides : 30, Protides :15, Conservation entre +4° et + 8°C maximum.]|"
12,90€ / Kg"|"
2,58 €"
1505|Le Carré Bridel|Le paquet de 200g|[Origine : FRANCE, Nos maîtres fromagers ont mis tout leur savoir-faire dans l'élaboration du Carré d'émile Bridel, un fromage doux et moelleux idéal pour toute la famille., Lait pasteurisé(97% de lait), Conservation entre +4° et + 8°C maximum.]|"
9,85€ / Kg"|"
1,97 €"
1506|Petit brie|La boîte de 500g|[Origine : FRANCE, Crémeux & gouteux à point., Petit brie au lait de vache pasteurisé. 31% de MG dans le produit fini., Valeur énergétique en Joules :  1443Kj, Valeur énergétique en Kcal : 345Kcal, Glucides : 0Traces, Lipides : 31g, Protides :17g, A conserver entre +4°C et +8°C]|"
10,98€ / Kg"|"
5,49 €"
1507|Pointe de brie au lait pasteurisé, 32% de matière grasse|La portion de 200g|[Origine : FRANCE, Pointe de brie au lait pasteurisé., Conservation entre +4° et + 8°C maximum.]|"
9,95€ / Kg"|"
1,99 €"
1508|Bûche de chèvre, produit issu de l'Agriculture Biologique|La Bûche de 180g|[Origine : FRANCE, Fromage affiné à pâte molle au lait pasteurisé de chèvre issu de l'agriculture biologique., Lait entier pasteurisé de chèvre*, sel, ferments, présure animale. *Ingrédient issu de l'agriculture biologique., Valeur énergétique en Joules :  1100kj, Valeur énergétique en Kcal : 265kcal, Glucides : traces, Lipides : 21g, Protides :19g, A conserver entre 0°C et +6°C.]|"
15,61€ / Kg"|"
2,81 €"
1509|Bûche de chèvre, produit issu de l'Agriculture Biologique|La Bûche de 180g|[Origine : FRANCE, Fromage affiné à pâte molle au lait pasteurisé de chèvre issu de l'agriculture biologique., Lait entier pasteurisé de chèvre*, sel, ferments, présure animale. *Ingrédient issu de l'agriculture biologique., Valeur énergétique en Joules :  1100kj, Valeur énergétique en Kcal : 265kcal, Glucides : traces, Lipides : 21g, Protides :19g, A conserver entre 0°C et +6°C.]|"
15,61€ / Kg"|"
2,81 €"
1510|Chabichou Poitou AOC, au lait cru de chèvre|La pièce de 150g|[Origine : FRANCE, Lait cru de chèvre, sel, ferments, présure animale., Valeur énergétique en Joules :  1263kj, Valeur énergétique en Kcal : 305kcal, Glucides : 1,9g, Lipides : 25g, Protides :18g, A conserver entre +2°C et +6°C]|"
19,33€ / Kg"|"
2,90 €"
1511|Crottin de Chavignol, fromage au lait cru, AOC|La boîte de 60g|[Origine : FRANCE, Fromage au lait cru., A conserver entre +0°C et +6°C.]|"
37,33€ / Kg"|"
2,24 €"
1512|Crottins de chèvre, au lait pasteurisé|Le paquet de 2, 120g|[Origine : FRANCE, Crottins de chèvre au lait pasteurisé., A conserver entre 0°C et +6°C.]|"
16,83€ / Kg"|"
2,02 €"
1513|Fromage de brebis|Le paquet de 200g|[Origine : FRANCE, Lait de brebis pasteurisé, sel, ferments lactiques, présure., Valeur énergétique en Joules :  1083Kj, Valeur énergétique en Kcal : 261KCal, Glucides : 0,8g, Lipides : 22g, Protides :15g, A conserver entre +2°C et +6°C.]|"
9,95€ / Kg"|"
1,99 €"
1514|Fromage de chèvre|La boîte de 180g|[Origine : FRANCE, Fromage de plateau, le fromage de chèvre MONOPRIX se caractérise par une texture onctueuse et un goût typé net et franc., Lait de chèvre pasteurisé - sel - présure -ferments lactiques et d'affinage., Valeur énergétique en Joules :  1211kj, Valeur énergétique en Kcal : 292kcal, Glucides : 0g, Lipides : 24g, Protides :19g, A conserver entre 4°C et +8°C]|"
11,06€ / Kg"|"
1,99 €"
1515|Fromage de chèvre|Le paquet de 150g|[Origine : FRANCE, Frais et léger, ce fromage pur chèvre se consomme à tout moment de la journée.Cet emballage pratique permet de préserver toute la saveur de ce fromage, même après ouverture., Sortez-le du réfrigérateur juste avant de le consommer et replacez-le dans son emballage, après chaque utilisation., Lait de chèvre et crème de lait de chèvre pasteurisés, sel, ferments lactiques, présure caprine. Fromage de chèvreau lait pasteurisé48% de mat. gr. / mat. sèche. 13% de mat. gr. / poids total., Valeur énergétique en Joules :  685Kj, Valeur énergétique en Kcal : 165Kcal, Glucides : 3g, Lipides : 13g, Protides :9g, A conserver entre +2°C et + 6°C.]|"
16,87€ / Kg"|"
2,53 €"
1516|Fromage de lactosérum de vache|Le pot de 250g|[Origine : ITALIE, Lactosérum 91%, crème et lait écrémé pasteurisés, sel, acidifiant : acide lactique. Elaboré et conditionné en Italie. 10% de MG., Valeur énergétique en Joules :  555kj, Valeur énergétique en Kcal : 134kcal, Glucides : 3,9g, Lipides : 10g, Protides :7g, A conserver entre 0°C et +6°C. A consommer rapidement après ouverture.]|"
5,80€ / Kg"|"
1,45 €"
1517|Fromage frais au lait de chèvre, pasteurisé|La boîte de 200g|[Origine : FRANCE, Lait entier de chèvre pasteurisé, sel, ferments lactiques, présure caprine., Valeur énergétique en Joules :  705Kj, Valeur énergétique en Kcal : 170Kcal, Glucides : 2,2g, Lipides : 13g, Protides :11g, A conserver entre +2°C et +6°C. A consommer dans les 72 heures après ouverture.]|"
10,80€ / Kg"|"
2,16 €"
1518|Ossau-iraty, fromage de brebis|La barquette de 180g|[Origine : FRANCE, Fromage au lait pasteurisé de brebis., Lait pasteurisé de brebis, sel, présure animale, ferments lactiques, A conserver entre +2°C et +°6C. Conditionné sous atmosphère protectrice.]|"
16,33€ / Kg"|"
2,94 €"
1519|Petits fromages de chèvre|Les 10 portions, 200g|[Origine : FRANCE, Fromage de chèvre au lait pasteurisé, élaboré en Poitou-Charentes., Se consomme chaud ou froid. A chaud : dans un four traditionnel très chaud en position gril durant 5 à 10 minutes selon la puissance de votre four et votre convenance. A froid : de préférence, sortez les fromages du réfrigérateur 30 minutes avant dégustation., Lait de chèvre pasteurisé, sel, ferments lactiques, présure animale., Valeur énergétique en Joules :  1083Kj, Valeur énergétique en Kcal : 259Kcal, Glucides : 2g, Lipides : 21g, Protides :16g, A conserver entre +2°C et +6°C]|"
13,40€ / Kg"|"
2,68 €"
1520|Petit valençay, fromage de chèvre au lait cru|La boîte de 110g|[Origine : FRANCE, Ce fromage de terroir s'apprécie particulièrement en fin de repas accompagné d'un assortiment de pains de campagne et de seigle., Lait de chèvre cru, ferments, sel, cendre végétale, présure animale. 45% de mat. gr./mat. sèche. 23% de mat. gr./produit fini., Valeur énergétique en Joules :  1183kj, Valeur énergétique en Kcal : 285kcal, Glucides : 0g, Lipides : 6,9g, Protides :5,4g, A conserver entre 0°C et +6°C.]|"
27,00€ / Kg"|"
2,97 €"
1521|Rocamadour, fromage de chèvre au lait cru, AOC|Le paquet de 3, 105g|[Origine : FRANCE, Lait de chèvre cru, ferments, sel, présure animale., Valeur énergétique en Joules :  1100kj, Valeur énergétique en Kcal : 265kcal, Glucides : 1g, Lipides : 21g, Protides :18g, A conserver entre +0°C et +6°C.]|"
29,43€ / Kg"|"
3,09 €"
1522|Sainte Maure, fromage de chèvre|La bûche de 200g|[Origine : FRANCE, Lait de chèvre pasteurisé - sel - présure -ferments lactiques et d'affinage.Fabriqué dans les Deux-Sèvres., Valeur énergétique en Joules :  1317Kj, Valeur énergétique en Kcal : 318Kcal, Glucides : 1,9g, Lipides : 26g, Protides :19g, A conserver entre +4°C et +8°C]|"
8,75€ / Kg"|"
1,75 €"
1523|Sainte Maure de Touraine, fromage de chèvre au lait cru, AOC|La bûche de 250g|[Origine : FRANCE, Fromage de chèvre au lait cru., Fromage de chèvre au lait cru., Valeur énergétique en Joules :  1137kj, Valeur énergétique en Kcal : 274kcal, Glucides : 1g, Lipides : 22g, Protides :18g, A conserver entre +4°C et +8°C.]|"
24,68€ / Kg"|"
6,17 €"
1524|Selles-sur-cher, fromage de ch{vre au lait cru, AOC|La barquette de 150g|[Origine : FRANCE, Lait cru de chèvre 98%, sel, ferments lactiques, présure animale, cendre végétale., Valeur énergétique en Joules :  1179kj, Valeur énergétique en Kcal : 284kcal, Glucides : 0g, Lipides : 6,9g, Protides :5,4g, A conserver entre 0°C et +6°C.]|"
26,07€ / Kg"|"
3,91 €"
1525|Fromage de brebis, 50% de mat. Gr.|La boîte de 180g|[Origine : FRANCE, Découvrez un fromage pur brebis, à la texture moelleuse et fondante. Le lait des brebis élevées dans une nature généreuse apporte au Brebiou l'originalité et la finesse de son goût., Conservation à +2°/ +8°C.]|"
16,72€ / Kg"|"
3,01 €"
1526|Fromage de chèvre|La boîte de 150g|[Origine : FRANCE, Goût si pur, si fondant  Pure nature, pur plaisir. 100% lait de chèvre., Pour mieux apprécier Chavroux démoulez-le ! C'est facile, pressez légèrement sur les angles., Lait de chèvre et crème de chèvre pasteurisés, sel fin (1,25%), arôme naturel de chèvre. Matière grasse/poids total : 13,5%. Fabriqué dans un atelier utilisant du lait de vache., Valeur énergétique en Joules :  771, Valeur énergétique en Kcal : 184,2, Glucides : 4, Lipides : 15, Protides :8,7, A garder au réfrigérateur. A conserver entre +2°C et +6°C.]|"
20,47€ / Kg"|"
3,07 €"
1527|Tendre bûche, fromage au lait de chèvre pasteurisé|La bûche de 160g|[Origine : FRANCE, C'est la crème que nous ajoutons dans notre recette qui rend la Tendre Bûche de Chavroux si douce et si crémeuse., Lait de chèvre, crème de chèvre, sel fin, arôme naturel de chèvre, gélatine, émulsifiant : E471, ferments, présure. 29% de mat. grasse dans le produit fini., A conserver entre +2°C et +6°C.]|"
15,56€ / Kg"|"
2,49 €"
1528|Fromage de brebis|Le fromage de 250g|[Origine : FRANCE, Lait pasteurisé de brebis, sel ferments lactiques, chlorure de calcium, présure. 48% de mat. Gr., soit nouvel affichage 29% mat. Gr. Dans le produit fini., Conservation entre +2° et + 6°C maximum.]|"
21,16€ / Kg"|"
5,29 €"
1529|Fromage de brebis, Pays Basque|La barquette de 210g|[Origine : FRANCE, Etorki signifie origine en langue basque. Fabriqué à Mauléon au coeur du pays Basque, le fromage pur brebis Etorki est issu du savoir-faire des bergers basques. Il puise dans son pays sa force et son goût typé caractéristique., Lait de brebis pasteurisé, sel, conservateurs : E235, E1105 (extrait de blanc d'oeuf). Croûte non destinée à être consommée., A consommer dans la semaine suivant l'ouverture.]|"
16,90€ / Kg"|"
3,55 €"
1530|Ossau iraty, fromage au lait pasteurisé de brebis, AOC, pur brebis|La barquette de 180g|[Origine : FRANCE, Découvrez son goût délicatement fruité et sa texture fondante.Fruit de la tradition pastorale du Béarn et du Pays Basque, l'AOC Ossau Iraty est un fromage au pur lait de brebis., Ne pas consommer la croûte., Lait de brebis pasteurisé, sel, présure, ferments lactiques, colorants de la croûte : caramel naturel, rocou, conservateur : E235., A conserver au froid entre +2°C et +6°C. Conditionné sous atmosphère protectrice.]|"
19,50€ / Kg"|"
3,51 €"
1531|P'tit Basque, fromage de brebis|La barquette de 220g|[Origine : FRANCE, Laissez vous surprendre par sa douceur et sa texture fondante., Conservation entre +2° et +6°.]|"
20,53€ / Kg"|"
3,08 €"
1532|Fromage de brebis|La boîte de 100g|[Origine : FRANCE, Savoureux et fondant., Fromage de brebis au lait pasteurisé., A conserver entre +2° et + 6°C.]|"
18,80€ / Kg"|"
1,88 €"
1535|Tomme de brebis|Le sachet de 200g|[Origine : FRANCE]|"
18,20€ / Kg"|"
3,64 €"
1536|Fromage de chèvre|La barquette de 200g|[Origine : FRANCE, Lait de chèvre pasteurisé, sel (1%), ferments lactiques, présure naturelle., A conserver à +2° / +6°C.]|"
14,95€ / Kg"|"
2,99 €"
1537|Fromage de chèvre|La pièce de 140g|[Origine : FRANCE, Lait de chÈvre entier pasteurisÍ (origine France), sel, ferments lactiques, ferments de surface, prÍsure naturelle, Valeur énergétique en Joules :  1075, Valeur énergétique en Kcal : 259, Glucides : 0.5, Lipides : 21, Protides :17]|"
22,50€ / Kg"|"
3,15 €"
1538|Bûche fondante, pur chèvre, fabriquée et affinée dans le Poitou|La pièce de 250g|[Origine : FRANCE, Fromage de chèvre au lait pasteurisé., Valeur énergétique en Joules :  1248kj, Valeur énergétique en Kcal : 301kcal, Glucides : traces, Lipides : 25g, Protides :19g, A conserver entre 4°C et 8°C.]|"
11,32€ / Kg"|"
2,83 €"
1539|La bûche fondante, fromage de chèvre|La bûche de 180g|[Origine : FRANCE, C'est à Saint-Varent, au coeur du Poitou, que les fromagers affineurs Président, forts de leur savoir-faire, fabriquent cette bûche pur chèvre., Fromage de chèvre au lait pasteurisé., Valeur énergétique en Joules :  1238Kj, Valeur énergétique en Kcal : 299KCal, Glucides : Traces, Lipides : 25g, Protides :18g, A conserver entre +4°C et +8°C.]|"
11,61€ / Kg"|"
2,09 €"
1540|Cabécou du Périgord|Le paquet de 3, 105g|[Origine : FRANCE, Le lait des chèvres vous offre un fromage unique, tendre et crémeux., Pour mieux l'apprécier, sortir du réfrigérateur une heure avant de déguster., Lait de chèvre pasteurisé, Ferments, Sel, A conserver entre +0°C et +6°C.]|"
24,76€ / Kg"|"
2,60 €"
1541|Crottin cendre|Les 2 pièces de 60g, soit 120g|[Origine : FRANCE, Moulage et affinage traditionnels. Sélection par notre fromager. Goût fin & frais., Lait de chèvre pasteurisé, Ferments, Sel, Colorant : charbon végétal, Présure animale, A conserver entre 0°C et +6°C.]|"
28,25€ / Kg"|"
3,39 €"
1542|Crottins de chèvre au lait cru, 45% de mat. Gr.|Le paquet de 2, 120g|[Origine : FRANCE, Moulage et affinage traditionnels. Sélection par notre fromager., Lait de chèvre pasteurisé, Ferments, Sel, A conserver entre +0°C/+6°C.]|"
24,67€ / Kg"|"
2,96 €"
1543|Le chèvre crémier|La boite de 125g|[Origine : FRANCE, Nos maîtres fromagers ont mis tout leur savoir-faire dans l'élaboration de votre Chèvre Crémier. Fait à partir de laits sélectionnés en Périgord, ils l'ont soigneusement affiné dans nos hâloirs pour lui garantir son authenticité., Pensez à le sortir du réfrigérateur 15 minutes avant dégustation. Jeune (J*-30) : votre Chèvre Crémier est ferme, au goût caprin subtil. Affiné (J*-15) : votre Chèvre Crémier est onctueux, au goût caprin typé. *J : date indiquée sur la boite., Lait de chèvre pasteurisé, Ferments, Sel, Présure, A conserver entre 0°C et +6°C.]|"
24,64€ / Kg"|"
3,08 €"
1544|Mini chèvres de terroir, chèvre cendré - chèvre de Dordogne - Cabécou du Périgord|Les 3 pièces, 85g|[Origine : FRANCE, Les Mini-Chèvres de Terroir Rians, une sélection d'authentiques fromages de chèvre proposés en petites portions et prêts à être dégustés., Idéal pour une présentation facile en assiette gourmande accompagnée de salade croquante. Original et rapide pour un apéritif aux saveurs du terroir., Cabécou = Lait de chèvre pasteurisé, Sel, Ferments Chevrac = Lait de chèvre pasteurisé, Sel, Ferments Chevrillon = Lait de chèvre pasteurisé, Sel, Cendre végétale, Ferments, A conserver entre +0°C et +6°C.]|"
2,80€ / Kg"|"
2,38 €"
1545|Bûchette de chèvre cendree|La barquette de 150g|[Origine : FRANCE, Lait de chÈvre pasteurisÍ, sel, conservateur : E202, ferments, cendre, coagulant, Valeur énergétique en Joules :  1031kj, Valeur énergétique en Kcal : 247kcal, Glucides : 2,4g, Lipides : 19, Protides :16,5g, A conserver entre +2¢C et +6¢C]|"
15,00€ / Kg"|"
2,25 €"
1546|Buûche de chèvre, teneur en sel réduit de 25%|La pièce de 180g|[Origine : FRANCE, Valeur énergétique en Joules :  1219kj, Valeur énergétique en Kcal : 292kcal, Glucides : 1g, Lipides : 23g, Protides :21g]|"
14,17€ / Kg"|"
2,55 €"
1547|Fromage au lait de chèvre pasteurisé|La bûche de 120g|[Origine : FRANCE, Fromage au lait de chèvre pasteurisé., A conserver entre +2°C et +6°C.]|"
15,00€ / Kg"|"
1,80 €"
1548|La bûchette de chèvre nature|La pièce de 150g|[Origine : FRANCE]|"
15,13€ / Kg"|"
2,27 €"
1549|Mini bûches de fromage de chèvre|Le sachet de 6 pièces, 150g|[Origine : FRANCE]|"
18,07€ / Kg"|"
2,71 €"
1550|Cantal au lait cru, affiné 4 mois, AOC|Le paquet de 200g|[Origine : FRANCE, Fromage au lait cru de vache., Lait de vache cru, sel, présure animale, ferments lactiques, A conserver entre +2°C et +°6C.]|"
13,00€ / Kg"|"
2,60 €"
1551|Comté, fromage à pâte pressée cuite|Le paquet de 450g|[Origine : FRANCE, Fromage à pâte pressée cuite., Sachet fraîcheur refermable. Sortir du réfrigérateur une heure avant consommation., Lait cru de vache, ferments lactiques (dont lait), sel, présure animale., Valeur énergétique en Joules :  1754kj, Valeur énergétique en Kcal : 423kcl, Glucides : 0g, Lipides : 35g, Protides :27g, A conserver entre +4°C et +8°C. A consommer rapidement après ouverture.]|"
11,42€ / Kg"|"
5,14 €"
1552|Comté, fromage à pâte pressée cuite, AOC|Le paquet de 250g|[Origine : FRANCE, Fromage à pâte pressée cuite., Sachet fraîcheur refermable. Sortir du réfrigérateur une heure avant consommation., Lait cru de vache, ferments lactiques (dont lait), sel, présure animale., Valeur énergétique en Joules :  1754kj, Valeur énergétique en Kcal : 423kcal, Glucides : 0g, Lipides : 35g, Protides :27g, A conserver entre +4°C et +8°C. A consommer rapidement après ouverture.]|"
11,96€ / Kg"|"
2,99 €"
1553|Comté au lait cru|Le sachet de 200g|[Origine : FRANCE, Affinage : 6 mois minimum. Riche en calcium., Afin de profiter pleinement de toute la saveur de ce fromage, sortez-le de son emballage 1/2 heure avant de le déguster., Lait cru de vache*, sel, présure animale, ferments lactiques. *ingrédient issu de l'agriculture biologique., Valeur énergétique en Joules :  1717kj, Valeur énergétique en Kcal : 414kcal, Lipides : 34g, Protides :27g, A conserver entre 0 et +6°C.]|"
17,55€ / Kg"|"
3,51 €"
1554|Comté au lait cru|Le sachet de 200g|[Origine : FRANCE, Affinage : 6 mois minimum. Riche en calcium., Afin de profiter pleinement de toute la saveur de ce fromage, sortez-le de son emballage 1/2 heure avant de le déguster., Lait cru de vache*, sel, présure animale, ferments lactiques. *ingrédient issu de l'agriculture biologique., Valeur énergétique en Joules :  1717kj, Valeur énergétique en Kcal : 414kcal, Lipides : 34g, Protides :27g, A conserver entre 0 et +6°C.]|"
17,55€ / Kg"|"
3,51 €"
1556|Edam|Le paquet de 290g|[Origine : FRANCE, Lait de vache pasteurisé, sel, ferments lactiques, coagulant, conservateur : nitrate de sodium, colorant : rocou. Croûte non consommable., A conserver entre +2°C et +8°C. A consommer rapidement après ouverture.]|"
8,31€ / Kg"|"
2,41 €"
1557|Emmental au lait cru, AOC, fabriqué en Suisse|Le paquet de 250g|[Origine : SUISSE, Ouvrir le sachet 20min. avant consommation., Lait cru de vache, sel, ferments lactiques, présure., Valeur énergétique en Joules :  1640, Valeur énergétique en Kcal : 395, Glucides : 0g, Lipides : 31g, Protides :29g, A conserver de +4°C à +8°C.]|"
15,52€ / Kg"|"
3,88 €"
1558|Emmental au lait cru de Franche Comté, biologique, affinage 10 semaines minimum|Le paquet de 228g|[Origine : ALLEMAGNE, Monoprix a sélectionné pour vous, avec des entreprises partenaires, des produits issus de l'agriculture biologique. Leurs modes de production et de transformation sont contrôlés et certifiés par un organisme indépendant, conformément à la réglementation en vigueur. Les producteurs emploient des fertilisants respectueux de l'environnement et pratiquent la rotation des cultures afin de garder des sols vivants et une fertilité durable., Afin de profiter pleinement de toute la saveur de ce fromage, sortez-le de son emballage 1/2 heure avant de le déguster., Lait cru vache * - sel - présure fermets lactiques                             *Ingrédient issu de l'agriculture biologique., Valeur énergétique en Joules :  15463kj, Valeur énergétique en Kcal : 376kcal, Glucides : 0,1, Lipides : 29g, Protides :28,8g, A conserver entre +2°C et +6°C.]|"
14,17€ / Kg"|"
3,90 €"
1559|Emmental au lait cru de Franche Comté, biologique, affinage 10 semaines minimum|Le paquet de 228g|[Origine : ALLEMAGNE, Monoprix a sélectionné pour vous, avec des entreprises partenaires, des produits issus de l'agriculture biologique. Leurs modes de production et de transformation sont contrôlés et certifiés par un organisme indépendant, conformément à la réglementation en vigueur. Les producteurs emploient des fertilisants respectueux de l'environnement et pratiquent la rotation des cultures afin de garder des sols vivants et une fertilité durable., Afin de profiter pleinement de toute la saveur de ce fromage, sortez-le de son emballage 1/2 heure avant de le déguster., Lait cru vache * - sel - présure fermets lactiques                             *Ingrédient issu de l'agriculture biologique., Valeur énergétique en Joules :  15463kj, Valeur énergétique en Kcal : 376kcal, Glucides : 0,1, Lipides : 29g, Protides :28,8g, A conserver entre +2°C et +6°C.]|"
14,17€ / Kg"|"
3,90 €"
1560|Emmental français, fromage à pâte pressée cuite|Le paquet de 250g|[Origine : FRANCE, LAIT DE VACHE PASTEURISE, SEL, FERMENTS LACTIQUES, COAGULANT ENZYMATIQUE, Valeur énergétique en Joules :  1495, Valeur énergétique en Kcal : 360, Lipides : 28, Protides :27, A conserver entre +4°C et + 8°C. Après ouverture, à conserver au réfrigérateur et à utiliser rapidement.]|"
8,04€ / Kg"|"
2,01 €"
1561|Emmental français, fromage à pâte pressée cuite|Le paquet de 500g|[Origine : FRANCE, Lait de vache pasteurisé, sel, ferments lactiques, coagulant., Valeur énergétique en Joules :  1495Kj, Valeur énergétique en Kcal : 360KCal, Glucides : <0,1g, Lipides : 28g, Protides :27g, A conserver entre +4°C et +8°C. Après ouverture, à conserver au réfrigérateur et à utiliser rapidement.]|"
7,68€ / Kg"|"
3,84 €"
1562|Gouda|Le paquet de 290g|[Origine : PAYS-BAS, Fromage à pâte pressée non cuite., Lait de vache pasteurisé, sel, ferments lactiques, présure animale, conservateur : nitrate de sodium, colorant : rocou. Croûte non consommable., Valeur énergétique en Joules :  1501kj, Valeur énergétique en Kcal : 362kcal, Glucides : <0,1g, Lipides : 30g, Protides :23g, A conserver entre +4°C et +8°C. A consommer rapidement après ouverture.]|"
9,76€ / Kg"|"
2,83 €"
1563|Gouda|Les 8 tranches, 200g|[Origine : PAYS-BAS, Lait de vache pasteurisé, sel, ferments lactiques, coagulant, conservateur : E251, colorant : E160a., Valeur énergétique en Joules :  1501Kj, Valeur énergétique en Kcal : 359Kcal, Glucides : 0,1g, Lipides : 30g, Protides :23g, A conserver entre 0°C et +8°C.]|"
10,65€ / Kg"|"
2,13 €"
1564|Mimolette jeune|Le paquet de 290g|[Origine : FRANCE, Fromage à pâte pressée non cuite., Fromage pasteurisé à pâte pressée non cuite. 40% de mat. gr./matière sèche. 24% de mat. gr./poids total., Valeur énergétique en Joules :  1293kj, Valeur énergétique en Kcal : 311kcal, Glucides : <0,1g, Lipides : 23g, Protides :26g, A conserver entre +4°C et +8°C. A consommer rapidement après ouverture.]|"
9,59€ / Kg"|"
2,78 €"
1565|Mimolette vieille, 12 mois d'affinage minimum|La barquette de 200g|[Origine : FRANCE, Lait pasteurisé - sel - ferments lactiques - présure - colorant : rocou - conservateur : lysozyme d'oeuf., Valeur énergétique en Joules :  1583kj, Valeur énergétique en Kcal : 381kcal, Glucides : 0,1g, Lipides : 29g, Protides :30g, A conserver entre +4°C et +8°C]|"
14,05€ / Kg"|"
2,81 €"
1566|Parmigiano Reggiano, affiné 24 mois|Le paquet de 200g|[Origine : ITALIE, Lait cru - sel - présure animale - ferments., Valeur énergétique en Joules :  1597kj, Valeur énergétique en Kcal : 384kcal, Glucides : 0g, Lipides : 28g, Protides :33g]|"
30,19€ / Kg"|"
5,59 €"
1567|Mimolette demi-vieille, affinée 7 mois|La portion de 250g|[Origine : FRANCE, Affinée en cave sur planches de bois 7 mois., Lait de vache pasteurisé partiellement écrémé, sel, ferments lactiques, présures, chlorure de calcium, colorant : rocou, conservateur : lysozyme d'oeuf. 28% de matière grasse dans le produit fini., A conserver entre +4°C et +8°C.]|"
17,64€ / Kg"|"
4,41 €"
1568|Comté, affiné dans le Jura|Le paquet de 325g|[Origine : FRANCE, Le Comté est un fromage naturel, sans additifs ni conservateurs. Il est fabriqué à partir d'un lait rigoureusement sélectionné pour sa qualité.Ce lait est issu de vaches de race Montbéliarde et Simmental française dont l'alimentation est essentiellement constituée d'herbe fraîche à la belle saison et de foin l'hiver. Entremont sélectionne les meilleures meules fabriquées dans les fruitières au coeur du massif jurassien. Puis ses affineurs leur apportent tous leurs soins et leur savoir-faire, pendant toute la durée de l'affinage, pour en délivrer le goût subtil et fruité et vous offrir le plaisir d'un fromage issu de la tradition fromagère., Lait cru, sel, ferments lactiques, présure, Conservation : + 8°C maxi.]|"
13,80€ / Kg"|"
4,83 €"
1569|Comté du Haut Doubs, fromage à pâte pressée cuite, fruité, AOC|Le paquet de 200g|[Origine : FRANCE, Entremont a sélectionné pour vous une gamme de fromages d'exception : l'occasion de découvrir des Comtés aux goûts et aux intensités spécifiques selon leur terroir d'origine., A conserver à +8°C maxi.]|"
19,30€ / Kg"|"
3,86 €"
1570|Emmental, affinage de tradition|Le paquet de 250g|[Origine : FRANCE, L'Emmental Français Entremont : tout le plaisir de l'Affinage de Tradition !Depuis toujours chez Entremont, nous apportons tout notre amour et notre savoir-faire à l'élaboration et l'affinage de nos meules pour vous offrir le meilleur de l'emmental :une pâte blonde aux saveurs fruitées sous une fine croûte ambrée, signe de notre affinage de Tradition., Afin de bénéficier de toutes les qualités de l'emmental Entremont, dégustez le 1/2 h après l'avoir sorti du réfrigérateur. Sachet pratique refermable., Lait, sel, ferments lactiques, coagulant, Conservation à + 8° maximum.]|"
11,44€ / Kg"|"
2,86 €"
1571|Emmental rapé|Le sachet refermable de 150g|[Origine : FRANCE, L'emmental râpé extra-fin Entremont : irrésistiblement fondant et savoureux ! Issu exclusivement de Meules Affinage de Tradition, l'emmental Entremont est râpé selon une méthode spécifique qui assure un fondant et une finesse de goût extrêmes., Sachet fraîcheur refermable., A conserver à +8°C maxi. Après ouverture, à consommer de préférence dans les 5 jours. Conditionné sous atmosphère protectrice.]|"
11,67€ / Kg"|"
1,75 €"
1572|Entremont comte tranches|Le paquet de 120g|[Origine : FRANCE, Fromage à pâte pressée cuite, 34% de MG dans le produit fini., A conserver à +8°C maxi. Conditionné sous atmosphère protectrice.]|"
19,33€ / Kg"|"
2,32 €"
1573|Gruyère tendre dégustation|Le paquet de 250g|[Origine : FRANCE, Grâce à sa recette exclusive au secret jalousement gardé, Dégustation vous offre un goût délicatement fruité et un moelleux incomparable., Sachet refermable pour mieux préserver toutes les saveurs et les qualités de votre fromage., Lait, sel, ferments lactiques, coagulant, Conservation à + 8° maximum]|"
12,28€ / Kg"|"
3,07 €"
1574|Fol épi tranches, fromage tendre et fruité|Le paquet de 150g|[Origine : FRANCE, Lait de vache pasteurisÍ, ferments lactiques/propioniques, sel, croÛte consommable colorÍe avec E150a et E160b., Valeur énergétique en Joules :  1495, Valeur énergétique en Kcal : 360, Glucides : 2, Protides :25, A conserver entre +4°C et +6°C. Conditionné sous atmosphère protectrice.]|"
15,53€ / Kg"|"
2,33 €"
1575|Mini soufflés au fromage|Les 2 pièces de 80g|[Origine : FRANCE, Soufflés au fromage Fol Epi: Fromages 40% (Fol Epi*, emmental), lait demi-écrémé, oeufs, amidon modifiés de maïs, sel, poivre *Fromage au lait de vache pasteurisé découpé dans un atelier manipulant des produits au lait de vache et de brebis. Colorants contenus dans la croûte: caramel, annato, Valeur énergétique en Joules :  983, Valeur énergétique en Kcal : 236, Glucides : 7, Lipides : 16, Protides :16]|"
17,19€ / Kg"|"
2,75 €"
1576|Comté juraflore bio|Le paquet de 240g|[Origine : FRANCE, lait cru de vache, ferments lactiques (lait), sel, présure]|"
16,89€ / Kg"|"
4,05 €"
1577|Comté juraflore bio|Le paquet de 240g|[Origine : FRANCE, lait cru de vache, ferments lactiques (lait), sel, présure]|"
16,89€ / Kg"|"
4,05 €"
1578|Gouda au cumin vieux AOP|La portion de 200g|[Origine : PAYS-BAS, Les fromages Holland Master sont affinés pendant de long mois sur des planches de bois, selon la tradition., Croûte non consommable contenant un conservateur de surface : natamycine. En raison de son long affinage, ce fromage peut avoir légèrement blanchi. Ceci n'altère en rien ses qualités., LAIT DE VACHE, Valeur énergétique en Joules :  1749kj, Valeur énergétique en Kcal : 422kcal, Glucides : 0g, Lipides : 35g, Protides :27g, A conserver entre 4 et 6°C. Conditionné sous atmosphère protectrice.]|"
15,40€ / Kg"|"
3,08 €"
1579|Gouda vieux AOP|La portion de 200g|[Origine : PAYS-BAS, Les fromages Holland Master sont affinés pendant de longs mois sur planches de bois. Situés plusieurs mètres en-dessous du niveau de la mer et balayés par les vents marins, les pâturages de la péninsule Noord-Holland confèrent au lait des qualités gustatives reconnues et au Gouda Vieux AOP sa richesse aromatique et sa texture incomparable. Riche et intense en goût. Légers cristaux., Etui refermable., LAIT de vache pasteurisé, sel, ferments lactiques, présure animale, conservateur : E251, colorant : E160b. Croute non consommable contenant un conservateur de surface E235., Valeur énergétique en Joules :  1760, Valeur énergétique en Kcal : 424, Glucides : 0, Lipides : 35, Protides :27, Entre 4 C et 7 C]|"
14,65€ / Kg"|"
2,93 €"
1582|Comté 15 mois affiné au Fort des Rousses|La barquette de 200g|[Origine : FRANCE, Depuis 1907, les Fromageries Arnaud vous proposent des fromages d'exception, dont le Comté JuraFlore Fort des Rousses dans différents affinages.Présent maintenant en libre service dans 2 affinages : 9 mois et 15 mois, le Comté JuraFlore Fort des Rousses est protégé par une cave ouvrable et refermable, la Cave Arnaud. Ce procédé unique de conservation garantit la préservation de ses saveurs et de ses arômes., Sortez la Cave Arnaud du réfrigérateur 30 minutes avant consommation. Remettre le comté dans la Cave Arnaud puis dans votre réfrigérateur., lait cru de vache, ferments lactiques (lait), sel, présure, A conserver au frais entre 4°C et 10°C.]|"
22,60€ / Kg"|"
4,52 €"
1583|Fromage au lait pasteurisé|Le paquet de 250g|[Origine : FRANCE, Fromage au lait pasteurisé ingrédients: lait écrémé,lait, créme (5%), sel (1,7%), ferments lactiques, enzymecoagulante microbienne, colorant E160a, dans la croûte: colorant E160b, conservateur E235, Croûte non alimentaire, non consommable. Conditionn{ sous atmosphére protectrice. Tenir au froid entre + 4[C et + 8[, Valeur énergétique en Joules :  1590kj, Valeur énergétique en Kcal : 384kcal, Glucides : 0,1g, Lipides : 32g, Protides :24g]|"
13,16€ / Kg"|"
3,29 €"
1584|Fromage au lait pasteurisé|Les 6 tranches, 150g|[Origine : FRANCE, Intense et fondant. Retrouvez la douceur de Leerdammer, relevée d'une touche de crème qui lui confère une texture moelleuse. L'affinage spécifique de Leerdammer Le Moelleux lui garantit une saveur légèrement relevée. Leerdammer Le Moelleux est la combinaison surprenant d'une texture fondante et d'un goût intense., lait écrémé, lait, crème (5%), sel, ferments lactiques, enzyme coagulante microbienne, Valeur énergétique en Joules :  1460, Valeur énergétique en Kcal : 352, Glucides : 0, Lipides : 29,5, Protides :21,5, Conservation : min. 4°C, max. 7°C.]|"
16,00€ / Kg"|"
2,40 €"
1585|Fromage au lait pasteurisé, spécial baguette|Les 8 tranches, 160g|[Origine : PAYS-BAS, Un pique-nique improvisé ? Un déjeuner à emporter ? Avec les tranches Leerdammer Spécial Baguette, retrouvez le goût doux et fruité de Leerdammer dans vos sandwiches maison !Une forme pratique, adaptée à la taille de la baguette, des tranches épaisses et généreuses  pour des sandwiches irrésistibles !, Lait, sel de cuisine (1,5%), ferments lactiques, enzyme coagulante microbienne., A conserver entre +4°C et +8°C maximum. Conditionné sous atmosphère protectrice.]|"
15,06€ / Kg"|"
2,41 €"
1586|Merzer tendrement léger, tranches|Le paquet de 8 pièces, 170g|[Origine : FRANCE, Tout le plaisir d'un vrai fromage avec seulement 12% de matière grasse., Lait de vache pasteurisé, partiellement écrémé, sel (1,5%), ferments lactiques, présure naturelle, conservateurs : E235. Sans colorant. 12% de matière grasse sur produit fini., Valeur énergétique en Joules :  928kj, Valeur énergétique en Kcal : 222kcal, Glucides : 0,5g, Lipides : 12g, Protides :28g, A conserver à +2°C et +8°C.]|"
18,00€ / Kg"|"
3,06 €"
1587|Emmental, teneur en sel réduite|La plaquette de 200g|[Origine : FRANCE]|"
14,15€ / Kg"|"
2,83 €"
1588|Emmental à croquer|Les 6 sachets de 18g|[Origine : FRANCE]|"
17,69€ / Kg"|"
1,91 €"
1589|Emmental coeur de meule, format familial|Le paquet de 400g|[Origine : FRANCE, C'est dans le coeur de la meule que l'emmental est le plus moelleux et le plus fruité. C'est pourquoi Président y sélectionne soigneusement ses portions d'emmental., Fromage à pâte pressée cuite., Valeur énergétique en Joules :  1512Kj, Valeur énergétique en Kcal : 361Kcal, Glucides : 0g, Lipides : 28g, Protides :28g, Conservation entre +4° et + 8°C maximum., utiliser dans les 8 jours]|"
10,13€ / Kg"|"
4,05 €"
1590|Emmental rapé|Le sachet de 200g|[Origine : FRANCE]|"
9,95€ / Kg"|"
1,99 €"
1591|Emmental rapé, sel réduit|Le sachet de 150g|[Origine : FRANCE, Moelleux et fondant en bouche, l'emmental râpé Président sel réduit de 30% révèle un bon goût fruité, faisant de chaque bouchée un vrai régal., Emmental français râpé (fromage à pâte pressée cuite au lait pasteurisé). 30% de sel en moins que la moyenne des emmentals râpés. 28% de matière grasse sur produit fini., Valeur énergétique en Joules :  1495kj, Valeur énergétique en Kcal : 360kcal, Glucides : Traces, Lipides : 28g, Protides :27g, A conserver entre +4°C et +8°C. Afin de mieux profiter de toute la saveur et du moelleux de votre emmental, nous vous conseillons de le consommer dans les 6 jours suivant l'ouverture du sachet. Conditionné sous atmosphère protectrice.]|"
12,87€ / Kg"|"
1,93 €"
1592|Emmental râpé fondant, 28% de matière grasse sur produit fini|Les 3 sachets de 70g, soit 210g|[Origine : FRANCE, Moelleux et fondant en bouche, l'Emmental Râpé Fondant Président révèle un goût doux et fruité  Lait 100% origine France.L'emmental Râpé Fondant Président, c'est 99% de lait avec un peu de sel et de ferments !, A savourer à chaque instant dans vos pâtes, gratins ou quiches., Emmental français râpé (fromage à pâte pressée cuite). 28% de matière grasse sur produit fini., Valeur énergétique en Joules :  1495kj, Valeur énergétique en Kcal : 360kcal, Glucides : traces, Lipides : 28g, Protides :27g, Conservation entre +4° et + 8°C. A consommer dans les 6 jours suivant l'ouverture du sachet. Conditionné sous atmosphère protectrice.]|"
11,76€ / Kg"|"
2,47 €"
1593|Emmental en tranches spécial baguette|Le paquet de 130g|[Origine : FRANCE, Doux & fondant., Idéal pour sandwich. Ouvrir 1/2 heure avant consommation., Lait de vache pasteurisÍ , ferments lactiques, sel, coagulant, Valeur énergétique en Joules :  1525kj, Valeur énergétique en Kcal : 367kcal, Glucides : traces, Lipides : 28g, Protides :28g, A conserver entre +4°C et +8°C. Conditionné sous atmosphère protectrice.]|"
14,38€ / Kg"|"
1,87 €"
1594|Comté rapé, fromage à pâte pressée cuite|Le sachet de 140g|[Origine : FRANCE, Finement râpé, ce fromage apportera un goût subtil et fruité à toutes vos recettes., Lait crue de vache - sel - ferment lactiques - présure animale., Valeur énergétique en Joules :  1734kj, Valeur énergétique en Kcal : 418kcal, Glucides : 0,1g, Lipides : 34g, Protides :28g, A conserver entre +4°C et +8°C. A consommer dans la semaine suivant l'ouverture. Conditionné sous atmosphère protectrice.]|"
13,43€ / Kg"|"
1,88 €"
1595|Emmental français râpé|Les 3 sachets de 35g|[Origine : FRANCE, Emmental français râpé, fromage à pâte pressée cuite., Lait de vache, sel, ferments lactiques, coagulant., Valeur énergétique en Joules :  1549kj, Valeur énergétique en Kcal : 373kcal, Glucides : <0,1g, Lipides : 29g, Protides :28g, A conserver entre +4°C et +8°C. Après ouverture, à conserver au réfrigérateur et à consommer dans les 5 jours. Conditionné sous atmosphère protectrice.]|"
11,24€ / Kg"|"
1,18 €"
1596|Emmental français râpé|Le sachet de 200g|[Origine : FRANCE, Emmental français râpé, fromage à pâte pressée cuite., Lait de vache pasteurisé, sel, ferments lactiques coagulant., A conserver entre +4°C et +8°C. Après ouverture, à conserver au réfrigérateur et à consommer dans les 5 jours. Conditionné sous atmosphère protectrice.]|"
7,65€ / Kg"|"
1,53 €"
1597|Emmental français râpé|Le sachet de 400g|[Origine : FRANCE, Emmental français râpé, fromage à pâte pressée cuite., Lait de vache pasteurisé, sel, ferments lactiques, coagulant., Valeur énergétique en Joules :  1549kj, Valeur énergétique en Kcal : 373kcal, Glucides : 0,1g, Lipides : 29g, Protides :28g, A conserver entre +4°C et +8°C. Après ouverture, à conserver au réfrigérateur et à consommer dans les 5 jours. Conditionné sous atmosphère protectrice.]|"
7,48€ / Kg"|"
2,99 €"
1598|Emmental râpé|Les 3 sachets de 70g|[Origine : FRANCE, Emmental français râpé, fromage à pâte pressée cuite., Lait, ferments lactiques, coagulant, sel., A conserver entre +4°C et +8°C. Après ouverture, à conserver au réfrigérateur et à consommer dans les 5 jours. Conditionné sous atmosphère protectrice.]|"
7,62€ / Kg"|"
1,60 €"
1599|Emmental râpé|Le sachet de 100g|[Origine : FRANCE, Emmental français râpé, fromage à pâte pressée cuite., Lait , ferments lactiques ,-coagulant , sel., Valeur énergétique en Joules :  1549Kj, Valeur énergétique en Kcal : 373Kcal, Glucides : <01,1g, Lipides : 29g, Protides :28g, A conserver entre +4°C et +8°C. Après ouverture, à conserver au réfrigérateur et à consommer dans les 5 jours. Conditionné sous atmosphère protectrice.]|"
11,20€ / Kg"|"
1,12 €"
1600|Emmental râpé, au lait cru de Franche Comté|Le sachet de 100g|[Origine : FRANCE, Monoprix a sélectionné pour vous avec des entreprises partenaires, des produits issus de l'agriculture biologique. Leurs modes de production et de transformation sont contrôlés et certifiés par un organisme indépendant, conformément à la réglementation en vigueur. Les producteurs emploient des fertilisants respectueux de l'environnement et pratiquent la rotation des cultures afin de garder des sols vivants et une fertilité durable., Lait cru de vache* - sel - présure - ferments lactiques.                       *ingrédients issu de l'agriculture biologique., Valeur énergétique en Joules :  1563kj, Valeur énergétique en Kcal : 376kcal, Glucides : 0,1g, Lipides : 29g, Protides :29g, A conserver entre +4°C et +8°C maxi.]|"
14,50€ / Kg"|"
1,45 €"
1601|Emmental râpé, au lait cru de Franche Comté|Le sachet de 100g|[Origine : FRANCE, Monoprix a sélectionné pour vous avec des entreprises partenaires, des produits issus de l'agriculture biologique. Leurs modes de production et de transformation sont contrôlés et certifiés par un organisme indépendant, conformément à la réglementation en vigueur. Les producteurs emploient des fertilisants respectueux de l'environnement et pratiquent la rotation des cultures afin de garder des sols vivants et une fertilité durable., Lait cru de vache* - sel - présure - ferments lactiques.                       *ingrédients issu de l'agriculture biologique., Valeur énergétique en Joules :  1563kj, Valeur énergétique en Kcal : 376kcal, Glucides : 0,1g, Lipides : 29g, Protides :29g, A conserver entre +4°C et +8°C maxi.]|"
14,50€ / Kg"|"
1,45 €"
1602|Grana padano, fromage râpé italien, affiné 15 mois|Le sachet de 100g|[Origine : ITALIE, Ce fromage italien au lait cru bénéficie d'une Appellation d'origine Protégée (A.O.P.). Le Grana Padano Monoprix Gourmet est obtenu par râpage de la partie noble de la meule, c'est-à-dire son coeur. La technique de râpage en petits grains permet d'obtenir un produit fondant et onctueux mais surtout de préserver toute la saveur originelle du produit., Ce fromage râpé est idéal pour relever vos préparations à base de pâtes, vos gratins, vos soupes et même vos pizzas., Lait cru de vache, sel, présure de veau, conservateur : lysozyme (protéine naturelle dérivée du blanc d'oeuf)., Valeur énergétique en Joules :  1693Kj, Valeur énergétique en Kcal : 407KCal, Glucides : 1,5g, Lipides : 29g, Protides :35g, A consommer entre 0°C et +8°C.]|"
24,60€ / Kg"|"
2,46 €"
1603|Parmigiano Reggiano, AOP, affiné 30 mois|La pointe de 150g|[Origine : ITALIE, Lait, sel, présure., Valeur énergétique en Joules :  1633kj, Valeur énergétique en Kcal : 392kcal, Glucides : 0g, Lipides : 28,4g, Protides :33g, A conserver entre 0°C et +4°C.]|"
33,27€ / Kg"|"
4,99 €"
1604|Parmigiano reggiano, fromage râpé italien|Le sachet de 70g|[Origine : FRANCE, Lait cru de vache, sel, ferments lactiques, présure animale., Valeur énergétique en Joules :  1633Kj, Valeur énergétique en Kcal : 392Kcal, Glucides : 0, Lipides : 28,4g, Protides :33g, A conserver entre +2°C et +8°C. A consommer dans la semaine suivant l'ouverture.]|"
22,71€ / Kg"|"
1,59 €"
1605|Parmigiano Reggiano, parmesan en copeaux, affiné 24 mois|La boîte de 80g|[Origine : ITALIE, Affiné 18 mois minimum., Conditionné sous atmosphère protectrice., Lait cru, sel, présure animale., Valeur énergétique en Joules :  1618kj, Valeur énergétique en Kcal : 389kcal, Glucides : 0, Lipides : 28g, Protides :33g, A conserver entre 0°C et +4°C.]|"
33,75€ / Kg"|"
2,70 €"
1606|Parmigiano Reggiano, parmesan râpe, affin{ 24 mois|La boîte de 70g|[Origine : ITALIE, Affiné 24 mois minimum., Lait cru, sel, présure animale., Valeur énergétique en Joules :  1597kj, Valeur énergétique en Kcal : 384kcal, Glucides : 0, Lipides : 28g, Protides :33g, A conserver entre 0°C et +4°C.]|"
33,57€ / Kg"|"
2,35 €"
1607|Pecorino Romano râpé, fromage italien au lait thermisé de brebis|Le sachet de 50g|[Origine : ITALIE, Lait thermisé de brebis, sel, ferments lactiques, présure animale. 31% de MG sur produit fini., Valeur énergétique en Joules :  1623kj, Valeur énergétique en Kcal : 391kcal, Glucides : 0g, Lipides : 31g, Protides :28g, A conserver entre 0°C et +4°C.]|"
19,80€ / Kg"|"
0,99 €"
1610|Grana padano rapé|Le sachet de 100g|[Origine : ITALIE, Grana Padano à 28% de MG sur poids total., D'un goût intense tout en étant délicat, le Grana Padano accompagne les pâtes, le riz, les soupes (et plus particulièrement le minestrone). Il personnalisera les sauces aux fromages, les farces et, bien sûr tous les gratins., Lait cru de Vache, Sel , Presure, conservateur : lyzosyme (proteines d'oeufs), Valeur énergétique en Joules :  1597kj, Valeur énergétique en Kcal : 394kcal, Glucides : 0, Lipides : 28g, Protides :33g, Conserver à +6°C maxi. Produit conditionné sous atmosphère protectrice.]|"
21,20€ / Kg"|"
2,12 €"
1611|Parmigiano reggiano râpé|Le sachet de 60g|[Origine : ITALIE, Parmigiano Reggiano à 28% de matière grasse sur poids total., D'un goût fruité le Parmesan accompagne plus particulièrement les pâtes mais aussi le riz, la polenta et les soupes. Il personnalisera les sauces aux fromages, les farces et bien sur tous les gratins., A conserver à +8°C maxi. Conditionné sous atmosphère protectrice et à consommer rapidement après ouverture.]|"
30,17€ / Kg"|"
1,81 €"
1612|Comté râpé|Le sachet de 140g|[Origine : FRANCE, Finement râpé, ce comté vous délivrera un goût subtil et fruité pour sublimer votre cuisine.Fondant et moelleux, le Comté râpé Entremont donnera à toutes vos recettes ce délicieux petit goût fruité. Un plaisir de chaque instant ! Le Comté Entremont :lentement affiné généreux en saveurs !, Lait cru, sel, ferments lactiques, présure, Conserver à +8°C. Conditionné sous atmosphère protectrice.]|"
17,14€ / Kg"|"
2,40 €"
1613|Emmental rapé|Le sachet refermable de 500g|[Origine : FRANCE, L'Emmental français Entremont : tout le plaisir de l'affinage de Tradition ! Depuis toujours chez Entremont, nous apportons tout notre amour et notre savoir-faire à l'élaboration et l'affinage de nos Meules pour vous offrir le meilleur de l'Emmental.Irrésistiblement fondant et savoureux, cet emmental sublimera tous vos plats : parole d'Entremont., Sachet fraîcheur refermable., Lait, sel, ferments lactiques, coagulant, A conserver à +8°C maxi. Après ouverture, à consommer de préférence dans les 5 jours. Conditionné sous atmosphère protectrice.]|"
11,22€ / Kg"|"
5,61 €"
1614|Emmental râpé extra-fin|Les 3 sachets de 70g|[Origine : FRANCE, Lait, sel, ferments lactiques, coagulant, conservation à + 8° maximum; A consommer dans les 5 jours suivants l'ouverture.]|"
12,86€ / Kg"|"
2,70 €"
1615|Emmental râpé extra-fin|Le sachet de 325g|[Origine : FRANCE, Lait, sel, ferments lactiques, coagulant, conservation à + 8° maximum; A consommer dans les 5 jours suivants l'ouverture.]|"
11,45€ / Kg"|"
3,72 €"
1616|Gruyère râpé, affiné dans le Jura|Le sachet de 150g|[Origine : FRANCE, Entremont a mis tout son savoir-faire dans ce délicieux Gruyère au fondant et au goût si subtils., L'astuce maligne pour sublimer gratins traditionnels, plats de pâtes gourmands ou encore tartines chaudes., Conservation : +8°C maxi.]|"
16,33€ / Kg"|"
2,45 €"
1617|Mélange de trois fromages râpés au lait de vache pasteurisé, tomme, émmental et mozzarella|Le sachet de 200g|[Origine : FRANCE, Découvrez une recette unique, qui révèle une richesse de saveurs dans vos plats préférés grâce à l'association harmonieuse et originale de 3 savoureux fromages. 3 savoureux fromages : la tomme de caractère pour son goût intense, l'emmental pour sa note subtile et fruitée, la mozzarella pour sa douceur et son fondant exceptionnel., Fromage à pâte pressée (lait de vache pasteurisé, sel, ferments, colorant : E160b), emmental, mozzarella, anti-agglomérant : cellulose. Fabriqué en France., Valeur énergétique en Joules :  1435kj, Valeur énergétique en Kcal : 346kcal, Glucides : Traces, Lipides : 28g, Protides :23g, A conserver entre +4° et + 8°C maximum. Conditionné sous atmosphère protectrice. Afin de mieux profiter de toute la saveur et du fondant du râpé 'le 3 Saveurs' Président, nous vous conseillons de le consommer dans les 6 jours suivant l'ouverture du sachet.]|"
13,95€ / Kg"|"
2,79 €"
1618|Assortiment de trois fromages à raclette, nature, goût fumé et fromages aux poivres|La barquette de 700g|[Origine : FRANCE, Raclette nature, fromage goût fumé, fromage aux poivres., 5-6 personnes. Environ : 9 tranches pour chacun., Raclette nature : lait de vache pasteurisé, sel, ferments (dont lait), colorants (croûte) : E160b, E120, conservateurs : E235 (croûte), lysozyme d'oeuf. Fromage goût fumé : lait de vache pasteurisé, sel, ferments (dont lait), colorants (croûte) : E150b, E120, conservateurs : E235 (croûte), lysozyme d'oeuf, arôme fumée. Fromage aux poivres : lait de vache pasteurisé, sel, poivres vert et noir 1%, ferments (dont lait), arôme naturel de poivre (dont lait), colorants (croûte) : E160b, E120, conservateurs : E235 (croûte), lysozyme d'oeuf., Valeur énergétique en Joules :  1362kj, Valeur énergétique en Kcal : 328kcal, Glucides : 0,5g, Lipides : 26g, Protides :23g, A conserver entre +4°C et +8°C. Conditionné sous atmosphère protectrice.]|"
10,93€ / Kg"|"
7,65 €"
1619|Fondue aux deux fromages, Emmental et Comté|La boite de 450g|[Origine : FRANCE, Préparation alimentaire fondue aux 2 fromages., Retirez l'opercule de la barquette et versez le contenu de la barquette dans un carton. Portez à ébullition pendant quelques minutes en remuant régulièrement. Dès que la fondue est onctueuse et filante, elle est prête, maintenez à ébullition. Piquezdes dés de pain à l'aide d'une fourchette., FROMAGES 48%(EMMENTAL 34%, COMTE 14%), EAU, VIN BLANC, AMIDON TRANSFORME DE MAIS, AIL EN POUDRE, KIRSCH, SEL, POIVRE BLANC, Valeur énergétique en Joules :  895, Valeur énergétique en Kcal : 215, Glucides : 5, Lipides : 15, Protides :15, A conserver entre +4°C et +8°C.]|"
8,64€ / Kg"|"
3,89 €"
1620|Fromage pour raclette, en tranches|Les 2 barquettes, 800g|[Origine : FRANCE, Lait de vache pasteurisé, sel, coagulant, ferments, conservateur : lysozyme d'oeuf, colorants de la croûte : E120, E160b, conservateur de la croûte : natamycine., Pour plus de saveur, ouvrir 30 minutes avant de servir., Valeur énergétique en Joules :  1362kj, Valeur énergétique en Kcal : 328kcal, Glucides : 0,5g, Lipides : 26g, Protides :23g, A conserver entre +4°C et +8°C. A consommer rapidement après ouverture.]|"
8,36€ / Kg"|"
6,69 €"
1621|Fromage pour raclette en tranche|La barquette de 400g|[Origine : FRANCE, Pour plus de saveur, ouvrir 30 minutes avant de servir., Lait pasteurisé, sel, coagulant, ferments, conservateur : lysozyme d'oeuf, colorants de la croûte : E120, E160b, conservateur de la croûte : natamycine., Valeur énergétique en Joules :  1362kj, Valeur énergétique en Kcal : 328kcal, Glucides : 0,5g, Lipides : 26g, Protides :23g, A conserver entre +4°C et +8°C.]|"
9,68€ / Kg"|"
3,87 €"
1622|Raclette de Savoie tranchées, au lait cru de vache|Le plateau de 400g|[Origine : FRANCE]|"
22,40€ / Kg"|"
8,96 €"
1623|Fromage pour raclette, 3 saveurs: poivre, nature et fumée|Le plateau de 550g|[Origine : FRANCE]|"
18,16€ / Kg"|"
9,99 €"
1624|Plateau de raclette à la moutarde, 3 à 4 parts|Le plateau de 500g|[Origine : FRANCE, lait pasteurisé de vache, graines de moutarde 1.5%, sel, enzyme coagulante, ferments lactiques., A conserver entre + 4 °C et + 6 °C]|"
20,40€ / Kg"|"
10,20 €"
1625|Plateau de raclette au lait cru, 3 à 4 parts|Le plateau de 500g|[Origine : FRANCE, Lait cru de vache, sel, enzyme coagulante, ferments lactiques., A conserver entre + 4 °C et + 6 °C]|"
20,40€ / Kg"|"
10,20 €"
1626|Plateau de raclette au poivre, 3 à 4 parts|Le plateau de 500g|[Origine : FRANCE, lait pasteurisé de vache, grains de poivre 0.3%, sel, enzyme coagulante, ferments lactiques., A conserver entre + 4 °C et + 6 °C]|"
20,40€ / Kg"|"
10,20 €"
1627|Fromage pour raclette, au lait entier, saveur d'antan|Les 15 tranches, 350g|[Origine : FRANCE, Pour 2/3 personnes., Conserver à +8°C maximum. Conditionné sous atmosphère protectrice.]|"
14,00€ / Kg"|"
4,90 €"
1628|Plateau saveur 3 monts, morbier, raclette et tomme|La barquette de 600g|[Origine : FRANCE]|"
16,65€ / Kg"|"
9,99 €"
1629|Raclette 3 saveurs, 3 poivres, nature et fumée|La barquette de 600g|[Origine : FRANCE, Raclette : LAIT de vache pasteurisé, sel, ferments lactiques, coagulant, conservateur de surface : natamycine (E235). Raclette aux 3 poivres : LAIT de vache pasteurisé, sel, ferments lactiques, coagulant, poivres (noir, vert et blanc), conservateur de surface : natamycine (E235). Raclette fumée : LAIT de vache pasteurisé, sel, ferments lactiques, coagulant, conservateur de surface : natamycine (E235).]|"
12,58€ / Kg"|"
7,55 €"
1630|Raclette nature et morbier|Le paquet de 350g|[Origine : FRANCE, Raclette : fromage à pâte pressée non cuite au lait pasteurisé. Morbier : fromage à pâte pressée non cuite au lait cru., Conditionné sous atmosphère protectrice., A conserver au frais à +8°C maximum. A consommer rapidement après ouverture.]|"
17,57€ / Kg"|"
6,15 €"
1631|Râpé pour fondue|Le paquet de 400g|[Origine : FRANCE, Grâce au savoir-faire de nos maîtres fromagers, nous vous proposons une fine sélection de fromages râpés pour préparer facilement votre fondue. Ce mélange parfaitement adapté pour réussir votre recette savoyarde, alliant le fondant de l'Emmental, lefruité du Comté et toute la saveur du Beaufort, vous garantira un moment convivial., Frottez le caquelon avec une gousse d'ail coupée en deux. Mettez à chauffer le vin blanc à feu moyen. Quand le vin frémit, ajouter votre sachet de fromages râpés pour fondue Entremont. Laissez fondre sur feu doux, tout en mélangeant jusqu'à ce que lafondue devienne lisse et homogène. Assaisonnez de poivre et de noix de muscade et remuez le tout pendant 5 minutes jusqu'à une légère ébullition. Pour terminer, déposez votre caquelon sur le réchaud et c'est prêt. Conditionné sous atmosphère protectrice., A conserver au frais à +8°C maximum et à consommer de préférence sous 5 jours après ouverture.]|"
15,75€ / Kg"|"
6,52 €"
1632|Fromage pour tartiflette|boite de 450g|[Origine : FRANCE, Très facile et toujours apprécié par les grands comme les petits., Lait, sel, ferments, enzymes coagulantes., Valeur énergétique en Joules :  1366kj, Valeur énergétique en Kcal : 329kcal, Glucides : 1g, Lipides : 27g, Protides :20g, A conserver à +8°C maximum.]|"
11,44€ / Kg"|"
5,15 €"
1633|Fromage pour tartiflette|La pièce de 250g|[Origine : FRANCE, Lait, sel, ferments, coagulant, Valeur énergétique en Joules :  1366, Valeur énergétique en Kcal : 329, A conserver Å +8¢C maximum]|"
12,60€ / Kg"|"
3,15 €"
1634|Plateau pour raclette, 3 saveurs, poivre, lait cru, moutarde|La barquette de 360g|[Origine : FRANCE, Avec cette plateau 3 saveurs, variez les plaisirs lors de vos soirées raclette en famille ou entre amis : La raclette au lait cru apporte une note champêtre forte et des saveurs riches, la raclette aupoivre confère une note à la fois rare et épicée et la raclette à la moutarde, une note douce et épicée. Un vrai régal prêt à fondre]|"
22,61€ / Kg"|"
8,14 €"
1635|Fondue Savoyarde, 100% fromage de Savoie au lait cru|Le sachet de 400g|[Origine : FRANCE, Fondue haut de gamme riche en saveurs. Notre spécialité le Beaumont de Savoie rend cette fondue unique. L'Abondance AOP, de notre atelier sur les hauteurs du lac Léman, type finement le goût.Depuis 1919, Pochat et fils fabriquent et affinent des fromages de Savoie avec ce savoir faire qu'on se transmet de génération en génération., Prédosée pour 2 gourmands ou un repas familial pour 3. Ajoutez le vin et préparez en 10 minutes une succulente fondue selon la méthode traditionnelle et naturelle., 100% fromage de Savoie au lait cru, Emmental de Savoie IGP 40%, Beaumont de Savoie 40%, Beaufort AOP 10%, Abondance AOP 10%. Matière grasse dans le mélange. Sans additif ni conservateur., Conservation entre +4° et + 8°C maximum. Conditionnée sous atmosphère modifiée.]|"
18,18€ / Kg"|"
7,27 €"
1636|Petit reblochon de Savoie fruitier, au lait cru|La pièce de 240g|[Origine : FRANCE, Conserver entre +4°C et +8°C.]|"
16,63€ / Kg"|"
3,99 €"
1639|Raclette de Savoie au lait de montagne|La barquette de 360g|[Origine : FRANCE]|"
13,47€ / Kg"|"
4,85 €"
1640|Reblochon de Savoie au lait cru, fruitier AOP|La pièce de 450g|[Origine : FRANCE, Petit Reblochon de Savoie au lait cru., Conserver entre +4°C et +8°C.]|"
13,80€ / Kg"|"
6,21 €"
1641|La fondue aux 3 fromages prête en 5min.|La boîte de 450g|[Origine : FRANCE, Découvrez la fondue Président aux 3 Fromages, une recette généreuse et onctueuse, fruit d'un savoir-faire et d'une sélection rigoureuse de fromages et vin, sans colorant, ni conservateur., Versez le contenu de la barquette dans un caquelon ou une casserole et portez à feu vif. Tournez énergiquement et constamment à l'aide d'une spatule jusqu'à ébullition. Dégustez votre fondue en trempant des dés de pain avec des piques ou fourchettes,tout en maintenant le caquelon ou la casserole au chaud à l'aide d'un réchaud ou d'une chauffe-plat, et en remuant régulièrement., Fromages 51% (emmental 36%, comté 11%, gruyère 4%), eau, vin blanc, amidon transformé de maïs, ail, kirsch, sel, poivre blanc. Sans colorant, ni conservateur., Conservation entre +2° et + 6°C maximum.]|"
11,09€ / Kg"|"
4,99 €"
1642|Assortiment de fromage à raclette, affinage sur épicéa|Les 27 tranches, 700g|[Origine : FRANCE, Avec ses 3 savoureuses variétés de fromage, l'assortiment RicheMonts est le plateau idéal pour une soirée raclette parfaite. Lait de montagne. Affinage sur épicéa.L'assortiment RicheMonts séduira vos convives par son originalité pleine de saveur et de gourmandise., Pour 6 à 7.  Il vous suffit de retirer le film protecteur du plateau 30 minutes avant de servir., Raclette de caractère : lait pasteurisé, sel, ferments lactiques, colorants de la croûte : E150b, E160, conservateurs : E235, E1105 (extrait de l'oeuf). 29% mat. Gr. Dans le produit fini. Nature : lait pasteurisé, sel, ferments lactiques, colorants de la croûte : E160b, E120, conservateurs : E235, E1105 (extrait de l'oeuf). 26% mat. Gr. Dans le produit fini. 3 poivres : lait pasteurisé, sel, poivre 1%, ferments lactiques, colorants de la croûte : E160b, E120, conservateurs : E235, E1105 (extraitde l'oeuf), arôme naturel. 26% mat. Gr. Dans le produit fini. Conditionné sous atmosphère protectrice., Conservation : +4°C +8°C.]|"
14,84€ / Kg"|"
10,39 €"
1643|Fondue au poivre|La boîte de 150g|[Origine : FRANCE, Valeur énergétique en Joules :  963, Valeur énergétique en Kcal : 232, Glucides : 3.5, Lipides : 18, Protides :14]|"
16,53€ / Kg"|"
2,48 €"
1644|Fromage à raclette classique, -25% de sel|Le paquet de 400g|[Origine : FRANCE, LAIT DE VACHE PASTEURISE - SEL - FERMENTS LACTIQUES ET D'AFFINAGE - COAGULANT - CONSERVATEUR (E 235)]|"
11,53€ / Kg"|##
1645|Fromage pour raclette, affinage sur épicéa|Les 2 barquettes, 850g|[Origine : FRANCE, Riches Monts, La Raclette, un grand moment de plaisir à partager en famille ou entre amis. Affinage sur Epicea. Trente ans de tradition., Pour 7 à 8 personnes., Lait pasteurisé, sel, ferments lactiques, colorants de la croûte : E160b, E120, conservateurs : E235, E1105 (oeuf). 48% mat. gr./E.S. = 26% mat. gr. Dans le produit fini., A conserver entre +4°C et +8°C. Conditionné sous atmosphère protectrice.]|"
11,75€ / Kg"|"
9,99 €"
1646|Fromage pour raclette, au lait de montagne|Les 16 tranches, 400g|[Origine : FRANCE, Découvrez toute la richesse du lait de montagne dans cette raclette au goût subtil et fruité, qui se dévoile dans une pâte onctueuse à souhait.C'est l'excellente qualité de l'herbe en montagne qui contribue à la qualité aromatique de ce lait. La marque n°1 de la raclette., 3-4 personnes., Lait pasteurisé, sel, ferments lactiques, colorants de la croûte : E150b, E120, conservateurs : E235, E1105 (extrait de l'oeuf). 50% mat. gr./E.S. = 29% mat. gr. dans le produit fini., Conservation : +4°C +8°C.]|"
12,63€ / Kg"|"
5,05 €"
1647|Fromage pour raclette, classique|Les 16 tranches, 400g|[Origine : FRANCE, Trente ans de tradition. Affinage sur Epicéa.La marque n°1 de la raclette., Valeur énergétique en Joules :  1361, Valeur énergétique en Kcal : 328, Glucides : 0,5, Lipides : 26, Protides :23, A CONSERVER ENTRE 4 C ET 6 C]|"
11,53€ / Kg"|##
1648|Fromage pour raclette, goût nature, affinage sur épicéa|Les 10 tranches, 250g|[Origine : FRANCE, Affinage sur Epicea. Trente ans de tradition., Pour 2 personnes., Lait pasteurisé, sel, ferments lactiques, colorants de la croûte : E160b, E120, conservateurs : E235, E1105 (extrait de l'oeuf). 48% matière grasse/ES = 26% matière grasse dans le produit fini., A conserver entre +4°C et +8°C. Conditionné sous atmosphère protectrice.]|"
13,96€ / Kg"|"
3,49 €"
1649|Fromage pour raclette, goût nature et fumé|Les 16 tranches, 400g|[Origine : FRANCE, RACLETTE NATURE : LAIT DE VACHE PASTEURISE - SEL - COAGULANT - CHLORURE DE CALCIUM - FERMENT LACTIQUE ET D'AFFINAGE COLORANT DE SURFACE E 160b   E 120 - CONSERVATEURS E 235 - LYSOZYME E 1105 LAIT DE VACHE PASTEURISE - SEL - COAGULANT - CHLORURE DE CALCIUM - FERMENT LACTIQUE ET D'AFFINAGE RACLETTE FUME : LAIT DE VACHE PASTEURISE - SEL - COAGULANT - CHLORURE DE CALCIUM - FERMENT LACTIQUE ET D'AFFINAGE COLORANT DE SURFACE E 160b   E 120 - CONSERVATEURS E 235 - LYSOZYME E 1105- AROME DE FUMEE, Valeur énergétique en Joules :  1361, Valeur énergétique en Kcal : 328, Glucides : 0,5, Lipides : 26, Protides :23, A CONSERVER ENTRE 4 C ET 6 C]|"
11,53€ / Kg"|##
1650|Fromage pour raclette, goût nature et moutarde|Les 16 tranches, 400g|[Origine : FRANCE, Fromages à pâte pressée nature et aromatisé à la moutarde., Pour 3/4 personnes. Environ 16 tranches., A conserver entre +4°C et +8°C. Conditionné sous atmosphère protectrice.]|"
12,83€ / Kg"|"
5,13 €"
1651|Fromage pour raclette sans croûte, au lait de montagne|Les 16 tranches, 400g|[Origine : FRANCE, Tout le plaisir sans la croûte.La marque n°1 de la raclette., Pour 3-4 personnes., LAIT DE VACHE PASTEURISE - SEL - COAGULANT - CHLORURE DE CALCIUM - FERMENT LACTIQUE ET D'AFFINAGE - CONSERVATEURS E 235 - LYSOZYME E 1105, Valeur énergétique en Joules :  1361, Valeur énergétique en Kcal : 328, Glucides : 0,5, Lipides : 26, Protides :23, A CONSERVER ENTRE 4 C ET 6 C]|"
11,53€ / Kg"|##
1652|Mini fondue, recette savoyarde aux 3 fromages|Le pot de 150g|[Origine : FRANCE, FROMAGES 46% (DONT EMENTAL  / COMTE  / TOMME DE BRESSE) EAU - VIN BLANC - BEURRE - AMIDON DE MAIS -  SEL - CORRECTEUR ACIDITE : E339 - AIL - KIRSCH - COLORANT E 160b COLORANT DE SURFACE E 160b   E 120 - CONSERVATEURS E 235 - LYSOZYME E 1105, Valeur énergétique en Joules :  955, Valeur énergétique en Kcal : 230, Glucides : 1, Lipides : 18, Protides :16, A CONSERVER ENTRE 4 C ET 6 C]|"
15,33€ / Kg"|"
2,30 €"
1653|Raclette, tranches XXL|La barquette de 490g|[Origine : FRANCE, LAIT DE VACHE PASTEURISE - SEL - FERMENTS LACTIQUES ET D'AFFINAGE - COAGULANT - CONSERVATEUR (E 235)]|"
14,14€ / Kg"|"
6,93 €"
1654|Beaufort au lait cru, affiné 6 mois, AOC|Le paquet de 200g|[Origine : FRANCE, Fromage à pâte pressée cuite au lait cru de vache., Fromage à pâte pressée cuite au lait entier., Valeur énergétique en Joules :  1689g, Valeur énergétique en Kcal : 407g, Glucides : 1,5g, Lipides : 33g, Protides :26g, A conserver entre +4°C et +8°C. Conditionné sous atmosphère protectrice.]|"
24,85€ / Kg"|"
4,97 €"
1655|Brique au lait de vache pasteurisé|La barquette de 200g|[Origine : FRANCE, Pour apprécier toute la saveur de la Brique Monoprix, sortez-la du réfrigérateur en début de repas., Lait et crème pasteurisés, sel, ferments, présure animale., Valeur énergétique en Joules :  1473kj, Valeur énergétique en Kcal : 356kcal, Glucides : 1g, Lipides : 32g, Protides :16g, A conserver entre +2°C et +6°C. A consommer rapidement après ouverture.]|"
9,75€ / Kg"|"
1,95 €"
1656|Cantal au lait cru, affiné 4 mois, AOC|Le paquet de 200g|[Origine : FRANCE, Fromage au lait cru de vache., Lait de vache cru, sel, présure animale, ferments lactiques, A conserver entre +2°C et +°6C.]|"
13,00€ / Kg"|"
2,60 €"
1657|Crème fraîche épaisse, 30% de mat. Gr.|Le pot de 20cl|[Origine : FRANCE, Crème de lait, ferments lactiques sélectionnés., Valeur énergétique en Joules :  1198kj, Valeur énergétique en Kcal : 287kcal, Glucides : 2,9g, Lipides : 30g, Protides :2,3g, A conserver entre +2°C et +6°C]|"
3,55€ / L"|"
0,71 €"
1658|Mascarpone|Le pot de 250g|[Origine : ITALIE, Crème pasteurisée, correcteur d'acidité : acide citrique., A conserver entre 0°C et +4°C.]|"
7,40€ / Kg"|"
1,85 €"
1659|Morbier au lait cru, AOP|Le morceau de 200g|[Origine : FRANCE, Lait cru de vache - sel - présure animale - ferments lactiques - charbon       lactiques., Valeur énergétique en Joules :  1580kj, Valeur énergétique en Kcal : 381kcal, Glucides : 1,9g, Lipides : 31g, Protides :23g]|"
12,30€ / Kg"|"
2,46 €"
1660|Petit Pont l'Evêque AOC, au lait de vache pasteurisé|La boîte de 220g|[Origine : FRANCE, Lait pasteurisé de vache, sel, ferments, présure, chlorure de calcium., Valeur énergétique en Joules :  1188kj, Valeur énergétique en Kcal : 286kcal, Glucides : 0g, Lipides : 22g, Protides :22g, A conserver entre 0°C et +8°C]|"
12,64€ / Kg"|"
2,78 €"
1661|Queso Manchego|La piece de 180g|[Origine : ESPAGNE, Fromage de brebis au lait pasteurisé., Pour une meilleure dégustation, nous vous conseillons de sortir le produit du réfrigérateur et de le retirer de son emballage 15 minutes avant l'usage., Lait de brebis pasteurisé, ferments lactiques, sel, présure animale, conservateur : lysozyme (protéine d'oeuf). Croûte non consommable (colorants : oxydes de fer et caramel au sulfite d'ammonium, conservateurs : natamycine et acide sorbique). Conditionné en Espagne., Valeur énergétique en Joules :  1887kj, Valeur énergétique en Kcal : 455kcal, Glucides : 1,3g, Lipides : 38g, Protides :27g, A conserver entre 0°C et +6°C.]|"
20,22€ / Kg"|"
3,64 €"
1663|Saint Félicien, fromage au lait cru|La boîte de 180g|[Origine : FRANCE, Fromage au lait cru de vache 90%, crème pasteurisée de lait de vache 5%, ferments lactiques, sel, présure., Valeur énergétique en Joules :  1246kj, Valeur énergétique en Kcal : 301kcal, Glucides : 0,5g, Lipides : 27g, Protides :14g, A conserver entre +2°C et +6°C.]|"
11,33€ / Kg"|"
2,04 €"
1664|Saint Marcellin, fromage au lait cru|La boîte de 80g|[Origine : FRANCE, Lait cru entier de vache, ferments lactiques, sel, présure., Valeur énergétique en Joules :  1138kj, Valeur énergétique en Kcal : 275kcal, Glucides : 0,9g, Lipides : 23g, Protides :16g, A conserver entre +2°C et +6°C.]|"
14,00€ / Kg"|"
1,12 €"
1665|Saint-Nectaire laitier|La barquette de 160g|[Origine : FRANCE, Lait pasteurisé de vache - sel - ferments - présure animale., Valeur énergétique en Joules :  1427kj, Valeur énergétique en Kcal : 344kcal, Glucides : 1g, Lipides : 28g, Protides :22g]|"
9,86€ / Kg"|"
2,76 €"
1666|Tête de moine rosettes, fromage de bellelay|La boîte de 55g|[Origine : SUISSE, Lait de vache cru, sel, ferments, présure animale. 51% de mat. gr./mat. sèche. 33% de mat. gr./poids total., A conserver entre 0°C et +4°C.]|"
49,27€ / Kg"|"
2,71 €"
1667|Cousteron, 50% de mat. Gr.|Le paquet de 320g|[Origine : FRANCE, Cousteron révèle sous sa croûte rustique une pâte tendre au goût finement typé qui rappelle le bon goût de nos terroirs. Il bénéficie tout au long de son affinage, du contrôle et des soins attentifs de nos fromagers., Lait pasteurisé, sel (1.8%), ferments lactiques, enzyme coagulante microbienne, conservateur : E 235., Tenir au frais entre +4°C et +8°C]|"
8,94€ / Kg"|"
2,86 €"
1668|Maroilles|Le paquet de 200g|[Origine : FRANCE, Fromage au lait pasteurisé., Conservation entre +2° et +8°C.]|"
13,85€ / Kg"|"
2,77 €"
1669|Pave d'affinois original|La boite de 200g|[Origine : FRANCE, Fromage à pâte molle au lait de vache pasteurisé 20% MG/produit fini., Lait de vache pasteurisÍ, ferments lactiques et d'affinage, sel, coagulant. AllergÈnes : lait et produits Å base de lait (y compris lactose), Valeur énergétique en Joules :  1012, Valeur énergétique en Kcal : 244, Glucides : 1, Lipides : 20, Protides :15, A conserver au frais à +4°C +8°C.]|"
14,25€ / Kg"|"
2,85 €"
1670|Pavé d'affinois original|Le filet de 6 portions, 180g|[Origine : FRANCE, Lait de vache pasteurisÍ, crÈme, ferments lactiques et d'affinage, sel, coagulant. AllergÈnes : lait et produits Å base de lait (y compris lactose), Valeur énergétique en Joules :  1391, Valeur énergétique en Kcal : 333, Glucides : 1.2, Lipides : 30, Protides :14.5]|"
15,72€ / Kg"|"
2,83 €"
1671|Pave d'affinois secret|La boite de 200g|[Origine : FRANCE, Fromage à pâte molle au lait de vache pasteurisé., Pour apprécier toutes les qualités du fromage, sortez-le du réfrigérateur 1 heure avant de le déguster., Lait de vache pasteurisÍ, crÈme, ferments lactiques et d'affinage, sel, coagulant. AllergÈnes : lait et produits Å base de lait (y compris lactose), Valeur énergétique en Joules :  1647, Valeur énergétique en Kcal : 394, Glucides : 1, Lipides : 38, Protides :12, A conserver au frais à +4°C +8°C.]|"
13,85€ / Kg"|"
2,77 €"
1672|Le Vieux Pané, fromage à pâte molle|Le paquet de 200g|[Origine : FRANCE, Le Vieux Pané est un fromage de tradition, issu de plus de 80 ans d'expertise fromagère. Tout au long de l'affinage, nos Maîtres Fromagers perpétuent les gestes de ce savoir-faire en brossant et retournant à la main régulièrement le Vieux Pané. Il révèle ainsi sous sa belle croûte orangée toute sa saveur et son caractère., Lait de vache pasteurisé 25% M.G./Poids TOTAL ou 50% M.G. sur extrait sec.     Présence possible d'extrait de blanc d'oeuf., Conservation entre +2° et +8°C.]|"
14,55€ / Kg"|"
2,91 €"
1673|Mascarpone|Le pot de 500g|[Origine : ITALIE]|"
11,06€ / Kg"|"
5,53 €"
1674|Mascarpone, fromage italien tartinable de triple crème|La boîte de 250g|[Origine : ITALIE, Crème de lait de vache pasteurisée, lait de vache pasteurisé, correcteur d'acidité : acide citrique. Min 80% de Mat. Gr. (41,5% de mat. Gr. Dans le produit fini)., Conserver au froid : +4°C/+6°C.]|"
12,44€ / Kg"|"
3,11 €"
1675|Munster, fromage au lait cru|Le paquet de 220g|[Origine : FRANCE, Alimentation des vaches composée essentiellement de fourrage et d'herbage altitude., Lait cru de vache, présure animale, ferments lactiques, sel., Valeur énergétique en Joules :  1529, Valeur énergétique en Kcal : 368, Glucides : Traces, Lipides : 21g, Protides :16g, A conserver à +2°C +8°C.]|"
19,86€ / Kg"|"
4,37 €"
1676|Isseler demi-vieux, affiné 8 mois|La portion de 200g|[Origine : PAYS-BAS, Les fromages Holland Master sont affinés pendant de longs mois sur planches de bois. Les rives de l'Ijssel, dans l'est des Pays-Bas, pâturages généreux et régulièrement inondés, sont un terroir riche et préservé, duquel l'Isseler Demi-Vieux tire toute sa rondeur en bouche et sa subtilité. Subtilement typé et équilibré. Texture ferme., Etui refermable., LAIT DE VACHE, Valeur énergétique en Joules :  1720kj, Valeur énergétique en Kcal : 410kcal, Glucides : 0g, Lipides : 32g, Protides :30g, A conserver entre +4 et +6°C. Conditionné sous atmosphère protectrice.]|"
15,40€ / Kg"|"
3,08 €"
1677|Fromage à pâte molle au lait pasteurisé|Le paquet de 250g|[Origine : FRANCE, Doux et nature., Convient aux végétariens. Sortez le fromage du froid 1/2 heure avant de succomber à sa douceur., Lait pasteurisé, ferments lactiques, sel. Teneur réduite en sel : 1,18%. Sans colorant, sans conservateur. 29% MG sur poids total., Valeur énergétique en Joules :  1388Kj, Valeur énergétique en Kcal : 332Kcal, Glucides : 1,25g, Lipides : 28g, Protides :17,6g, Conserver au froid à +7°C maxi.]|"
7,88€ / Kg"|"
1,97 €"
1678|Tomme fruitée|La pièce de 280g|[Origine : FRANCE, Découvrez la Tomme Fruitée Le Rustique, toujours fondante grâce à son affinage en cave. Pour un goût plus typé, dégustez-la avec sa croûte., LAIT DE VACHE PASTEURISE / SEL / FERMENTS LACTIQUES ET D'AFFINAGE, Valeur énergétique en Joules :  1410kj, Valeur énergétique en Kcal : 340kcal, Glucides : 1g, Lipides : 28g, Protides :21g, A conserver entre +4°C et +8°C.]|"
13,93€ / Kg"|"
3,90 €"
1679|Chaource, AOC|Le paquet de 250g|[Origine : FRANCE, Le Chaource est un fromage naturel fabriqué à partir de lait de vache entier selon des méthodes traditionnelles., Pour apprécier son goût délicat, légèrement fruité, sortez votre Chaource du réfrigérateur au moins une heure avant de le déguster., Lait de vache thermisé - température inférieure à la pasteurisation, sel, ferments, présure., A conserver au froid : +4°C/+8°c maxi.]|"
14,28€ / Kg"|"
3,57 €"
1680|Le délice de Bourgogne, brillat savarin affiné|La pièce de 200g|[Origine : FRANCE, Fromage à pâte onctueuse., Lait de vache pasteurisé, crème, sel, ferments, présure. Matière grasse sur le poids total 38%., Valeur énergétique en Joules :  1619kj, Valeur énergétique en Kcal : 392kcal, Glucides : 2,5g, Lipides : 38g, Protides :10g, A conserver au frais entre +4°C et +8°C max.]|"
17,15€ / Kg"|"
3,43 €"
1681|Saint Florentin, fromage légèrement salé|La barquette de 200g|[Origine : FRANCE, Par période, ce fromage est agrémenté d'un sachet d'aromatisation., Ce fromage moulé à la louche est à tartiner ou à cuisiner   et se consomme nature ou aromatisé., Lait entier de vache, ferments lactiques, sel, présure. Traces de type animale, conservateur E202., +4°C/+8°C.]|"
12,20€ / Kg"|"
2,44 €"
1682|Cheddar Seriously Strong|La tranche de 200g|[Origine : ROYAUME UNI, Un format carré de 200g en flow pack. Un pack clairement Scottish» (cocarde). Texture ferme et fondante en bouche et de caractère (12 mois daffinage)., Un fromage de plateau authentique (fabriqué en Ecosse)., Lait de vache pasteurisé, sel, ferments lactiques et coagulant. Produit allergène : le lait., A conserver entre +2°C et +5°C.]|"
18,30€ / Kg"|"
3,66 €"
1685|Roucoulons|La portion de 220g|[Origine : FRANCE, Fromage à pâte molle au lait de vache pasteurisé., Convient aux végétariens., Lait pasteurisé, sel, ferments lactiques. Sans colorant. Sans conservateur. 30% de MG sur poids total., Valeur énergétique en Joules :  1429, Valeur énergétique en Kcal : 345, Glucides : traces, Lipides : 30, Protides :18.88, Conserver au froid +7°C maxi.]|"
11,27€ / Kg"|"
2,48 €"
1686|Fromage crémeux affiné, à pâte molle, au lait pasteurisé,|Le fromage de 200g|[Origine : FRANCE, Lait, crème, ferments, sel (1.5%). 60% de mat. gr./ES = 30% de mat. gr./poids total., Conservation : +2°C +8°C.]|"
12,35€ / Kg"|"
2,47 €"
1687|Fromage|Le paquet de 320g|[Origine : FRANCE, Depuis près de 200 ans, nos fromagers apportent les soins les plus attentifs à la fabrication et à l'affinage de Port Salut. C'est ainsi que sa saveur unique et sa texture onctueuse ont su traverser le temps pour rester incomparables., Lait pasteurisé, sel (1.7%), ferments lactiques, enzyme coagulante microbienne, colorant : E160a, conservateur : E235., Valeur énergétique en Joules :  1390Kj, Valeur énergétique en Kcal : 333KCal, Glucides : 1g, Lipides : 28g, Protides :20g, Tenir au froid entre +4°C et +8°C.]|"
10,31€ / Kg"|"
3,30 €"
1688|La Cancoillotte, à napper sur pommes de terre, spécialité fromagère nature|Le pot de 250g|[Origine : FRANCE, Fabriquée dans sa région d'origine au coeur de la Franche Comté, la Cancoillotte Président apportera du fondant et un petit goût fromager à vos plats en un clin d'oeil !Idéale sur les pommes de terre mais aussi en gratins, quiches et tartes salées., Retirer l'opercule et introduire le pot sans le couvercle dans le micro-ondes. Réchauffer, sans couvrir, à puissance maximum 30 sec. pour une texture onctueuse ou à puissance minimum 1 min pour une texture plus fluide. Sortir le pot en veillant à nepas vous brûler. Remuer, c'est prêt ! Napper vos pommes de terre et accompagner de jambon ou de saucisse. Idéal aussi à froid en tartine., Lait écrémé caille (33,5%), eau, beurre (13,4%), sel, stabilisants : phosphates, di, tri, polyphosphates de sodium., Valeur énergétique en Joules :  675Kj, Valeur énergétique en Kcal : 162Kcal, Lipides : 11g, Protides :15g, A conserver entre +4°C et +8°C. A consommer dans les 5 jours après ouverture. Une fois refroidie, remettez votre Cancoillotte au réfrigérateur, et réchauffez-la au micro-ondes en adaptant le temps decuisson en fonction de la quantité restante.]|"
11,08€ / Kg"|"
2,77 €"
1689|Saint Albray|Les 6 portions de 30g, soit 180g|[Origine : FRANCE, Fromage au lait de vache pasteurisé., Lait de vache pasteurisÍ, sel, colorants de croÛte E160a, E160e., Valeur énergétique en Joules :  1563kj, Valeur énergétique en Kcal : 378kcal, Glucides : <1g, Lipides : 34,3g, Protides :17,3g, Conserver à +2°C / +8°C.]|"
16,33€ / Kg"|"
2,94 €"
1690|Gâteaux au fromage blanc, légèrement citronné|La boite de 2 portions de 70g, soit 140g|[Origine : FRANCE, Le gâteau au fromage blanc Saint Amour bénéficie d'un savoir faire pâtissier unique : les ingrédients sont mis en oeuvre à la main dans nos pétrins, mélangés puis cuits au four lentement., A consommer frais. A tout moment de la journée, petit déjeuner, déjeuner, goûter et diner, il comblera vos petites faims., GÇteau au Fromage blanc sucre, blanc d'oeuf , farine de blÍ , jaune d'oeuf , concentrÍ de citron, Valeur énergétique en Joules :  708kj, Valeur énergétique en Kcal : 168kcal, Glucides : 28g, Lipides : 3g, Protides :7g, A conserver au frais entre +2°C et +6°C. Conditionné sous atmosphère protectrice.]|"
15,93€ / Kg"|"
2,23 €"
1691|Gâteau au fromage blanc|Le paquet de 350g|[Origine : FRANCE, Sa recette unique issue d'un savoir-faire pâtissier lui donne une texture très moelleuse et un goût frais. Avec 57% de fromage blanc et seulement 3% de MG, c'est un dessert léger à déguster au gré de vos envies., Fromage blanc (57%), sucre, blanc d'oeuf, farine de blé, jaune d'oeuf, amidon transformé de maïs, concentré de citron, conservateur : sorbate de potassium, lécithine de soja., Valeur énergétique en Joules :  698, Valeur énergétique en Kcal : 166,8, Glucides : 27, Lipides : 3, Protides :7,5, Conservation entre +4° et + 6°C maximum.]|"
11,20€ / Kg"|"
3,92 €"
1692|Assiette de 6 fromages|L'assiette de 445g|[Origine : FRANCE, Bleu d'Auvergne AOP 100g, girolles de tête de moine 20g (32,5% MG), comté AOP 100g, chèvre frais cendre 45g (18% MG), carré mirabelle 100g (18% MG).]|"
42,58€ / Kg"|"
18,95 €"
1693|Beaufort été AOP|La barquette de 200g|[Origine : FRANCE, Lait cru de vache, sel, présure animale, ferments lactiques]|"
34,51€ / Kg"|"
8,11 €"
1694|Bleu d'Auvergne AOP|La barquette de 220g environ|[Origine : FRANCE, Fromage AOP au lait cru à pâte persillée, Lait cru de vache - sel - présure - ferment lactique et d'affinage dont Penicillium roqueforti]|"
14,94€ / Kg"|"
3,21 €"
1695|Brie de Meaux|La barquette de 270g|[Origine : FRANCE, Glucides : <0,3g, Lipides : 21g, Protides :22g]|"
17,82€ / Kg"|"
4,81 €"
1696|Cantal Entre-Deux, AOP|La portion de 340g|[Origine : FRANCE, Glucides : traces, Lipides : 30g, Protides :27g]|"
15,60€ / Kg"|"
4,99 €"
1697|Comté AOP|La portion de 200/300g|[Origine : FRANCE, Lait, sel, ferments, présure.                                                  Les ingrédients sont garantis sans OGM, non ionisé. Allergène présents dans le lait: protéine de lait, lactose.]|"
24,62€ / Kg"|"
6,77 €"
1698|Crottin de Chavignol Fermier|La barquette de 2x60g|[Origine : FRANCE]|"
50,67€ / Kg"|"
6,08 €"
1699|Emmental de Savoie|La portion de 2/300g environ|[Origine : FRANCE, Lait, sel, ferments, présure animale]|"
18,44€ / Kg"|"
4,61 €"
1700|Mimolette extra vieille|La portion|[Origine : FRANCE, Lait pasteurisé, sel, ferments lactiques, présure, conservateur : lysozyme de blanc d'oeuf, colorant : rocou]|"
26,57€ / Kg"|"
5,58 €"
1701|Morbier AOP|La portion de 200/300g|[Origine : FRANCE, Lait, sel, ferments, présure, charbon végétal médicinal (E153)                 Les ingrédients sont garantis sans OGM, non ionisé. Allergène présent dans le le lait: protéine de lait, lactose]|"
21,53€ / Kg"|"
4,84 €"
1702|Petit Pouligny Saint-Pierre|La portion de 150g|[Origine : FRANCE]|"
31,93€ / Kg"|"
4,79 €"
1703|Préparation à la cerise noire et au thym pour fromage|Le pot de 125g|[Origine : FRANCE]|"
16,08€ / Kg"|"
2,01 €"
1704|Preparation figue violette aux noix pour fromage|Le pot de 125g|[Origine : FRANCE]|"
16,08€ / Kg"|"
2,01 €"
1705|Reblochon Fermier AOP|La portion|[Origine : FRANCE]|"
23,59€ / Kg"|"
6,13 €"
1706|Saint Félicien|La barquette de 180g|[Origine : FRANCE]|"
16,61€ / Kg"|"
2,99 €"
1707|Saint Marcellin|La barquette de 80g|[Origine : FRANCE]|"
20,63€ / Kg"|"
3,30 €"
1708|Saint Nectaire fermier AOP|La portion de 280g|[Origine : FRANCE, Fromage AOP au lait cru à pâte pressée non cuite, Lait cru de vache -sel -ferments lactiques - présure]|"
20,09€ / Kg"|"
4,32 €"
1709|Selles sur Cher, AOP|La barquette de 150g|[Origine : FRANCE]|"
30,20€ / Kg"|"
4,53 €"
1710|Camembert affiné au calvados, camembert ensemencé de calvados, roulé dans une chapelure|La pièce de 250g|[Origine : FRANCE, Camembert, lait de vache microfiltré, sel, ferments, présure animae, chlorure de calcium, calvados, chapelure.]|"
20,40€ / Kg"|"
5,10 €"
1711|Dés de mimolette, 28% de mat. Gr.|La coupelle de 150g|[Origine : FRANCE]|"
29,53€ / Kg"|"
4,43 €"
1712|L'enrobé airelles, fromage de chèvre au lait pasteurisé|La portion de 80g|[Origine : FRANCE, Lait de chèvre pasteurisé, ferments lactiques, présure, sel.                   Enrobage : demi-airelles séchées, sucre, agent d'enrobage (huile végétale), +2 à +6°C]|"
36,00€ / Kg"|"
2,88 €"
1713|L'enrobé échalote et ciboulette|La portion de 80g|[Origine : FRANCE, Lait de chèvre pasteurisé, ferments lactiques, présure, sel                    - Enrobage : échalote semoule, ciboulette déshydratée, +2 à +6°C]|"
36,00€ / Kg"|"
2,88 €"
1714|L'enrobé raisin, fromage de chèvre au lait pasteurisé|La portion de 80g|[Origine : FRANCE, Lait de chèvre pasteurisé, ferments lactiques, présure, sel                    - Enrobage : raisin golden, agent denrobage (huile végétale hydrogénée), conse sulfureux E220).]|"
36,00€ / Kg"|"
2,88 €"
1715|Mothais sur feuille, fromage de chèvre au lait pasteurisé|La portion de 190g environ|[Origine : FRANCE, Lait de chèvre pasteurisé, sel, presure, 25% MG/Poids total]|"
22,33€ / Kg"|"
4,02 €"
1716|Parmesan AOP, sous vide pendant 30 mois|La barquette de 200g|[Origine : FRANCE, Lait, sel, présure. 32% mat. Grasse/sèche min. 28,4% Gr /poids total, A conserver entre +6°C/+12°C.]|"
39,90€ / Kg"|"
7,98 €"
1717|Parmiggiano Reggiano copeaux AOP|La boite de 100g|[Origine : ITALIE]|"
39,70€ / Kg"|"
3,97 €"
1718|Plateau de 4 fromages|Le plateau|[Origine : FRANCE, Chèvre frais blanc 30g (18% MG), fourme d'ambert AOP 30g, morbier AOP 40g, cantal entre deux AOP 30g.                                                         ALLERGENE: lait de vache, lait de chèvre.]|"
49,15€ / Kg"|"
6,39 €"
1719|Plateau de 4 fromages|Le plateau|[Origine : FRANCE, Chèvre frais cendre 30g (18% MG), fourme d'ambert AOP 30g, morbier AOP 40g, cantal entre deux AOP 30g.                                                        ALLERGENE: Lait de vache, lait de chèvre]|"
49,15€ / Kg"|"
6,39 €"
1720|Rocamadour fermier, fromage de chèvre au lait cru de chèvre, AOP|Les 2 portions|[Origine : FRANCE, Fromage au lait cru de chévre à pâte molle à croûte fleurie, Lait cru de chévre - sel - présure - ferment]|"
39,71€ / Kg"|"
2,78 €"
1721|Roulés de jambon au fromage frais pour l'apéritif|La barquette de 16 pièces|[Origine : FRANCE, Sortir 15 min à T°C ambiante avant consommation                               A consommer rapidement après ouverture., Fromage pasteurisé de vache 50% (lait, sel, conservateur : sorbate de potassium, Jambon cuit 50% (viande de porc, eau, sel, protéines végétales (soja), amidon de blé (gluten), émulsifiants : E450-E451-E407, dextrose, maltose, protéines animales, antioxydant : E316, exhausteur de goût E621, épices, acidifiants : E3225-E327-E330-E331, conservateurs : E250-E262-E270) / Autres ingrédients mélangés dans le fromage : mélange persil et ail, olives vertes, ail surchoix, poivre noir moulu, paprika., +2 à +6 °C]|"
30,36€ / Kg"|"
3,40 €"
1722|Tranchettes Le Brezain, fromage à pâte pressée non cuite|La barquette de 360g|[Origine : FRANCE]|"
16,58€ / Kg"|"
5,97 €"
1723|Vacherin au lait cru|La portion de 330g environ|[Origine : FRANCE, Lait cru de vache, sel, ferments lactiques, presure. (Allergènes : lait et produits dérivés).]|"
22,79€ / Kg"|"
7,52 €"
1724|Dés de gouda|La barquette de 150g|[Origine : FRANCE]|"
28,13€ / Kg"|"
4,22 €"
1725|Parmiggiano Reggiano râpé AOP|La boite de 100g|[Origine : ITALIE]|"
39,70€ / Kg"|"
3,97 €"
1726|Comté Juraflore, 15/20 mois|La portion de 200g environ|[Origine : FRANCE, lait cru de vache, ferments lactiques (lait), sel, présure]|"
21,63€ / Kg"|"
4,33 €"
1727|Mozzarella|Le sachet de 150g|[Origine : ITALIE]|"
11,12€ / Kg"|"
1,39 €"
1728|Comté|La portion de 250g environ|[Origine : FRANCE]|"
22,15€ / Kg"|"
5,54 €"
1729|Comté au lait cru issu de l'agriculture biologique|La portion de 250/300g|[Origine : FRANCE]|"
23,59€ / Kg"|"
6,72 €"
1730|Comté au lait cru issu de l'agriculture biologique|La portion de 250/300g|[Origine : FRANCE]|"
23,59€ / Kg"|"
6,72 €"
1731|Fromage de chèvre|La portion de 250g environ|[Origine : FRANCE]|"
17,00€ / Kg"|"
4,17 €"
1732|Ossau Iraty AOP|Laportion de 250g environ|[Origine : FRANCE]|"
22,56€ / Kg"|"
6,32 €"
1733|Croissance, de 10 mois à 3 ans|La bouteille de 1L|[Origine : FRANCE, Candia Croissance apporte à votre enfant les éléments essentiels à son développement, conformément à la règlementation: du fer et du zinc pour entretenir les défenses de son organisme.de la vitamine D pour son capital osseux, des acides gras essentiels pour son développement cérébral, des vitamines pour faire le plein d'énergie, et la juste dose de protéines pour son équilibre nutritionnel., Quantité quotidienne conseillée par nos pédiatres: 500ml de Candia Croissance répartis dans la journée. Ce lait est prêt-à-l'emploi, ne pas rajouter d'eau, ni de sucre. Bien agiter la bouteille avant emploi. Peut-être réchauffé au micro-ondes dans unrécipient adapté. Ne pas faire bouillir. Ne pas préparer les biberons à l'avance et jeter toujours un biberon entamé. Vérifier la température avant de faire consommer. Candia Croissance peut être consommé froid ou chaud, nature ou mélangé. Candia Croissance convient à l'alimentation progressivement diversifiée du nourrisson à partir de 6 mois. Il ne peut être utilisé comme substitut du lait maternel. Les 6 premiers mois de la vie. La décision d'introduire des aliments complémentaires, y comprisavant l'âge de 6 mois, doit être prise sur avis d'un professionnel de la santé., Lait partiellement écrémé, eau, lactose, huiles végétales (colza, tournesol), vitamines : A, B1, B2, B5, B6, B8, B9, B12, C, D3, E, K1 et PP, substances d'apport minéral :  sulfates de fer, magnésium, zinc, cuivre et manganèse, citrate de sodium, émulsifiant : lécithine de colza, éthylvanilline. Ne contient pas de gluten conformément à la règlementation., Valeur énergétique en Joules :  272kj, Valeur énergétique en Kcal : 65KCal, Glucides : 8g, Lipides : 2,5g, Protides :2,6g, Avant ouverture, à conserver dans un endroit frais et sec. Après ouverture, à conserver au froid à +6°C maxi et à consommer dans les 48h.]|"
1,99€ / L"|"
1,99 €"
1734|Croissance, de 10 mois à 3 ans|Les 6 bouteilles de 1L|[Origine : FRANCE, Candia Croissance apporte à votre enfant les éléments essentiels à son développement, conformément à la règlementation: du fer et du zinc pour entretenir les défenses de son organisme.de la vitamine D pour son capital osseux, des acides gras essentiels pour son développement cérébral, des vitamines pour faire le plein d'énergie, et la juste dose de protéines pour son équilibre nutritionnel., Quantité quotidienne conseillée par nos pédiatres: 500ml de Candia Croissance répartis dans la journée. Ce lait est prêt à l'emploi, ne pas rajouter d'eau, ni de sucre. Bien agiter la bouteille avant emploi. Peut-être réchauffé au micro-ondes dans unrécipient adapté. Ne pas faire bouillir. Ne pas préparer les biberons à l'avance et jeter toujours un biberon entamé. Vérifier la température avant de faire consommer. Candia Croissance peut être consommé froid ou chaud, nature ou mélangé. Candia Croissance convient à l'alimentation progressivement diversifiée du nourrisson à partir de 6 mois. Il ne peut être utilisé comme substitut du lait maternel. Les 6 premiers mois de la vie. La décision d'introduire des aliments complémentaires, y comprisavant l'âge de 6 mois, doit être prise sur avis d'un professionnel de la santé., Lait partiellement écrémé, eau, lactose, huiles végétales (colza, tournesol), vitamines : A, B1, B2, B5, B6, B8, B9, B12, C, D3, E, K1 et PP, substances d'apport minéral :  sulfates de fer, magnésium, zinc, cuivre et manganèse, citrate de sodium, émulsifiant : lécithine de colza, ethylvanilline. Ne contient pas de gluten conformément à la règlementation., Avant ouverture, à conserver dans un endroit frais et sec. Après ouverture, à conserver au froid à +6°C maxi et à consommer dans les 48h.]|"
1,79€ / L"|"
10,72 €"
1735|Lait de croissance pour bébés de 10 mois à 3 ans|La bouteille de 1L|[Origine : FRANCE, Elaboré par le département nutrition Lactel Eveil est un  lait de croissance avec une formule améliorée sans sucres ajoutés, pour ne pas habituer votre enfant trop tôt au goût sucré., Agiter avant emploi. Ne pas faire bouillir., Eau, lait partiellement écrémé, poudre de perméat de lait partiellement déminéralisé, maltodextrines, huiles de colza et de tournesol, arôme naturel de vanille, citrates de calcium, de potassium et de magnesium, phosphate de sodium, sulfate de fer gluconates de zinc, de cuivre et de manganèse, sélénite de sodium, iodure de potassium,  vitamines (A, D, C, E, B1, B2,  B5, B6, B8, B9, B12, K, PP), émulsifiant : mono et diglycérides d'acides gras, antioxygène : alpha-tocophérols.., Valeur énergétique en Joules :  273, Valeur énergétique en Kcal : 65,2, Glucides : 8, Lipides : 2,7, Protides :2,2, Après ouverture, à conserver au réfrigérateur (+6°C max) et à consommer dans les 48 heures.]|"
2,18€ / L"|"
2,18 €"
1736|Lait de croissance pour bébés de 10 mois à 3 ans|Les 6 briques de 1L|[Origine : FRANCE, Lait partiellement écrémé, filtrat de lait, eau, lactose, huiles de tournesol et de colza, arôme vanille, correcteur d'acidité : citrate de sodium, gluconate et lactate de calcium, émulsifiants : mono et diglycérides, antioxygènes : palmitate d'ascorbyle et alpha-tocophérol, sulfates de fer et de zinc, vitamines : A, D, C, B1, B5, B6, B9, B12, PP., A conserver au froid après ouverture.; Conservation à + 6°c maximum.; 48h au réfrigérateur après ouverture.]|"
2,18€ / L"|"
13,09 €"
1737|Lait demi-écrémé|Les 6 bouteilles de 25cl|[Origine : FRANCE, Monoprix a mis en place un partenariat avec des fermes françaises sélectionnées, pour vous proposer du lait provenant de producteurs engagés dans une démarche d'amélioration continue.]|"
2,23€ / L"|"
3,35 €"
1738|Lait demi-écrémé|Les 6 bouteilles de 50cl|[Origine : FRANCE, Monoprix a mis en place un partenariat avec des fermes françaises sélectionnées, pour vous proposer du lait provenant de producteurs engagés dans une démarche d'amélioration continue.                                       Avec une bouteille 15% pluslégère* et sans opercule aluminium, Monoprix agit pour réduire so nimpact sur l'environnement, tout en garantissant une conservation optimale du lait.                                            *Par rapport à une bouteille PEHD standard du marché. Différence moyenne calculée sur un échantillon de 9 bouteilles PEHD standard du marché.]|"
1,36€ / L"|"
4,08 €"
1739|Lait demi-écrémé, stérilisé UHT|La bouteille de 1L|[Origine : FRANCE, Lait stérilisé UHT demi-écrémé., Bien agiter avant dégustation., Lait demi-écrémé., Valeur énergétique en Joules :  195kj, Valeur énergétique en Kcal : 46kcal, Glucides : 4,7g, Lipides : 1,6g, Protides :3,3g, A conserver dans un endroit propre et sec à l'abri de la chaleur et de la lumière. Après ouverture, à conserver au frais (à +6°C maximum) et à consommer sous 5 jours maximum.]|"
0,83€ / L"|"
0,83 €"
1740|Lait demi-écrémé, stérilisé UHT|La bouteille de 25cl|[Origine : FRANCE, Lait stérilisé UHT demi-écrémé., Bien agiter avant dégustation., Lait demi-écrémé., Valeur énergétique en Joules :  195kj, Valeur énergétique en Kcal : 46kcal, Glucides : 4,7g, Lipides : 1,6g, Protides :3,3g, A conserver dans un endroit propre et sec à l'abri de la chaleur et de la lumière. Après ouverture, à conserver au frais (à +6°C maximum) et à consommer sous 5 jours maximum.]|"
2,24€ / L"|"
0,56 €"
1741|Lait demi-écrémé, stérilisé UHT|La bouteille de 50cl|[Origine : FRANCE, Lait stérilisé UHT demi-écrémé., Bien agiter avant dégustation., Lait demi-écrémé., Valeur énergétique en Joules :  195kj, Valeur énergétique en Kcal : 46kcal, Glucides : 4,7g, Lipides : 1,6g, Protides :3,3g, A conserver dans un endroit propre et sec à l'abri de la chaleur et de la lumière. Après ouverture, à conserver au frais (à +6°C maximum) et à consommer sous 5 jours maximum.]|"
1,36€ / L"|"
0,68 €"
1742|Lait demi-écrémé, stérilisé UHT|La brique de 1L|[Origine : FRANCE, Lait stérilisé UHT demi-écrémé., Bien agiter avant dégustation., Lait demi-écrémé., Valeur énergétique en Joules :  195kj, Valeur énergétique en Kcal : 46kcal, Glucides : 4,7g, Lipides : 1,6g, Protides :3,3g, A conserver dans un endroit propre et sec à l'abri de la chaleur et de la lumière. Après ouverture, à conserver au frais (à +6°C maximum) et à consommer sous 5 jours maximum.]|"
0,79€ / L"|"
0,79 €"
1743|Lait demi-écrémé, stérilisé UHT|Les 6 bouteilles de 1L|[Origine : FRANCE, Monoprix a mis en place un partenariat avec des fermes françaises sélectionnées, pour vous proposer du lait provenant de producteurs engagés dans une démarche d'amélioration continue.                                       Avec une bouteille 15% pluslégère* et sans opercule aluminium, Monoprix agit pour réduire so nimpact sur l'environnement, tout en garantissant une conservation optimale du lait.                                            *Par rapport à une bouteille PEHD standard du marché. Différence moyenne calculée sur un échantillon de 9 bouteilles PEHD standard du marché., Valeur énergétique en Joules :  193Kj, Valeur énergétique en Kcal : 46KCal, Glucides : 4,8g, Lipides : 1,55g, Protides :3,2g, Avant ouverture, à conserver à température ambiante. Après ouverture, à conserver au réfrigérateur et à consommer rapidement.]|"
0,83€ / L"|"
4,99 €"
1744|Lait demi-écrémé, stérilisé UHT|Les 6 briques de 1L|[Origine : FRANCE, Monoprix a mis en place un partenariat avec des fermes françaises sélectionnées, pour vous proposer du lait provenant de producteurs engagés dans une démarche d'amélioration continue., Lait demi écrémé issu de la filière Bleu Blanc Coeur., Après ouverture, à conserver au froid (+6°C maximum) et à consommer rapidement.]|"
0,79€ / L"|"
4,75 €"
1745|Lait demi-écrémé biologique stérilisé UHT|La bouteille de 1L|[Origine : FRANCE, Ce lait, provenant d'élevages français nourris essentiellement avec des ingrédients d'origine biologique conformément au mode de production biologique, a été certifié par ECOCERT sas F32600., Lait* à 15,5 g/l de matière grasse.                                            *ingrédient issu de l'agriculture biologique., Valeur énergétique en Joules :  193Kj, Valeur énergétique en Kcal : 46KCal, Glucides : 4,8g, Lipides : 1,55g, Protides :3,2g, Après ouverture, à conserver au froid (+6°C max.) et à consommer rapidement.]|"
1,17€ / L"|"
1,17 €"
1746|Lait demi-écrémé biologique stérilisé UHT|La bouteille de 1L|[Origine : FRANCE, Ce lait, provenant d'élevages français nourris essentiellement avec des ingrédients d'origine biologique conformément au mode de production biologique, a été certifié par ECOCERT sas F32600., Lait* à 15,5 g/l de matière grasse.                                            *ingrédient issu de l'agriculture biologique., Valeur énergétique en Joules :  193Kj, Valeur énergétique en Kcal : 46KCal, Glucides : 4,8g, Lipides : 1,55g, Protides :3,2g, Après ouverture, à conserver au froid (+6°C max.) et à consommer rapidement.]|"
1,17€ / L"|"
1,17 €"
1747|Lait demi-écrémé stérilisé UHT, certifié AB|Les 6 bouteilles de 1L|[Origine : FRANCE, Ce lait, provenant d'élevages français nourris essentiellement avec des ingrédients d'origine biologique conformément au mode de production biologique, a été certifié par ECOCERT sas F32600., Lait* à 15,5 g/l de matière grasse. *ingrédient issu de l'agriculture biologique., Valeur énergétique en Joules :  193Kj, Valeur énergétique en Kcal : 46KCal, Glucides : 4,8g, Lipides : 1,55g, Protides :3,2g, Apres ouverture, a conserver au froid (+6°C max.) et à consommer rapidement.]|"
1,17€ / L"|"
7,00 €"
1748|Lait demi-écrémé stérilisé UHT, certifié AB|Les 6 bouteilles de 1L|[Origine : FRANCE, Ce lait, provenant d'élevages français nourris essentiellement avec des ingrédients d'origine biologique conformément au mode de production biologique, a été certifié par ECOCERT sas F32600., Lait* à 15,5 g/l de matière grasse. *ingrédient issu de l'agriculture biologique., Valeur énergétique en Joules :  193Kj, Valeur énergétique en Kcal : 46KCal, Glucides : 4,8g, Lipides : 1,55g, Protides :3,2g, Apres ouverture, a conserver au froid (+6°C max.) et à consommer rapidement.]|"
1,17€ / L"|"
7,00 €"
1749|Lait frais et demi-écrémé, microfiltré|La bouteille de 1L|[Origine : FRANCE, Retrouver la vraie saveur du lait... Monoprix gourmet vous propose ce lait aux qualités gustatives incomparables, celles du lait cru. Le traitement thermique classique de la pasteurisation a été remplacé (sauf pour la crème) par un passage à traversdes filtres très fins. Ce procédé permet de conserver toutes les propriétés gustatives du lait cru et de garantir une meilleure conservation, les bactéries ayant été retenues par les filtres. Monoprix Gourmet ou les plaisirs d'une tradition retrouvée... Pour le plus grand plaisir de tous, Monoprix Gourmet vous propose ce lait microfiltré, alliant saveur et authenticité., Lait frais demi écrémé microfiltré., Valeur énergétique en Joules :  199Kj, Valeur énergétique en Kcal : 832Kcal, Glucides : 5g, Lipides : 1,6g, Protides :3,2g, A conserver entre 0°C et +4°C. A consommer dans les trois jours qui suivent l'ouverture.]|"
1,27€ / L"|"
1,27 €"
1750|Lait demi-écrémé stérilisé UHT|Les 6 briques de 1L|[Origine : FRANCE]|"
0,64€ / L"|"
3,84 €"
1751|Lait frais demi-écrémé|La bouteille de 1L|[Origine : FRANCE]|"
1,30€ / L"|"
1,30 €"
1752|Lait demi-écrémé, stérilisé UHT|La brique de 1L|[Origine : FRANCE, Ne pas donner aux enfants de moins de 1 an sauf prescription médicale., Lait demi-écrémé stérilisé UHT collecté et conditionné en France., Après ouverture, à conserver au froid et à consommer rapidement.]|"
0,64€ / L"|"
0,64 €"
1753|Lait Bio, demi-écrémé|Le pack de 6x25cl, soit 1,5l|[Origine : FRANCE, Lait demi-écrémé stérilisé uht issu de l'agriculture biologique., Après ouverture, à conserver au froid et à consommer rapidement.]|"
3,05€ / L"|"
4,57 €"
1754|Lait Bio, demi-écrémé|Le pack de 6x25cl, soit 1,5l|[Origine : FRANCE, Lait demi-écrémé stérilisé uht issu de l'agriculture biologique., Après ouverture, à conserver au froid et à consommer rapidement.]|"
3,05€ / L"|"
4,57 €"
1755|Lait demi-écrémé, stérilisé UHT|Les 6 bouteilles de 1L|[Origine : FRANCE, Lait demi-écrémé, vitamine D., A conserver au frais après ouverture.; Consommer rapidement après ouverture.]|"
0,93€ / L"|"
5,60 €"
1756|Lait demi-écrémé, stérilisé UHT, avec vitamine D|La bouteille de 1L|[Origine : FRANCE, Pour vous aider à entretenir votre capital osseux, Lactel a renforcé tous ses laits classiques en vitamine D.Depuis toujours, Lactel s'engage aux côtés de ses éleveurs à vous offrir le meilleur du lait., Lait demi-écrémé, vitamine D., Valeur énergétique en Joules :  190kj, Valeur énergétique en Kcal : 45KCal, Glucides : 4,8g, Lipides : 1,5g, Après ouverture, à conserver au frais et à consommer rapidement.]|"
0,93€ / L"|"
0,93 €"
1757|Lait demi-écrémé, stérilisé UHT, facile à digérer, à teneur réduite en lactose|La bouteille de 1L|[Origine : FRANCE, Matin Léger est un lait facile à digérer. Il apporte autant de calcium, de protéines et de vitamine D que votre lait Lactel classique. Seulement 0,5% de lactose., Lait écrémé à 1,2% de matière grasse, lactase, vitamine D., Valeur énergétique en Joules :  190, Valeur énergétique en Kcal : 45,4, Glucides : 4,8, Lipides : 1,5, Protides :3,2, Après ouverture, à conserver au froid et à consommer rapidement.]|"
1,44€ / L"|"
1,44 €"
1758|Lait demi-écrémé, stérilisé UHT, facile à digérer, à teneur réduite en lactose|Les 6 bouteilles de 1L|[Origine : FRANCE, Lait écrémé, lactase, vitamine D., A conserver au froid après ouverture.; Consommer rapidement après ouverture.]|"
1,44€ / L"|"
8,65 €"
1759|Matin léger, 0,5% de lactose, 1,2% de matière grasse|Le pack de 6x50cl, soit 3l|[Origine : FRANCE, Matin Léger est un lait facile à digérer dont chaque bol de 250 ml vous apporte 37% des apports journaliers recommandés en calcium et en vitamine D., Lait à 1,2% de matière grasse, lactase, vitamine D., Valeur énergétique en Joules :  180kj, Valeur énergétique en Kcal : 42kcal, Glucides : 4,8g, Lipides : 1,2g, Protides :3,2g, Après ouverture, à conserver au froid et à consommer rapidement.]|"
2,25€ / L"|"
6,76 €"
1760|Lait demi-écrémé bio|Les 6 briques de 20cl|[Origine : FRANCE]|"
2,70€ / L"|"
3,24 €"
1761|Lait demi-écrémé bio|Les 6 briques de 20cl|[Origine : FRANCE]|"
2,70€ / L"|"
3,24 €"
1762|Lait frais pasteurisé demi écrémé|La bouteille de 1l|[Origine : FRANCE, Ce lait est produit et embouteillé en région Ile de France. La ferme est à moins de 20 km de Paris ! Il a très peu voyagé et il garantit une rémunération équitable à son producteur., Lait frais pasteurisé demi-écrémé., Conservation : +5°C maxi.]|"
13,80€ / L"|"
1,38 €"
1763|Lait UHT écrémé|Les 6 bouteilles de 1L|[Origine : FRANCE, Monoprix a mis en place un partenariat avec des fermes françaises sélectionnées, pour vous proposer du lait provenant de producteurs engagés dans une démarche d'amélioration continue.                                       Avec une bouteille 15% pluslégère* et sans opercule aluminium, Monoprix agit pour réduire so nimpact sur l'environnement, tout en garantissant une conservation optimale du lait.                                            *Par rapport à une bouteille PEHD standard du marché. Différence moyenne calculée sur un échantillon de 9 bouteilles PEHD standard du marché., Avant ouverture, à conserver dans un endroit frais et sec. Après ouverture, à conserver au froid (+6°C maximum) et à consommer de préférence dans les 4 jours.]|"
0,91€ / L"|"
5,48 €"
1764|Lait Bio écrémé|Le pack de 6x50cl, soit 3l|[Origine : FRANCE, Lait écrémé stérilisé UHT issu de l'agriculture biologique., Lait écrémé stérilisé uht issu de l'agriculture biologique., Valeur énergétique en Joules :  140kj, Valeur énergétique en Kcal : 33kcal, Glucides : 4,8g, Lipides : <0,1g, Protides :3,2g, Après ouverture, à conserver au froid et à consommer rapidement.]|"
2,05€ / L"|"
6,15 €"
1765|Lait Bio écrémé|Le pack de 6x50cl, soit 3l|[Origine : FRANCE, Lait écrémé stérilisé UHT issu de l'agriculture biologique., Lait écrémé stérilisé uht issu de l'agriculture biologique., Valeur énergétique en Joules :  140kj, Valeur énergétique en Kcal : 33kcal, Glucides : 4,8g, Lipides : <0,1g, Protides :3,2g, Après ouverture, à conserver au froid et à consommer rapidement.]|"
2,05€ / L"|"
6,15 €"
1766|Lait écrémé, facile à digérer|La bouteille de 1L|[Origine : FRANCE, Savourez l'onctuosité et le bon goût du lait Matin Léger. Parce qu'il contient seulement 0,5% de lactose, Matin Léger est un lait facile à digérer avec un goût légèrement plus sucré.Sa teneur en sucre reste identique à celle d'un lait classique. Matin Léger est un lait facile à digérer qui vous apporte autant de calcium, de protéines et de vitamine D que votre lait Lactel classique écrémé., Lait écrémé, lactase, vitamine D. Lait écrémé stérilisé UHT à teneur réduite en lactose (<0,5g/100ml) et enrichi en vitamine D., Valeur énergétique en Joules :  140kj, Valeur énergétique en Kcal : 33kc, Glucides : 4,8g, Lipides : 0,2g, Protides :3,2g, Après ouverture, à conserver au frais et à consommer rapidement.]|"
1,86€ / L"|"
1,86 €"
1767|Lait écrémé, facile à digérer|Les 6 bouteilles de 1L|[Origine : FRANCE, Valeur énergétique en Joules :  140Kj, Valeur énergétique en Kcal : 33Kc, Glucides : 4,8g, Lipides : 0,2g, Protides :3,2g, Après ouverture, à conserver au froid et à consommer rapidement]|"
1,86€ / L"|"
11,14 €"
1768|Lait écrémé, stérilisé UHT, bio|La bouteille de 1L|[Origine : FRANCE, Retirez complètement l'opercule aluminium et savourez votre lait Lactel Bio. Aplatissez la bouteille vide puis rebouchez-la., Valeur énergétique en Joules :  140Kj, Valeur énergétique en Kcal : 33Kc, Glucides : 4,8g, Lipides : 0,1g, Protides :3,2g, Après ouverture, à conserver au froid et à consommer rapidement.]|"
1,53€ / L"|"
1,53 €"
1769|Lait écrémé, stérilisé UHT, bio|La bouteille de 1L|[Origine : FRANCE, Retirez complètement l'opercule aluminium et savourez votre lait Lactel Bio. Aplatissez la bouteille vide puis rebouchez-la., Valeur énergétique en Joules :  140Kj, Valeur énergétique en Kcal : 33Kc, Glucides : 4,8g, Lipides : 0,1g, Protides :3,2g, Après ouverture, à conserver au froid et à consommer rapidement.]|"
1,53€ / L"|"
1,53 €"
1770|Matin léger, 0,5% de lactose, écrémé|Le pack de 6x50cl, soit 3l|[Origine : FRANCE, Lait écrémé stérilisé UHT à teneur réduite en lactose (<0,5g/100ml) et enrichi en vitamine D., Eau de source 80%, jus de fruits à base de concentrés 12% (pomme 8,5%, cassis 2%, sureau, framboise 0.2%), sucre, acidifiant : acide citrique et acide malique, arômes, antioxygène : acide ascorbique. Sans colorant ni conservateur. Sans arôme artificiel., Après ouverture, à conserver au froid et à consommer rapidement.]|"
2,13€ / L"|"
6,39 €"
1771|Lait écrémé, stérilisé UHT|La bouteille de 1L|[Origine : FRANCE, Monoprix a mis en place un partenariat avec des fermes françaises sélectionnées, pour vous proposer du lait provenant de producteurs engagés dans une démarche d'amélioration continue. Avec une bouteille en moyenne 15% plus légère et sans opercule aluminium, Monoprix agit pour réduire son impact sur l'environnement, tout en garantissant une conservation optimale du lait., Lait entier., Valeur énergétique en Joules :  269kj, Valeur énergétique en Kcal : 64kcal, Glucides : 4,7g, Lipides : 3,6g, Protides :3,3g, A conserver dans un endroit frais et sec à l'abri de la chaleur et de la lumière. Après ouverture, à conserver au frais (à +6°C) et à consommer sous 5 jours maximum.]|"
1,02€ / L"|"
1,02 €"
1772|Lait frais et entier, microfiltré|La bouteille de 1L|[Origine : FRANCE, Retrouver la vraie saveur du lait... Monoprix gourmet vous propose ce lait aux qualités gustatives incomparables, celles du lait cru. Le traitement thermique classique de la pasteurisation a été remplacé (sauf pour la crème) par un passage à traversdes filtres très fins. Ce procédé permet de conserver toutes les propriétés gustatives du lait cru et de garantir une meilleure conservation, les bactéries ayant été retenues par les filtres. Monoprix Gourmet ou les plaisirs d'une tradition retrouvée... Pour le plus grand plaisir de tous, Monoprix Gourmet vous propose ce lait microfiltré, alliant saveur et authenticité., Lait frais entier microfiltré., Valeur énergétique en Joules :  269Kj, Valeur énergétique en Kcal : 1124Kcal, Glucides : 4,9g, Lipides : 3,6g, Protides :3,1g, A conserver entre 0°C et +4°C. A consommer dans les trois jours qui suivent l'ouverture.]|"
1,33€ / L"|"
1,33 €"
1773|Lait UHT entier|Les 6 bouteilles de 1L|[Origine : FRANCE, Monoprix a mis en place un partenariat avec des fermes françaises sélectionnées, pour vous proposer du lait provenant de producteurs engagés dans une démarche d'amélioration continue.                                       Avec une bouteille 15% pluslégère* et sans opercule aluminium, Monoprix agit pour réduire so nimpact sur l'environnement, tout en garantissant une conservation optimale du lait.                                            *Par rapport à une bouteille PEHD standard du marché. Différence moyenne calculée sur un échantillon de 9 bouteilles PEHD standard du marché., Lait entier issu de la filière Bleu-Blanc-Coeur., Avant ouverture, à conserver dans un endroit frais et sec. Après ouverture, à conserver au froid (+6°C maximum) et à consommer de préférence dans les 4 jours.]|"
1,02€ / L"|"
6,09 €"
1774|Lait entier, stérilisé UHT, bio|La bouteille de 1L|[Origine : FRANCE, Engagé dans le bio depuis plus de 15 ans, Lactel est au coeur de la chaîne du bio. Lactel Bio c'est un contact humain à chaque étape : de la ferme jusqu'à la mise en bouteille !Lactel a une connaissance complète de la chaîne du Bio. Il aide ses producteurs à passer au bio et les accompagne au quotidien dans leur production., Lait entier stérilisé UHT issu de l'agriculture biologique., Après ouverture, à conserver au froid et à consommer rapidement.]|"
1,72€ / L"|"
1,72 €"
1775|Lait entier, stérilisé UHT, bio|La bouteille de 1L|[Origine : FRANCE, Engagé dans le bio depuis plus de 15 ans, Lactel est au coeur de la chaîne du bio. Lactel Bio c'est un contact humain à chaque étape : de la ferme jusqu'à la mise en bouteille !Lactel a une connaissance complète de la chaîne du Bio. Il aide ses producteurs à passer au bio et les accompagne au quotidien dans leur production., Lait entier stérilisé UHT issu de l'agriculture biologique., Après ouverture, à conserver au froid et à consommer rapidement.]|"
1,72€ / L"|"
1,72 €"
1776|Lait entier, stérilisé UHT, bio|Les 6 bouteilles de 1L|[Origine : FRANCE, Engagé dans le bio depuis plus de 15 ans, Lactel est au coeur de la chaîne du bio. Lactel Bio c'est un contact humain à chaque étape : de la ferme jusqu'à la mise en bouteille !Lactel a une connaissance complète de la chaîne du Bio. Il aide ses producteurs à passer au bio et les accompagne au quotidien dans leur production., Lait entier stérilisé UHT issu de l'agriculture biologique., Valeur énergétique en Joules :  268kj, Valeur énergétique en Kcal : 64kcal, Glucides : 4,8g, Lipides : 3,6g, Protides :3,2g, Après ouverture, à conserver au froid et à consommer rapidement.]|"
1,72€ / L"|"
10,29 €"
1777|Lait entier, stérilisé UHT, bio|Les 6 bouteilles de 1L|[Origine : FRANCE, Engagé dans le bio depuis plus de 15 ans, Lactel est au coeur de la chaîne du bio. Lactel Bio c'est un contact humain à chaque étape : de la ferme jusqu'à la mise en bouteille !Lactel a une connaissance complète de la chaîne du Bio. Il aide ses producteurs à passer au bio et les accompagne au quotidien dans leur production., Lait entier stérilisé UHT issu de l'agriculture biologique., Valeur énergétique en Joules :  268kj, Valeur énergétique en Kcal : 64kcal, Glucides : 4,8g, Lipides : 3,6g, Protides :3,2g, Après ouverture, à conserver au froid et à consommer rapidement.]|"
1,72€ / L"|"
10,29 €"
1778|Lait entier bio UHT|Le pack de 6 bouteilles de 50cl|[Origine : FRANCE]|"
2,56€ / L"|"
7,67 €"
1779|Lait entier bio UHT|Le pack de 6 bouteilles de 50cl|[Origine : FRANCE]|"
2,56€ / L"|"
7,67 €"
1780|Lait frais pasteurisé entier|La bouteille de 1l|[Origine : FRANCE, Ce lait est produit et embouteillé en région Ile de France. La ferme est à moins de 20 km de Paris ! Il a très peu voyagé et il garantit une rémunération équitable à son producteur., Lait frais pasteurisé entier., Conservation : +5°C maxi.]|"
1,38€ / L"|"
1,38 €"
1781|Lait fermenté|La brick de 1L|[Origine : FRANCE, Lait à 1% de matière grasse - ferments lactiques., Valeur énergétique en Joules :  180kj, Valeur énergétique en Kcal : 43kcal, Glucides : 4,9g, Lipides : 1,1g, Protides :3,3g]|"
1,42€ / L"|"
1,42 €"
1782|Lait frais et demi-écrémé, microfiltré|La bouteille de 1L|[Origine : FRANCE, Retrouver la vraie saveur du lait... Monoprix gourmet vous propose ce lait aux qualités gustatives incomparables, celles du lait cru. Le traitement thermique classique de la pasteurisation a été remplacé (sauf pour la crème) par un passage à traversdes filtres très fins. Ce procédé permet de conserver toutes les propriétés gustatives du lait cru et de garantir une meilleure conservation, les bactéries ayant été retenues par les filtres. Monoprix Gourmet ou les plaisirs d'une tradition retrouvée... Pour le plus grand plaisir de tous, Monoprix Gourmet vous propose ce lait microfiltré, alliant saveur et authenticité., Lait frais demi écrémé microfiltré., Valeur énergétique en Joules :  199Kj, Valeur énergétique en Kcal : 832Kcal, Glucides : 5g, Lipides : 1,6g, Protides :3,2g, A conserver entre 0°C et +4°C. A consommer dans les trois jours qui suivent l'ouverture.]|"
1,27€ / L"|"
1,27 €"
1783|Lait frais et entier, microfiltré|La bouteille de 1L|[Origine : FRANCE, Retrouver la vraie saveur du lait... Monoprix gourmet vous propose ce lait aux qualités gustatives incomparables, celles du lait cru. Le traitement thermique classique de la pasteurisation a été remplacé (sauf pour la crème) par un passage à traversdes filtres très fins. Ce procédé permet de conserver toutes les propriétés gustatives du lait cru et de garantir une meilleure conservation, les bactéries ayant été retenues par les filtres. Monoprix Gourmet ou les plaisirs d'une tradition retrouvée... Pour le plus grand plaisir de tous, Monoprix Gourmet vous propose ce lait microfiltré, alliant saveur et authenticité., Lait frais entier microfiltré., Valeur énergétique en Joules :  269Kj, Valeur énergétique en Kcal : 1124Kcal, Glucides : 4,9g, Lipides : 3,6g, Protides :3,1g, A conserver entre 0°C et +4°C. A consommer dans les trois jours qui suivent l'ouverture.]|"
1,33€ / L"|"
1,33 €"
1784|Lait frais et entier, microfiltré|La bouteille de 1L|[Origine : FRANCE, Retrouvez la vraie saveur du lait... Monoprix Bio vous propose ce lait aux qualités gustatives incomparables, celles du lait cru. Le traitement thermique classique de la pasteurisation a été remplacé (sauf pour la crème) par un passage à travers desfiltres très fins. Ce procédé permet de conserver toutes les qualités gustatives du lait cru et de garantir une meilleur conservation, les bactéries ayant été retenues par les filtres. Pour le plus grand bonheur de tous, Monoprix Bio vous propose celait microfiltré issu de l'agriculture biologique, alliant saveur et authenticité., Lait de vache issu de l'agriculture biologique., Valeur énergétique en Joules :  295kj, Valeur énergétique en Kcal : 71kcal, Glucides : 5,1g, Lipides : 4,1g, Protides :3,3g, A conserver entre 0°c et +4°c.]|"
1,73€ / L"|"
1,73 €"
1785|Lait frais et entier, microfiltré|La bouteille de 1L|[Origine : FRANCE, Retrouvez la vraie saveur du lait... Monoprix Bio vous propose ce lait aux qualités gustatives incomparables, celles du lait cru. Le traitement thermique classique de la pasteurisation a été remplacé (sauf pour la crème) par un passage à travers desfiltres très fins. Ce procédé permet de conserver toutes les qualités gustatives du lait cru et de garantir une meilleur conservation, les bactéries ayant été retenues par les filtres. Pour le plus grand bonheur de tous, Monoprix Bio vous propose celait microfiltré issu de l'agriculture biologique, alliant saveur et authenticité., Lait de vache issu de l'agriculture biologique., Valeur énergétique en Joules :  295kj, Valeur énergétique en Kcal : 71kcal, Glucides : 5,1g, Lipides : 4,1g, Protides :3,3g, A conserver entre 0°c et +4°c.]|"
1,73€ / L"|"
1,73 €"
1786|Lait frais au chocolat|La bouteille de 1L|[Origine : FRANCE]|"
2,01€ / L"|"
2,01 €"
1787|Lait frais demi-écrémé|La bouteille de 1L|[Origine : FRANCE]|"
1,30€ / L"|"
1,30 €"
1788|Lait frais entier|La bouteille de 1L|[Origine : FRANCE]|"
1,32€ / L"|"
1,32 €"
1789|Lait pasteurisé à 0,5% de M.G. enrichi en vitamine D|La bouteille de 1l|[Origine : FRANCE, Le lait Bridelight contient 0,5% de matières grasses. Naturellement source de calcium, le lait Bridelight est enrichi en vitamine D, nutriment qui contribue à l'entretien du capital osseux., Lait à 0,5% de MG, vitamine D., Valeur énergétique en Joules :  154kj, Valeur énergétique en Kcal : 36kcal, Glucides : 4,8g, Lipides : 0,5g, Protides :3,2g, A conserver au froid à +6°C max. Après ouverture, à consommer rapidement.]|"
1,37€ / L"|"
1,37 €"
1790|Lait pasteurisé demi écrémé à teneur réduite en lactose et enrichi en vitamine D|La bouteille de 1l|[Origine : FRANCE, Facile à digérer, il contient seulement 0,5 % de lactose. Au rayon frais, il garde tous ses bienfaits et le bon goût du lait frais. Matin Léger est un lait facile à digérer qui vous apporte autant de calcium et de protéines qu'un lait demi écrémé classique et de la vitamine D pour mieux fixer le calcium., Lait demi-écrémé, lactase, vitamine D., Valeur énergétique en Joules :  190kj, Valeur énergétique en Kcal : 45kcal, Glucides : 4,8g, Lipides : 1,5g, Protides :3,2g, A conserver au froid entre +4°C et +6°C maximum. Après ouverture consommer rapidement.]|"
2,15€ / L"|"
2,15 €"
1791|Lait frais et fermenté|La brique de 1L|[Origine : FRANCE, Bien agiter., Lait à 5g de MG par litre, ferments lactiques., Conservation à + 6°c maximum.]|"
1,77€ / L"|"
1,77 €"
1792|Lait en poudre écrémé à dissolution instantanée|La boîte de 300g|[Origine : FRANCE, Pour reconstituer 250ml de lait écrémé, versez 25g (soit 5 cuillères à soupe) de lait en poudre écrémé dans 230ml d'eau chaude (mais non bouillante) ou froide. Ce produit n'est pas destiné à l'alimentation des nourrissons de moins de douze mois., Lait en poudre écrémé 100%. Traces de lécithine de soja., Valeur énergétique en Joules :  1526, Valeur énergétique en Kcal : 359kcal, Glucides : 52g, Lipides : 0,8, Protides :36g, A conserver à l'abri de la chaleur et de l'humidité. Après ouverture, à consommer dans un délai de 4 semaines.]|"
6,37€ / Kg"|"
1,91 €"
1793|Lait concentré non sucré, format malin|Le paquet de 10 dosettes de 7,5g, 75g|[Origine : FRANCE, Les dosettes de lait concentré non sucré Gloria : toute la saveur d'une touche de lait avec seulement 4% de matières grasses !Complices de vos moments de détente, elles apportent de la douceur à toutes vos boissons chaudes : thé ou café., Lait demi écrémé, extrait sec lactique dégraissé 20%., Valeur énergétique en Joules :  463Kj, Valeur énergétique en Kcal : 110Kcal, Glucides : 11,6g, Lipides : 4g, Protides :6,9g]|"
12,27€ / Kg"|"
0,92 €"
1794|Lait concentré non sucré demi-écrémé|La boîte de 410g|[Origine : FRANCE, Le Lait Concentré Non Sucré Gloria est fabriqué en Normandie à partir de lait frais. Il est obtenu par simple évaporation de l'eau présente dans le lait.Ce procédé de fabrication donne au lait Gloria une teinte caramélisée., Bien agiter la boîte avant utilisation. Pour reconstituer du lait 1/2 écrémé, ajoutez au lait Gloria le même volume d'eau. Gloria est une aide culinaire idéale pour donner de l'onctuosité à toutes vos idées : recettes sucrées (glaces, crêpes, clafoutis...) comme salées (cakes, veloutés, quiches...)., Lait demi-écrémé, extrait sec lactique dégraissé 20%. Matières grasses du lait 4%.  Sans conservateur., Valeur énergétique en Joules :  463Kj, Valeur énergétique en Kcal : 111KCal, Glucides : 11g, Lipides : 4g, Protides :7,5g, Après ouverture, le lait Gloria se conserve au réfrigérateur comme le lait frais soit 3 jours au maximum.]|"
3,51€ / Kg"|"
1,44 €"
1795|Lait concentré non sucré entier, 7.5%MG|La boîte de 410g|[Origine : FRANCE, Lait fabriqué en Normandie à partir de lait frais., Bien agiter la boite avant utilisation.Idéal dans la préparation des tartes, quiches, cakes., Lait entier, extrait sec lactique dégraissé 17,5%. Sans conservateur. Contient juste 7,5% de M.G, Valeur énergétique en Joules :  555, Valeur énergétique en Kcal : 133, Glucides : 9.8, Lipides : 7.5, Protides :6.5, Après ouverture, conserver 3 jours maximum au réfrigérateur.]|"
3,34€ / Kg"|"
1,37 €"
1796|Lait biologique demi-écrémé chocolaté|Les 6 briquettes de 20cl|[Origine : FRANCE, Lait de vache 1/2 ÍcrÍmÍ 92 % - sucre de canne 6% - cacao 2% . IngrÍdients issus de l'agriculture biologique. ALGAE, Valeur énergétique en Joules :  311, Valeur énergétique en Kcal : 73.8, Glucides : 10.7, Lipides : 1.8, Protides :3.3]|"
3,38€ / L"|"
4,05 €"
1797|Lait biologique demi-écrémé chocolaté|Les 6 briquettes de 20cl|[Origine : FRANCE, Lait de vache 1/2 ÍcrÍmÍ 92 % - sucre de canne 6% - cacao 2% . IngrÍdients issus de l'agriculture biologique. ALGAE, Valeur énergétique en Joules :  311, Valeur énergétique en Kcal : 73.8, Glucides : 10.7, Lipides : 1.8, Protides :3.3]|"
3,38€ / L"|"
4,05 €"
1798|Lait concentré, sucré|La boîte de 397g|[Origine : FRANCE, Grâce à son onctuosité et à sa douceur, le lait concentré sucré Nestlé vous permettra de réaliser facilement des desserts gourmands.Idéal pour donner un goût crémeux à vos boissons chaudes, vous pourrez également le déguster tel quel tout simplement., Ingrédients: LAIT entier, sucre. Matière grasse : 8%, extrait sec lactique dégraissé : 20%., La boîte entamée se conserve une quinzaine de jours au frais.]|"
5,37€ / Kg"|"
2,13 €"
1799|Lait concentré, sucré|Les 2 tubes, 340g|[Origine : FRANCE, Le tube Nestlé, c'est le concentré d'énergie et de gourmandise 100% naturel source de calcium. Format + pratique !, Ingrédients: LAIT entier, sucre. Extrait sec lactique dégraissé 20%, matière grasse 8%., Le contenu d'un tube entamé et refermé se conserve 15 jours au frais.]|"
6,68€ / Kg"|"
2,27 €"
1800|Lait concentreé sucré|La boite de 1kg|[Origine : FRANCE, Grâce à son onctuosité et à sa douceur, le lait concentré sucré Nestlé vous permettra de réaliser facilement des desserts gourmands. Idéal pour donner un bon goût crémeux à vos boissons chaudes, vous pourrez également le déguster tel quel tout simplement., Ingrédients: LAIT entier, sucre. Matière grasse : 8%, extrait sec lactique dégraissé : 20%., La boîte entamée se conserve une quinzaine de jours au frais.]|"
5,09€ / Kg"|"
5,09 €"
1801|Lait concentré sucré|Le tube de 300g|[Origine : ESPAGNE, Nouvelle valve anti-goutte., Nouvelle valve anti-goutte. Idéal pour toute ma famille : dans le café, le thé ou le chocolat ou tout simplement sur une tartine de pain. Sur vos desserts, en nappage sur des fruits, des crêpes ou des glaces., Ingrédients: Lait frais pasteurisé, sucre. Extrait sec lactique dégraissé 20%. Matière grasse 8%., Le contenu d'un tube entamé et refermé se conserve 3 semaines au frais.]|"
7,57€ / Kg"|"
2,27 €"
1802|Lait concentré sucré demi-écrémé|La boite de 6, 180g|[Origine : FRANCE, Du lait frais 1/2 écrémé, du sucre, simplement., Ingrédients: Lait frais demi écrémé pasteurisé, sucre. Matière grasse : 4%. Extrait sec lactique dégraissé : 24%., A conserver dans un endroit frais et sec.]|"
12,89€ / Kg"|"
2,32 €"
1803|10 maxi coupelles Nuage de Lait concentré non sucré|Le paquet de 140g|[Origine : FRANCE, Lait concentré non sucré., Cassez la languette plastique de la coupelle. Tirez délicatement. Versez dans votre boisson chaude, remuez, c'est prêt !, Lait entier. Traitement thermique. Matière grasse : 7,5%. Extrait sec dégraissé : 17,5%., Se conserve à température ambiante.]|"
11,86€ / Kg"|"
1,66 €"
1804|Lait concentré entier, non sucré|Les 4 pots, 680g|[Origine : ALLEMAGNE, Le lait concentré entier non sucré Régilait est obtenu par la simple évaporation d'une partie de l'eau contenue dans du bon lait soigneusement sélectionné. Votre boîte Régilait vous apporte ainsi un concentré de bienfaits (du calcium, des protéines,du phosphore) tout en restant un allié incomparable pour apporter goût et texture à vos recettes., Vous pouvez consommer le lait concentré non sucré Régilait tel quel dans votre thé ou café, mais aussi dans toutes vos préparations culinaires, comme une crème liquide. Vous pouvez également reconstituer du lait entier en ajoutant au produit le mêmevolume d'eau., Lait concentré : 7.5% de matière grasse laitière. 17.5% d'extrait sec dégraissé., A conserver au froid après ouverture., Après ouverture, conserver 3 jours au réfrigérateur]|"
4,38€ / Kg"|"
2,98 €"
1805|Lait concentré en tube, sucré|Le tube de 300g|[Origine : FRANCE, Lait entier, sucre (43.5%). Matière grasse : 9%. Extrait sec lactique dégraissé : 22%., Valeur énergétique en Joules :  1421Kj, Valeur énergétique en Kcal : 340KCal, Glucides : 55,5g, Lipides : 9g, Protides :8,5g, Une fois entamé, ce lait se conserve 3 semaines au réfrigérateur.]|"
5,53€ / Kg"|"
1,66 €"
1806|Lait concentré non sucré|Les 10 dosettes, 75g|[Origine : FRANCE, Avec Nuage de Lait, le café devient douceur et le thé onctuosité  pour de petits moments de détente à la maison, au bureau, entre amis ou rien que pour soi., Casser la languette plastique de la coupelle, tirez délicatement, versez dans votre boisson chaude, remuez, c'est prêt !, Lait entier. Traitement thermique. Matière grasse : 7,5%, extrait sec dégraissé : 17,5%., Se Conserve à température ambiante.]|"
12,67€ / Kg"|"
0,95 €"
1807|Lait concentré sucré|Le tube pocket de 60g|[Origine : FRANCE, Lait entier, sucre (45%). Matière grasse 8%. Extrait sec lactique dégraissé : 20%.]|"
12,17€ / Kg"|"
0,73 €"
1808|Lait concentré sucré entier arômatisé|Les 4 tubes de 60g (240g)|[Origine : FRANCE, Lait concentré sucré aromatisé., Lait entier, sucre : 45%, arome naturel (fraise ou vanille)  MatiÈre grasse  : 8%. Extrait sec lactique dÍgraissÍ : 19,9%, Valeur énergétique en Joules :  1318, Valeur énergétique en Kcal : 310, Glucides : 55,3g, Lipides : 8g, Protides :7,7G, A conserver dans un endroit sec. Une fois entamé, se conserve 3 semaines au réfrigérateur.]|"
17,13€ / Pce"|"
4,11 €"
1809|Lait écrémé issu de fermes laitières françaises|La boîte de 750g|[Origine : FRANCE, Le lait en poudre Régilait est réalisé à partir de lait liquide soigneusement collecté dans des fermes françaises. Il est ensuite pasteurisé, séché pour évaporer l'eau qu'il contient. Il ne reste que l'essentiel du lait, un vrai concentré d'élémentsnutritionnels., Pour obtenir 1/2 litre de lait écrémé : 45 cl d'eau + 8 cuillères à soupe de Régilait (50 g). Pour vos boissons chaudes : mettez directement la quantité de poudre que vous souhaitez, mélangez, c'est prêt ! Régilait ne refroidit pas les boissons chaudes. En cuisine : mélangé tel quel aux autres ingrédients secs, Régilait est épatant pour les sauces, les crêpes, les purées, les glaces  Régilait écrémé n'est pas destiné à l'alimentation des nourrissons de moins de 12 mois., Lait écrémé en poudre. Peut contenir des traces de lécithine de soja. Ne contient aucun additif, ni conservateur conformément à la réglementation en vigueur., Valeur énergétique en Joules :  1512kj, Valeur énergétique en Kcal : 356kcal, Glucides : 51,7, Lipides : 0,8g, Protides :35,5g, A conserver dans un endroit sec. Après ouverture, se conserve 4 semaines. Bien refermer le bec verseur après chaque utilisation.]|"
7,13€ / Kg"|"
5,35 €"
1810|Lait en poudre écrémé, issu de fermes laitières françaises|La boîte de 300g|[Origine : FRANCE, Régilait, c'est du lait et rient d'autre ! Le lait en poudre Régilait est réalisé à partir de lait liquide soigneusement collecté dans des fermes françaises.Il est ensuite pasteurisé, séché pour évaporer l'eau qu'il contient. Il ne reste que l'essentiel du lait, un vrai concentré d'éléments nutritionnels. Léger et facile à stocker. Régilait équivaut à 3 litres de lait UHT., Pour vos boissons chaudes : mettez directement la quantité de poudre que vous souhaitez, mélangez. Régilait ne refroidit pas les boissons chaudes. En cuisine : mélangé tel quel aux autres ingrédients secs. Régilait Calcium n'est pas destiné à l'alimentation des nourrissons de moins de 12 mois., Lait écrémé en poudre. Peut contenir des traces de lécithine de soja. Régilait ne contient aucun additif, ni conservateur., Valeur énergétique en Joules :  1512Kj, Valeur énergétique en Kcal : 361,7Kc, Glucides : 51.7g, Lipides : 0.8g, Protides :35.5g, à conserver dans un endroit sec. Après ouverture, se conserve 4 semaines. Bien refermer le bec verseur après chaque utilisation.]|"
8,43€ / Kg"|"
2,53 €"
1811|Lait en poudre instantané et écrémé, bio|La boîte de 300g|[Origine : FRANCE, Le lait écrémé en poudre est un des aliments les plus riches en calcium. 30g de Régilait écrémé Bio apportent 48% des apports journalier recommandés.Léger et facile à stocker. Cette boîte de Régilait équivaut à 2,5 litres de lait UHT., Pour obtenir 1/2 litre de lait écrémé : 45cl d'eau + 8 cuillères à soupe (50g). Pour vos boissons chaudes : mettez directement la quantité de poudre que vous souhaitez, mélangez, c'est prêt ! En cuisine : mélangé tel quel aux autres ingrédients secs,Régilait est épatant pour les sauces, les crêpes, les purées, les glaces. Régilait Bio n'est pas destiné à l'alimentation des nourrissons de moins de 12 mois., Lait écrémé en poudre, issu de l'agriculture biologique sans additif conformément à la réglementation. Peut contenir des traces de lécithine de soja., Valeur énergétique en Joules :  1512, Valeur énergétique en Kcal : 361,2, Glucides : 51,7, Lipides : 0,8, Protides :35,5, A conserver dans un endroit sec. Après ouverture, se conserve 4 semaines. Refermer soigneusement le bec verseur après chaque utilisation.]|"
14,32€ / Kg"|"
3,58 €"
1812|Lait en poudre instantané et écrémé, bio|La boîte de 300g|[Origine : FRANCE, Le lait écrémé en poudre est un des aliments les plus riches en calcium. 30g de Régilait écrémé Bio apportent 48% des apports journalier recommandés.Léger et facile à stocker. Cette boîte de Régilait équivaut à 2,5 litres de lait UHT., Pour obtenir 1/2 litre de lait écrémé : 45cl d'eau + 8 cuillères à soupe (50g). Pour vos boissons chaudes : mettez directement la quantité de poudre que vous souhaitez, mélangez, c'est prêt ! En cuisine : mélangé tel quel aux autres ingrédients secs,Régilait est épatant pour les sauces, les crêpes, les purées, les glaces. Régilait Bio n'est pas destiné à l'alimentation des nourrissons de moins de 12 mois., Lait écrémé en poudre, issu de l'agriculture biologique sans additif conformément à la réglementation. Peut contenir des traces de lécithine de soja., Valeur énergétique en Joules :  1512, Valeur énergétique en Kcal : 361,2, Glucides : 51,7, Lipides : 0,8, Protides :35,5, A conserver dans un endroit sec. Après ouverture, se conserve 4 semaines. Refermer soigneusement le bec verseur après chaque utilisation.]|"
14,32€ / Kg"|"
3,58 €"
1813|Lait instantané arômatisé pour adoucir thé ou café|Les 15 dosettes, 60g|[Origine : FRANCE, Onctuosité., Boissons chaudes., Poudre de lait écrémé, arôme. Peut contenir des traces de lécithine de soja., Valeur énergétique en Joules :  1512Kj, Valeur énergétique en Kcal : 356Kcal, Glucides : 51,7g, Lipides : 0,8g, Protides :35,5g, À conserver dans un endroit sec.]|"
22,33€ / Kg"|"
1,34 €"
1814|Lait instantané demi-écrémé, issu de fermes laitières françaises|La boîte de 300g|[Origine : FRANCE, Lait demi-écrémé issu de Fermes Laitières Françaises. Sélection qualité régilait. Cette boîte équivaut à 2,7L de lait UHT.Le lait demi-écrémé en poudre est un aliment riche en calcium. 30g de Régilait demi-écrémé apportent 39% des Apports JournaliersRecommandés. Le lait en poudre Régilait est réalisé à partir de lait soigneusement collecté dans des fermes françaises. Il est ensuite pasteurisé, séché pour évaporer l'eau qu'il contient. Il ne reste que l'essentiel du lait, un vrai concentré d'éléments nutritionnels., Pour vos boissons chaudes : mettez directement la quantité de poudre que vous souhaitez, mélangez, c'est prêt ! Régilait ne refroidit pas les boissons chaudes. En cuisine : mélangé tel quel aux autres ingrédients secs, Régilait est épatant pour les sauces, les crêpes, les purées, les glaces   Pour obtenir 1/2L de lait demi-écrémé : 45cl d'eau + 6 c. à soupe (55g). Régilait demi-écrémé n'est pas destiné à l'alimentation des nourrissons de moins de 12 mois., Lait demi-écrémé en poudre, émulsifiant : lécithine de soja, anti-oxydant : acide ascorbique., Valeur énergétique en Joules :  1809, Valeur énergétique en Kcal : 432,2, Glucides : 44,7, Lipides : 14,2, Protides :30,8, A conserver dans un endroit sec. Après ouverture, se conserve 4 semaines. Bien refermer le bec verseur après chaque utilisation.]|"
8,07€ / Kg"|"
2,42 €"
1815|Lait instantané entier, issu de fermes laitières françaises|La boîte de 300g|[Origine : FRANCE, Aliment riche en calcium. Léger et facile à stocker., Boissons chaudes, cuisine., Lait entier en poudre, émulsifiant : lécithine de soja, anti-oxydant : acide ascorbique., Valeur énergétique en Joules :  2067Kj, Valeur énergétique en Kcal : 494KCal, Glucides : 38,6g, Lipides : 26,2g, Protides :26g, A conserver dans un endroit sec. Après ouverture, se conserve 4 semaines. Bien refermer le bac verseur après chaque utilisation.]|"
9,80€ / Kg"|"
2,94 €"
1816|Regilait lait concentre sucre entier lot de 12 tubes 60g|La boite de 12 tubes 60g|[Origine : FRANCE, Se consomme tel quel., Lait entier, sucre : 43,5%. MatiÈre grasse  : 9%. Extrait sec lactique dÍgraissÍ : 22%, Valeur énergétique en Joules :  1421, Valeur énergétique en Kcal : 337, Glucides : 55,5g, Lipides : 9g, Protides :8,5G, A conserver dans un endroit sec et frais. Une fois entamés, les tubes de conservent 3 semaines au réfrigérateur.]|"
9,65€ / Kg"|"
6,95 €"
1817|Crème aux oeufs, caramel, cuite et dorée au four|Les 4 pots de 100g|[Origine : FRANCE, Découvrez toute l'authenticité de la recette de la crème caramel MONOPRIX, aux oeufs extra frais, cuite et dorée au four. Pour le plus grand plaisir des petits comme des grands, une recette onctueuse au bon goût de caramel., Lait demi écrémé, oeufs extra frais 18%, sucre, caramel 6% (sucre, sirop de glucose-fructose de blé, eau, amidon transformé de pomme de terre, épaississants : pectine,gomme xanthane), arôme vanille. Trace de gluten., Valeur énergétique en Joules :  522Kj, Valeur énergétique en Kcal : 124Kcal, Glucides : 20g, Lipides : 2,7g, Protides :4,8g, A conserver entre 0°C et +6°C.]|"
4,25€ / Kg"|"
1,70 €"
1818|Crème aux oeufs, vanille, au lait entier|Les 4 pots de 100g|[Origine : FRANCE, Pour le plus grand plaisir des petits comme des grands, découvrez la crème aux oeufs saveur vanille MONOPRIX, une délicieuse recette au lait entier, aux oeufs frais et à la crème., Lait entier 53%, sucre, crème 15%, oeufs entiers frais 9.4%, jaune d'oeuf frais 4%, lait écrémé en poudre, amidon transformé de pomme de terre, arôme vanille., Valeur énergétique en Joules :  781Kj, Valeur énergétique en Kcal : 3265Kcal, Glucides : 21g, Lipides : 9,4g, Protides :4,5g, A conserver entre 0°C et +6°C.]|"
4,20€ / Kg"|"
1,68 €"
1819|Crème aux oeufs, vanille sur lit de pommes au caramel|Les 4 pots de 100g|[Origine : FRANCE, Lait entier 44%, sucre, crème 12,6%, pommes 9,5%, oeufs frais 7,8%, sirop de glucose-fructose de blé, jaune d'oeufs frais 3,3%, caramel 1,7% (sucre, eau), poudre de lait écrémé, amidons transformés de pomme de terre et de manioc, arômes, gélifiant: pectine de fruits, correcteurs d'acidité: acide citrique., A conserver entre 0°C et +6°C maximum.]|"
5,65€ / Kg"|"
2,26 €"
1820|Petits pots à la crème chocolat et aux oeufs frais|Les 4 pots de 100g, soit 400g|[Origine : FRANCE, Valeur énergétique en Joules :  649kj, Valeur énergétique en Kcal : 155kcal, Glucides : 20g, Lipides : 6,7g, Protides :3,6g]|"
4,25€ / Kg"|"
1,70 €"
1821|Petits pots à la crème saveur vanille et aux oeufs frais|Les 4 pots de 100g, soit 400g|[Origine : FRANCE, Valeur énergétique en Joules :  577kj, Valeur énergétique en Kcal : 137kcal, Glucides : 20g, Lipides : 4,7g, Protides :3,7g]|"
4,25€ / Kg"|"
1,70 €"
1822|Crème aux oeufs frais, caramel|Les 4 pots de 100g|[Origine : FRANCE, Bonne Maman vous propose sa crème caramel préparée uniquement à partir d'ingrédients traditionnels de qualité., Lait entier frais, oeufs frais (15%), crème fraîche (13%), caramel(10%), sucre., A conserver à +6°C maxi.]|"
6,05€ / Kg"|"
2,42 €"
1823|Crème aux oeufs frais, caramel, cuite et dorée au four|Les 4 pots de 100g|[Origine : FRANCE, Retrouvez tout le savoir-faire de La Laitière dans sa délicieuse recette de crème caramel : des ingrédients de qualité (du lait, des oeufs frais), délicatement posés sur un généreux lit de caramel,le tout cuit au four pour offrir un plaisir onctueuxet gourmand. Une recette généreuse et authentique !, Lait écrémé (59%), oeufs frais (14,5%), sucre, caramel (10%) (eau, sucre), blanc d'oeuf, crème (1,4%), lait écrémé en poudre, amidon modifié, sirop de glucose, arôme vanille, épaississants (pectine, gomme xanthane), correcteur d'acidité : E524. (Traces éventuelles de gluten et de fruits à coque)., Valeur énergétique en Joules :  525Kj, Valeur énergétique en Kcal : 125Kcal, Glucides : 20,5g, Lipides : 2,6g, Protides :4,5g, Conservation à +6°C maximum.]|"
5,38€ / Kg"|"
2,15 €"
1824|Crème aux oeufs frais, vanille|Les 4 pots de 100g|[Origine : FRANCE, Préparée avec des oeufs extra frais, la crème aux oeufs de La Laitière est cuite en deux fois pour lui donner cette texture onctueuse, puis elle est délicatement dorée en surface., Lait demi-écrémé (53%), crème (17,9%), oeufs extra-frais (13,6%), sucre, lait écrémé en poudre, amidon modifié, amidon, arôme vanille, colorant (béta-carotène).  Traces éventuelles de gluten., Valeur énergétique en Joules :  690Kj, Valeur énergétique en Kcal : 165KCal, Glucides : 18,8g, Lipides : 7,9g, Protides :4,6g, A conserver à +6°C max.]|"
5,55€ / Kg"|"
2,22 €"
1825|Crème dessert à la vanille et au lait entier|Les 4 pots de 125g|[Origine : FRANCE, Lait entier 80,9%, sucre, amidon transformé de maïs, crème fraîche 1,9%, lactose et protéines de lait, arôme vanille, gélifiant : carraghénanes, sel, colorant : béta-carotène., Valeur énergétique en Joules :  486Kj, Valeur énergétique en Kcal : 115Kcal, Glucides : 18g, Lipides : 3,4g, Protides :3,2g, A conserver entre 0°C et +6°C.]|"
2,04€ / Kg"|"
1,02 €"
1826|Crème dessert au caramel et lait entier|Les 4 pots de 125g|[Origine : FRANCE, Lait 76.4%, caramel 12.3% (sucre, eau), sucre, crème fraîche 3%, amidon transformé de tapioca, lactose et protéines de lait, arôme, gélifiant : carraghénanes, colorant : E150d, correcteur d'acidité : hydroxyde de sodium., Valeur énergétique en Joules :  494Kj, Valeur énergétique en Kcal : 117Kcal, Glucides : 19g, Lipides : 3,3g, Protides :2,9g, A conserver entre 0°c et +6°C.]|"
2,24€ / Kg"|"
1,12 €"
1827|Crème dessert au chocolat, certifié AB|Les 4 pots de 125g|[Origine : FRANCE, Lait écrémé* 71,6% : sucre de canne*, crème* 9%, cacao en poudre* 3.5%, chocolat* 3% (pâte de cacao*, sucre de canne*, beurre de cacao*, émulsifiant : lécithine de soja), amidon de riz, poudre de lait écrémé*, gélifiant : carraghénanes. *Issu de l'agriculture biologique., Valeur énergétique en Joules :  531kj, Valeur énergétique en Kcal : 126kcal, Glucides : 18g, Lipides : 4,8g, Protides :3,3g, A conserver entre 0°C et +6°C.]|"
3,06€ / Kg"|"
1,53 €"
1828|Crème dessert au chocolat, certifié AB|Les 4 pots de 125g|[Origine : FRANCE, Lait écrémé* 71,6% : sucre de canne*, crème* 9%, cacao en poudre* 3.5%, chocolat* 3% (pâte de cacao*, sucre de canne*, beurre de cacao*, émulsifiant : lécithine de soja), amidon de riz, poudre de lait écrémé*, gélifiant : carraghénanes. *Issu de l'agriculture biologique., Valeur énergétique en Joules :  531kj, Valeur énergétique en Kcal : 126kcal, Glucides : 18g, Lipides : 4,8g, Protides :3,3g, A conserver entre 0°C et +6°C.]|"
3,06€ / Kg"|"
1,53 €"
1829|Crème dessert au chocolat et au lait entier|Les 4 pots de 125g|[Origine : FRANCE, Lait entier 75% , sucre , dextrose de blé, cacao maigre 3% , crème fraîche 3% , lactose , amidon transformé de tapioca ,chocolat 1 % (sucre, pâte de cacao, cacao maigre en poudre, émulsifiant :lécithine de soja) , protéines de lait -gélifiant : E407., Valeur énergétique en Joules :  44Kj, Valeur énergétique en Kcal : 129Kcal, Glucides : 20g, Lipides : 3,9g, Protides :3,5g, A conserver entre 0°C et +6°C]|"
2,04€ / Kg"|"
1,02 €"
1830|Flan, goût vanille nappé de caramel|Les 12 pots de 100g|[Origine : FRANCE, Lait partiellement écrémé 82%, sucre, caramel (sucres, eau, amidon transformé de maïs, épaississants : E440, E415), amidon transformé de maïs, gélifiant : E407, arôme vanille, colorants : E16b, E100., Valeur énergétique en Joules :  380kj, Valeur énergétique en Kcal : 90kcal, Glucides : 18g, Lipides : 0,8g, Protides :2,6g, A conserver entre 0°C et +6°C.]|"
1,70€ / Kg"|"
2,04 €"
1831|Flan, goût vanille nappé de caramel|Les 4 pots de 100g, 400g|[Origine : FRANCE, Lait entier 76%, sucre, caramel 5,9%, (eau, sucre, sirop de glucose, fructose, amidons tranformés de pomme de terre, épaississant: gomme xanthane, gélifiants: pectine, carraghénanes, arôme, colorant, béta, caroténe, correcteur d'acidité: citrates desodium., Valeur énergétique en Joules :  484kj, Valeur énergétique en Kcal : 115kcal, Glucides : 20g, Lipides : 2,8g, Protides :2,5g]|"
2,28€ / Kg"|"
0,91 €"
1832|Flans au lait fermier, cuits au four|La boite de 2 flans, 280g|[Origine : FRANCE, Flan au lait fermier., Lait fermier 65%, oeufs, sucre, amidon de maïs transformé, amidon de maïs, sucre glace, colorant : caroténoïdes, arôme naturel de vanille., Valeur énergétique en Joules :  698kj, Valeur énergétique en Kcal : 165kcal, Glucides : 29g, Lipides : 3,7g, Protides :4g, A conserver entre +2°C et +4°C. Conditionné sous atmosphère protectrice.]|"
10,25€ / Kg"|"
2,87 €"
1833|Crème au chocolat|Les 4 pots de 100g|[Origine : FRANCE]|"
5,90€ / Kg"|"
2,36 €"
1834|Crème dessert à la vanille|Les 4 pots de 100g|[Origine : FRANCE]|"
5,90€ / Kg"|"
2,36 €"
1835|Crème dessert à la vanille|Les 4 pots de 125g|[Origine : FRANCE, CONSERVER A +6 C MAXIMUM]|"
2,98€ / Kg"|"
1,49 €"
1836|Crème dessert au caramel|Les 4 pots de 125g|[Origine : FRANCE, CONSERVER A +6 C MAXIMUM]|"
3,28€ / Kg"|"
1,64 €"
1837|Crème dessert au chocolat|Les 4 pots de 125g|[Origine : FRANCE, CONSERVER A +6 C MAXIMUM]|"
2,98€ / Kg"|"
1,49 €"
1840|Crème dessert au chocolat et biscuits aux 3 chocolats|Les 4 pots de 117g|[Origine : FRANCE, Craquez pour Danette Crousti choco ! De la savoureuse Danette avec ses drôles de biscuits croustillants aux 3 chocolats !, Crème dessert : lait partiellement écrémé et lait écrémé en poudre (80.1%), sucre, chocolat 2% (sucre, pâte de cacao, poudre de cacao maigre, beurre de cacao, émulsifiant : lécithine de soja, arôme : vanilline), épaississants : E1442, E407, cacao maigre, lactose, amidon, crème. Biscuits soufflés : chocolat noir (pâte de cacao, sucre, beurre de cacao, émulsifiant : lécithine de soja, arôme : vanilline), chocolat blanc (sucre, beurre de cacao, lait entier en poudre, émulsifiant : lécithine de soja, arôme : vanilline) et chocolat au lait (sucre, beurre de cacao, lait entier en poudre, pâte de cacao, émulsifiant : lécithine de soja, arôme : vanilline) (60%), farine de blé (24.1%), sucre, malt, amidon de blé, poudre à lever : bicarbonate de sodium, huile de palme, sel, dextrose, agent d'enrobage : E904. Contient : lait, blé, soja. Peut contenir : noisette, amande, pistache, noix., Valeur énergétique en Joules :  616, Valeur énergétique en Kcal : 147,2, Glucides : 24,2, Lipides : 3,7, Protides :4, Conserver à max +6°C.]|"
5,24€ / Kg"|"
2,45 €"
1841|Crème dessert au chocolat noir extra|Les 4 pots de 125g|[Origine : FRANCE, CONSERVER A +6 C MAXIMUM]|"
3,18€ / Kg"|"
1,59 €"
1842|Crème dessert saveur expresso|Les 4 pots de 125g|[Origine : FRANCE, CONSERVER A +6 C MAXIMUM]|"
3,28€ / Kg"|"
1,64 €"
1843|Dessert lacté au chocolat|Les 6 pots de 70g|[Origine : FRANCE, Lait demi-écrémé et lait écrémé en poudre (80,2%), sucre, crème, épaississants : E1442, E407, chocolat 1% (sucre, pâte de cacao, cacao maigre en poudre, émulsifiant : lécithine de soja, arôme : vanilline), cacao maigre, amidon., Valeur énergétique en Joules :  485, Valeur énergétique en Kcal : 115, Glucides : 18,6g, Lipides : 3g, Protides :3,4g, A conserver à +6°C max.]|"
4,40€ / Kg"|"
1,85 €"
1844|Lait emprésuré aromatisé au chocolat|Les 4 pots de 125g, soit 500g|[Origine : FRANCE, Emprésuré au chocolat Malo x4, Lait partiellement écrémé pasteurisé (64,1%), concentré de lait écrémé, sucre (11%), cacao (2,4%), chocolat 1% : pâte de cacao et beurre de cacao, présure, chlorure de calcium.]|"
4,30€ / Kg"|"
2,15 €"
1845|Emprésuré au chocolat noir intense|Les 4 pots de 125g|[Origine : FRANCE, Emprésuré au chocolat intense Malo x4, Lait partiellement écrémé pasteurisé (53,6%), concentré de lait écrémé, sucre (9,2%), cacao (3,8%), chocolat 0,8% : pâte de cacao et beurre de cacao, présure, chlorure de calcium.]|"
4,42€ / Kg"|"
2,21 €"
1846|Crème chocolat banane|Les 2 pots de 150g|[Origine : FRANCE, Température conseillée +6°C.]|"
5,33€ / Kg"|"
1,60 €"
1847|Crème dessert au café|Les 2 pots de 150g|[Origine : FRANCE, A conserver à +6°C maxi.]|"
4,37€ / Kg"|"
1,31 €"
1848|Crème dessert au caramel et beurre salé|Les 2 pots de 150g|[Origine : FRANCE, A conserver à +6°C maxi.]|"
4,80€ / Kg"|"
1,44 €"
1849|Crème dessert au chocolat|Les 2 pots de 150g|[Origine : FRANCE, A conserver à +6°C maxi.]|"
4,80€ / Kg"|"
1,44 €"
1850|Crème dessert au chocolat noir|Les 2 pots de 150g|[Origine : FRANCE, A conserver à 6°C.]|"
5,00€ / Kg"|"
1,50 €"
1851|Dessert lacté à la crème de marrons|Les 2 pots de 150g, soit 300g|[Origine : FRANCE]|"
6,13€ / Kg"|"
1,84 €"
1852|Dessert lacté à la pistache|Les 2 pots de 150g|[Origine : FRANCE, A conserver à +6°C maxi.]|"
5,20€ / Kg"|"
1,56 €"
1853|Yaourt au citron, lemon curd|Les 2 pots de 150g|[Origine : FRANCE]|"
5,07€ / Kg"|"
1,52 €"
1854|Yaourts sucrés ananas passion|Les 2 pots de 150g|[Origine : FRANCE, Yaourt brassé sucré, aux fruits., A conserver à +6°C maxi.]|"
5,07€ / Kg"|"
1,52 €"
1855|Yaourt onctueux à la vanille de Madagascar 100% vrai|Le pot de 1Kg|[Origine : FRANCE, Lait entier, de la créme, une pointe de sucre(7%), des gousses de vanille infusées(1%), des ferments lactiques., Valeur énergétique en Joules :  476kj, Valeur énergétique en Kcal : 114kcal, Glucides : 10,9g, Lipides : 6,5g, Protides :2,9g]|"
4,10€ / Kg"|"
4,10 €"
1856|Yaourt onctueux aux noisettes 100%vrai|Le pot de 500g|[Origine : FRANCE, Les ingrédients de votre vache en pot sont du bon lait entier, de la crème, de la pâte de noisette (8%) (sucre, noisettes torréfiées, huile de noisette), une pointe de sucre (6%), des gousses de vanille infusées, des ferments lactiques. Yaourt concocté en France., Valeur énergétique en Joules :  433,7kj, Valeur énergétique en Kcal : 103,7kcal, Glucides : 9,7g, Lipides : 6,1g, Protides :2,7g, A conserver entre 0 et +6°C. Après ouverture, à conserver jusqu'à 5 jours.]|"
6,16€ / Kg"|"
3,08 €"
1857|Flans vanille nappés de caramel|Les 4 pots de 100g|[Origine : FRANCE, Flanby + de 70% de lait. Pour démouler c'est plus rigolo !, A conserver au frais à max. +6 C]|"
2,55€ / Kg"|"
1,02 €"
1858|Baba au rhum, savarin pur beurre|Les 2 pots de 140g, soit 280g|[Origine : ITALIE, Pâtisserie à la sauce au thum., Sauce au rhum 82,9% (eau, sirop de glucose, sucre, rhum 2,7%, alcool, arôme naturel de rhum, amidon de maïs, épaississant : gomme xanthane, correcteur d'acidité : acide citrique), savarin pur beurre 10% (farine de blé, oeuf, beurre concentré 1,7%, levure, sel, sucre), crème 7,1% (eau, sirop de glucose, poudre de lait écrémé, huile de coco, jaune d'oeuf, sucre, stabilisant : sirop de sorbitol, alcool, inuline, épaississants : carraghénanes, gomme xanthane et gomme guar, émulsifiant : mono- et diglycérides d'acides gras, arôme naturel de rhum). Teneur en alcool : 4%., Valeur énergétique en Joules :  1101kj, Valeur énergétique en Kcal : 261kcal, Glucides : 43g, Lipides : 4,2g, Protides :2,6g, A conserver entre 0°C et +4°C.]|"
6,43€ / Kg"|"
1,80 €"
1859|Cheesecake au citron|La boîte de 2, 160g|[Origine : FRANCE]|"
15,38€ / Kg"|"
2,46 €"
1860|Clafoutis aux cerises, cuit et doré au four|Les 4 pots de 85g|[Origine : FRANCE, Pour le plaisir des petits comme des grands, découvrez et savourez ce clafoutis Monoprix, cuit et doré au four, aux oeufs frais et au lait entier., Lait entier 44,2%, spécialité de cerises 21,2% (cerises 70%, eau, sucre, amidon transformé de mais, arôme, épaississants : E460, E466, conservateur : sorbate de potassium, correcteur d'acidité : citrate trisodique, colorant : E120), oeufs frais 16,1%, sucre, farine de blé, amidon transformé de maïs, arôme, épaississant : gomme xanthane., Valeur énergétique en Joules :  662kj, Valeur énergétique en Kcal : 157kcal, Glucides : 26g, Lipides : 3,5g, Protides :5g, A conserver entre 0°C et +6°C.]|"
6,82€ / Kg"|"
2,32 €"
1861|Coeur fondant au chocolat|Les 2 pots de 90g|[Origine : FRANCE, Tous, les plaisirs du chocolat dans ce dessert aux multiples facettes : un gâteau moelleux exprimant toute la douceur du chocolat avec un coeur coulant aux saveurs de cacao corsé., Oeuf, sucre, chocolat noir 18% (pâte de cacao, sucre, émulsifiant : lécithine de soja, arôme : vanilline), farine de blé, beurre, eau, poudre de cacao 2%., Valeur énergétique en Joules :  1518Kj, Valeur énergétique en Kcal : 6345Kcal, Glucides : 45g, Lipides : 17g, Protides :7,3g, A conserver entre 0°C et +6°C.]|"
15,17€ / Kg"|"
2,73 €"
1862|Crème brûlée, à la vanille bourbon et aux éclats de caramel|Les 2 pots de 100g, soit 200g|[Origine : FRANCE, Préparation pour crème brûlée., Dégustation à froid : répartissez les éclats de caramel sur votre crème et dégustez. Dégustation à chaud : préchauffez le four 5 à 10 minutes en position grill à 270°C ou thermostat 9. Saupoudrez les éclats de caramel sur le dessus de votre dessert.Disposez les pots sous le grill le plus près possible de la source de chaleur. Laissez dorer 5 minutes jusqu'à ce que cela forme une couche de caramel. Avant de déguster votre dessert, laissez-le refroidir quelques minutes, de préférence au réfrigérateur, afin d'obtenir une fine couche craquante de caramel., Préparation pour crème brûlée 96% : crème 68%, oeufs frais 12,5%, sucre, jaune d'oeufs frais 7,5%, arôme naturel de vanille Bourbon. Garniture 4% : éclats de caramel (caramel aromatique (sirop de glucose, sucre))., Valeur énergétique en Joules :  1341kj, Valeur énergétique en Kcal : 323kcal, Glucides : 18g, Lipides : 26g, Protides :4,3g, A conserver entre 0°C et +4°C.]|"
11,30€ / Kg"|"
2,26 €"
1863|Croustillant au chocolat noir, noisettes et amandes|La boîte de 2, 160g|[Origine : FRANCE]|"
16,00€ / Kg"|"
2,56 €"
1864|Iles flottantes aux oeufs frais, avec sachets de caramel|Les 4 pots de 95g|[Origine : FRANCE, Lait partiellement écrémé (à 1,6% de matière grasse), blanc d'oeuf frais 17%, sucre, jaune d'oeuf frais 6,5%, amidon transformé de pomme de terre, arôme vanille, épaississant: gomme xanthane. Garniture caramel: sirop de glucose-fructose, eau., A conserver entre 0°c et +6°C.]|"
5,80€ / Kg"|"
2,32 €"
1865|Panna Cotta et son coulis de framboise|Les 2 pots de 120g|[Origine : FRANCE, Versez le contenu de la dosette de coulis de framboise sur votre Panna Cotta et dégustez bien frais., Crème fraîche 31,7%, spécialité de framboises 20,8% (framboises 50%, eau, sucre, amidon de maïs, correcteur d'acidité : acide citrique, gélifiant : pectine de fruits, arômes, extrait de sureau, conservateur : sorbate de potassium, antioxygène : acideascorbique), eau, sirop de glucose, lait écrémé en poudre, sucre, huile de coco, alcool, épaississants : carraghénanes et alginate de sodium, émulsifiant : mono-et diglycérides d'acides gras, arôme. Teneur en alcool : 1,1%., Valeur énergétique en Joules :  948kj, Valeur énergétique en Kcal : 227kcal, Glucides : 25g, Lipides : 13g, Protides :2,8g, A conserver entre 0°C et +4°C.]|"
8,54€ / Kg"|"
2,05 €"
1866|Profiteroles au chocolat|Les 2 pots de 90g|[Origine : FRANCE, Choux fourrés nappés de sauce au chocolat., Sauce chocolat 57,8% (eau, sirop de glucose, lait entier, crème fraîche, lait écrémé en poudre, chocolat en poudre 4,4% (sucre, cacao en poudre), jaune d'oeuf, huile de coco raffinée, sucre, cacao maigre, stabilisant : sirop de sorbitol, alcool, chocolat 0,7% (pâte de cacao, sucre, cacao maigre, beurre de cacao, émulsifiant : lécithine de soja, gousses de vanille), épaississants : carraghénanes, gomme xanthane, farine de graines de guar, émulsifiant : mono- et diglycérides d'acides gras, amidonde maïs). Fourrage des choux 35,5% (eau, sirop de glucose, lait entier, lait écrémé en poudre, jaune d'oeuf, sucre, huile de coco raffinée, stabilisant : sirop de sorbitol, alcool, caramel (sucre, eau), amidon de maïs, épaississants : carraghénanes,gomme xanthane, farine de graines de caroube, émulsifiant : mono- et diglycérides d'acides gras, arôme). Choux 6,7% (oeufs, farine de blé, huile de coco raffinée, sel, poudre à lever : carbonate acide d'ammonium). Tous les % sont exprimés sur le produit fini. Teneur en alcool : 1,2%. Traces de fruits à coque., Valeur énergétique en Joules :  1096kj, Valeur énergétique en Kcal : 262kcal, Glucides : 30g, Lipides : 12g, Protides :6,3g, A conserver entre 0°C et +4°C.]|"
9,22€ / Kg"|"
1,66 €"
1867|Tartelette caramel au beurre demi-sel AOP d'Isigny|Les 2 pots de 80g, soit 160g|[Origine : FRANCE, Dessert pâtissier au caramel au beurre demi-sel AOP d'Isigny sur une pâte croustillante (11%)., Se consomme froid. Enlevez l'opercule, retirez la tartelette du pot, placez-la sur un support adapté, enlevez le papier., Mousse aromatisée au caramel sur une pâte croustillante 69% : sucre, blanc d'oeuf, huile de tournesol, chocolat blanc (sucre, poudre de lait entier, beurre de cacao, émulsifiant : lécithines de soja, arôme naturel de vanille), farine de blé, lait entier, poudre de lait entier, oeuf entier, amidon de pomme de terre, beurre, lactosérum en poudre, amidon transformé de pomme de terre, beurre concentré, beurre de cacao, émulsifiant : lécithines de soja, poudres à lever : carbonates de sodium et diphosphates, arôme naturel, sel. Préparation au caramel 31% : caramel au beurre demi-sel AOP d'Isigny 12% (sirop de glucose-fructose, lait concentré sucré, beurre demi-sel AOP d'Isigny 2,1%, sucre, sel, eau), lait entier, amidon de pomme de terre, oeuf entier, farine de blé, sucre, caramel 0,09% (sucre, eau), arôme naturel, sel., Valeur énergétique en Joules :  1666kj, Valeur énergétique en Kcal : 398kcal, Glucides : 47g, Lipides : 21g, Protides :5,3g, A conserver entre 0°C et +6°C.]|"
16,69€ / Kg"|"
2,67 €"
1868|Tiramisu à la framboise|Les 2 pots de 100g|[Origine : ITALIE, Spécialité de framboises 30% (framboises 50%, eau, sucre, amidon de maïs, correcteur d'acidité : acide citrique, gélifiant : pectine de fruits, arômes, extrait de sureau, conservateur : sorbate de potassium, antioxygène : acide ascorbique), eau, sirop de glucose, génoise 12% (oeufs frais, farine de blé, sucre, fécule de pommes de terre, sucre glace (sucre, amidon de blé), émulsifiant : mono- et diglycérides d'acides gras, poudres à lever : diphosphate disodique et carbonate acide de sodium, arômes), mascarpone 9.3% (crème fraîche, lait entier, correcteur d'acidité : acide lactique), lait écrémé en poudre, sucre, jaune d'oeuf, alcool éthylique, vin marsala 0.7%, cacao en poudre 0.5%, caramel (sucre, eau), gélatine de porc, émulsifiant : mono- et diglycérides d'acides gras, amidon de maïs, arômes, épaississant : gomme xanthane, correcteur d'acidité : acide citrique. Teneur en alcool : 0.9%., Valeur énergétique en Joules :  843Kj, Valeur énergétique en Kcal : 200Kcal, Glucides : 33g, Lipides : 5,6g, Protides :3,5g, A conserver entre 0°C et +4°C.]|"
10,75€ / Kg"|"
2,15 €"
1869|Tiramisu au mascarpone|Les 2 pots de 80g, soit 160g|[Origine : ITALIE, Eau, sirop de glucose de maïs, sucre, génoise 10% (farine de blé, sucre, oeuf, sirop de glucose-fructose de blé, huile végétale de palme, poudres à lever : E450, E500, fécule de pomme de terre, émulsifiant : mono- et diglycérides d'acides gras, protéines de lait, sel, arômes), huile végétale de coco, lait écrémé en poudre, mascarpone 4.6% (crème, lait, acidifiant : acide lactique), alcool, marsala 2.3%, jaune d'oeuf, saupoudrage au cacao 1.2% (cacao en poudre, dextrose de maïs, amidon de blé, sucre, huile végétale de palme), épaississants : carraghénanes et gomme xanthane, café soluble 0.5%, arômes, émulsifiant : mono- et diglycérides d'acides gras, sel. Teneur en alcool : 2.4%., Valeur énergétique en Joules :  1150kj, Valeur énergétique en Kcal : 274kcal, Glucides : 37g, Lipides : 12g, Protides :3,4g, A conserver entre 0°C et +8°C.]|"
11,13€ / Kg"|"
1,78 €"
1870|Tiramisu au speculoos|Les 2 pots de 100g|[Origine : FRANCE]|"
11,75€ / Kg"|"
2,35 €"
1871|Assortiment de petits macarons, chocolat, framboise, vanille, pistache, café et citron|La boîte de 12 macarons, 144g|[Origine : FRANCE, Chocolat blanc, chocolat noir, chocolat framboise, chocolat gianduja, chocolat orange et chocolat au lait.]|"
56,53€ / Pce"|"
8,14 €"
1872|Assortiment de petits macarons au chocolat|La boîte de 12 macarons, 144g|[Origine : FRANCE]|"
56,53€ / Pce"|"
8,14 €"
1873|Baba au rhum à la crème vanillée|Les 2 pots de 140g, soit 280g|[Origine : FRANCE, Eau, sucre, farine de blé, crème fraîche (9%), rhum à 54° (6,6%), oeufs frais, miel, sucre inverti, poudre à lever (pyrophosphate de sodium, carbonate acide de sodium), sel, gélifiant : pectine de fruits, extrait naturel de vanille., A conserver à +6°C maxi.]|"
7,89€ / Kg"|"
2,21 €"
1874|Coeur fondant au chocolat|La boite de 2 pièces, 160g|[Origine : FRANCE, Gâteau au chocolat au coeur fondant au chocolat., Pour une préparation rapide, sortez le Coeur Fondant de son sachet transparent, et réchauffez-le dans votre micro-ondes 15 secondes à 900 Watts (pleine puissance). Pour réchauffer plusieurs desserts, multipliez alors ce temps par le nombre de produits à déguster. Pour une préparation optimale, nous vous suggérons de réchauffer le coeur fondant dans votre four traditionnel pendant 10 minutes à 180°C (th 6)., A conserver à +6°C maxi jusqu'à la date indiquée sur la boîte.]|"
17,31€ / Kg"|"
2,77 €"
1875|Pommes tatin, dessert pâtissier|Les 2 pots de 125g|[Origine : FRANCE, Bonne Maman vous propose son dessert Pommes Tatin préparé uniquement à partir d'ingrédients traditionnels de qualité. Dégustez ce délicieux dessert Pommes Tatin et retrouvez ce que vous avez toujours aimé., Ce dessert se déguste traditionnellement tiède. Au four micro-ondes : retirez l'opercule, réchauffez chaque pot 20 secondes à 500W (puissance moyenne). Au four traditionnel : Préchauffez le four à 180°C, retirez l'opercule et passez le pot 5 minutesau four. Démoulez, ajoutez si vous le souhaitez une cuillère de crème fraîche puis régalez-vous !  Micro-ondes. Four., Pommes (55%), caramel, beurre, eau, farine, sucre, oeufs frais, pectine, sel., A conserver à +6°C maxi.]|"
9,28€ / Kg"|"
2,32 €"
1876|Recette dessert au fraisier|Les 2 pots de 100g|[Origine : FRANCE, Bonne Maman vous propose son fraisier préparé uniquement à partir d'ingrédients traditionnels de qualité., A conserver à +6°C maxi.]|"
11,20€ / Kg"|"
2,24 €"
1877|Recette dessert au moka|Les 2 pots de 100g|[Origine : FRANCE, Bonne Maman vous propose son moka préparé à partir d'ingrédients traditionnels de qualité., Lait entier frais, crème fraîche, sucre, eau, oeufs frais, farine de blé, beurre, fécule de maïs,  extraits et  arôme naturel de café (1,5%), épaississants : pectine de fruits, fécule de pomme de terre, poudre à lever (pyrophosphate acide de sodium,carbonate acide de sodium)., A conserver à +6°C maxi.]|"
11,50€ / Kg"|"
2,30 €"
1878|Tarte au citron meringuée|les 2 portions de 90g, soit 180g|[Origine : FRANCE, Bonne Maman vous propose sa tarte au citron meringuée, plus fruitée, préparée uniquement à partir d'ingrédients traditionnels de qualité., OEufs frais, sucre, eau, jus de citron 10%, lait entier frais, farine de blé, sirop de sucre inverti, crème fraîche, beurre, épaississants (fécule de maïs, pectine de fruits), arôme naturel de citron, sel., A conserver à +6°C maxi.]|"
12,72€ / Kg"|"
2,29 €"
1879|Cheesecakes, zestés au citron|Le paquet de 2, 180g|[Origine : ROYAUME UNI, Préparées avec des citrons juteux directement venus d'Espagne, ces petites beautés zestées font du bien aux zygomatiques. Un véritable délice citronné très Früit-Früit, posé au-dessus de son biscuit croquant et délicatement lové dans un ramequin en verre., Servir frais. Convient aux végétariens. Manipuler les ramequins avec précaution., Garder au réfrigérateur. Ce produit a été congelé. Servir frais.]|"
22,28€ / Kg"|"
4,01 €"
1880|Cheesecakes au spéculoos|La boite de 2 pièces, 160g|[Origine : FRANCE, Avec une base de biscuits spéculoos et un cheesecake ultra-crémeux à la vanille de Madagascar., Convient au végétarien. Servir frais. Manipuler les ramequins avec précaution., Garder au réfrigérateur entre 0°C et 6°C. Ce produit a pu être congelé, ne pas recongeler.]|"
25,06€ / Kg"|"
4,01 €"
1882|Moelleux au chocolat|Les 2 pots de 65g|[Origine : ROYAUME UNI, Gü, expérience chocolat extrême. Plongez votre cuillère au coeur de son chocolat fondant et laissez fondre sur vous l'irrésistible envie de recommencer. Cuits au four traditionnel, servez chaud... vous allez être soufflé !, Otez l'emballage et l'opercule. Cuire au four pour un résultat optimal. Au four : ôtez le moelleux du réfrigérateur et laissez reposer à température ambiante pendant 1 heure avant la cuisson. Placez les ramequins sur la grille du four préchauffé à 140°C (th 4/5). Faire cuire pendant 10 à 15 minutes. Le moelleux est prêt quand il commence à monter et qu'une croûte se forme sur le dessus. Au micro-ondes : uniquement si vous êtes pressés car la cuisson donne un résultat très différent ! Assurez-vous que l'opercule est bien enlevé. Cuisez un moelleux à la fois, 35 secondes à 650W ou 25 secondes à 800W. Ces indications sont données à titre indicatif, elles peuvent varier selon les appareils de cuisson. Servir bien chaud. Convient aux végétariens. Attention : les ramequins peuvent être très chauds après cuisson. Manipuler les ramequins avec précaution., Garder au réfrigérateur. Ce produit a été congelé. Servir frais.]|"
31,62€ / Kg"|"
4,11 €"
1883|Cheesecakes aux fruits rouges|Les 2 pots de 100g, soit 200g|[Origine : FRANCE, Une pâtisserie à base de fromage blanc sur un délicieux biscuit, rehaussée d'un nappage de fruits rouges aux notes de groseilles, framboises, fraises et cerises., A conserver à +6°C maxi.]|"
11,30€ / Kg"|"
2,26 €"
1884|Cheese cake caramel au beurre salé|Le pot de 120g|[Origine : FRANCE, A conserver à +6°C maxi.]|"
18,83€ / Kg"|"
2,26 €"
1885|Clafoutis cerise griottes|Le pot de 130g|[Origine : FRANCE, A consommer de préférence à température ambiante., A conserver à +6°C maxi.]|"
15,46€ / Kg"|"
2,01 €"
1886|Crumble pommes caramelisees façon Tatin|Le pot de 130g|[Origine : FRANCE, Retirez l'emballage et l'opercule, placez la verrine quelques minutes dans votre four préalablement chauffé, laissez tiédir puis dégustez !, A conserver à +6°C maxi.]|"
15,46€ / Kg"|"
2,01 €"
1887|Moelleux à la pistache coeur chocolat|Le pot de 100g|[Origine : FRANCE, Lait entier Breton, OEufs, sucre, poudre d'amandes blanches, beurre salÍ, farine de blÍ, pate de pistache pure, chocolat, crÈme fraÓche, extrait naturel de pistache,]|"
20,40€ / Kg"|"
2,04 €"
1888|L'incroyable riz au lait à la vanille de Madagascar|Le pot de 400g|[Origine : FRANCE, Lait entier 59%, crÈme, riz de Camargues 11%, sucre de canne, sucre vanillÍ (sucre de canne, gousse de vanille de Madagascar 0,3%)., Valeur énergétique en Joules :  765, Valeur énergétique en Kcal : 183, Glucides : 22, Lipides : 9.1, Protides :3.2]|"
12,08€ / Kg"|"
4,83 €"
1889|Amandine aux poires|Les 4 pots de 85g|[Origine : FRANCE, Valeur énergétique en Joules :  977kj, Valeur énergétique en Kcal : 232kcal, Glucides : 34,8g, Lipides : 7,8g, Protides :4,9g]|"
9,97€ / Kg"|"
3,39 €"
1890|Petits clafoutis aux cerises|Les 4 pots de 85g|[Origine : FRANCE, Des cerises savoureuses mélangées à des ingrédients de qualité (lait entier, oeufs frais, de la crème), le tout délicatement doré au four pour vous offrir une texture moelleuse et fondante unique., Ces pots étant en aluminium, ne pas réchauffer au micro-ondes., Lait entier (25%), cerises (18,8%) (cerises, purée de cerises reconstituée), oeufs (15,8%), crème (13%), sucre, amidon modifié de maïs, farine de blé, blanc d'oeufs, poudre de lait écrémé, arômes., Valeur énergétique en Joules :  824kj, Valeur énergétique en Kcal : 197kcal, Glucides : 22,6g, Lipides : 9,6g, Protides :4,9g, A conserver à +6°C maximum.]|"
9,97€ / Kg"|"
3,39 €"
1891|Profiteroles au chocolat|Les 4 pots de 90g, soit 360g|[Origine : FRANCE, Recette gourmande de profiteroles : des petits choux délicatement cuits au four et fourrées d'une onctueuse crème saveur vanille, puis nappés d'une généreuse sauce au chocolat !, Sauce au chocolat (56%) : lait écrémé (33,7%), chocolat en poudre (7,3%) (sucre, poudre de cacao), sucre, eau, crème (2,5%), poudre de lait écrémé, lactose, chocolat noir (sucre, pâte de cacao, beurre de cacao, émulsifiant (lécithine de soja), arôme), amidon modifié de maïs, épaississants (carraghénanes, gomme xanthane), arôme, correcteur d'acidité (E524). Crème dessert saveur vanille (33,3%) : lait écrémé (19,3%), sucre, eau, crème (2,1%), alcool (1,3%), poudre de lait écrémé, lactose, amidon modifié de maïs, arôme vanille, épaississants (carraghénanes, gomme xanthane), colorant (bêta-carotène), correcteur d'acidité (E524). Choux frais (10,7%) : eau, oeufs, farine de blé, blanc d'oeufs, sel, huile végétale. Traces éventuelles de fruits à coque., Valeur énergétique en Joules :  925kj, Valeur énergétique en Kcal : 220kcal, Glucides : 28,8g, Lipides : 9,1g, Protides :5,8g]|"
10,17€ / Kg"|"
3,66 €"
1892|Carré fondant au chocolat et crème anglaise|Les 2 pots de 110g, soit 220g|[Origine : FRANCE, Fondant : Lait écrémé, Crème, Sucre, Chocolat noir (pâte de cacao, sucre), Jaune d'oeufs frais, Beurre, Cacao, OEufs frais, Fibres d'agrumes - Crème anglaise : Lait entier, Sucre, Jaune d'oeufs frais, Amidon, Blanc d'oeufs frais, Amidon, Blanc d'oeufs frais, Arôme naturel de vanille Bourbon, Fécule de manioc, Graines de vanille épuisées]|"
11,00€ / Kg"|"
2,42 €"
1893|Cr}me brûl{e @ la vaniile Bourbon|Le Pack de 2 pots 200h|[Origine : FRANCE, Encore plus gourmande avec son sachet d'éclats de caramel. Crème brûlée authentique à la vanille Bourbon, préparée par Rians avec des ingrédients simples, gourmands et 100% naturels.Laissez-vous surprendre par le caramel craquant associé à notre crème onctueuse à la vanille Bourbon., Facile et rapide à préparer ! Délicieuse à chaude comme à froid ! A froid : saupoudrez vos crèmes d'éclats de caramel et régalez- vous ! A chaud : préchauffez votre four position gril porte entrouverte. Saupoudrez vos crèmes d'éclats de caramel. Placez vos desserts au plus près de la résistance et laissez dorer pendant 1 minute 30. Avant de déguster, laisser refroidir 2 minutes pour obtenir une fine couche craquante de caramel prête à être cassée à la cuillère., Crème 96g : Crème pasteurisée (74,6%), OEufs frais (11,6%), sucre, jaunes d'oeufs frais, arôma naturel de vanille Bourbon (0,7%), graines de vanille épuisées Garniture 4g : éclats de caramel (sirop de glucose, sucre), A conserver entre +0°C et + 6°C.]|"
11,30€ / Kg"|"
2,26 €"
1894|Panna Cotta avec coulis au cinq fruits rouges|Les 2 pots de 120g, soit 240g|[Origine : FRANCE, La Panna Cotta avec son coulis aux 5 fruits rouges Rians : un dessert gourmand & raffiné. Retrouvez tout le bon goût des Fruits rouges avec ce coulis préparé par nos soins, associé à notre Panna Cotta ferme et fondante., Séparez le couvercle du pot. Enlevez l'opercule du couvercle et nappez la Panna Cotta avec le coulis., Panna Cotta 100 g : Crème pasteurisé (57%), lait écrémé pasteurisé, sucre, gélifiant : gélatine de boeuf, arôma naturel de vanille Coulis au 5 Fruits rouges 20 g : purée de fruits rouges (83%)  (fraise, framboise, groseille, mûre, griotte), sucre, A conserver entre 0°C et +6°C.]|"
10,96€ / Kg"|"
2,63 €"
1895|Panna Cotta avec sa confiture de lait|Les 2 pots de 120g, soit 240g|[Origine : FRANCE, La Panna Cotta avec sa confiture de lait Rians : un dessert gourmand & raffiné. Retrouvez tout le bon goût du caramel au lait préparé par nos soins, associé à notre Panna Cotta ferme & fondante., Séparez le couvercle du pot. Enlevez l'opercule du couvercle et nappez la Panna Cotta avec le coulis., Panna Cotta 100 g : Crème pasteurisé (57%), lait écrémé pasteurisé, sucre, gélifiant : gélatine de boeuf, arôma naturel de vanille Coulis de confiture de lait 20 g : purée de fruits rouges (83%)  (fraise, framboise, groseille, mûre, griotte), sucre, A conserver entre 0°C et +6°C.]|"
10,96€ / Kg"|"
2,63 €"
1896|Fondant au marron|Le 2 portions de 90g|[Origine : FRANCE]|"
12,28€ / Kg"|"
2,21 €"
1897|L'Île flottante aux oeufs frais battus en neige|Les 4 pots de 100g, 400g|[Origine : FRANCE, Une vanille d'excellente qualité (vanille naturelle de Madagascar) et des blancs d'oeufs frais, montés en neige dans nos ateliers pour une consistance aérienne à souhait., A conserver à +6°C maxi.]|"
7,45€ / Kg"|"
2,98 €"
1898|Gâteau de riz au lait et au caramel|Les 4 pots de 100g, soit 400g|[Origine : FRANCE, Découvrez toute l'authenticité de la recette du gâteau de riz au caramel Monoprix, au lait entier, aux oeufs extra frais et doré au four. Pour le plus grand plaisir des petits comme des grands, une recette onctueuse au bon goût de caramel., Lait entier, sucre 10%, riz rond10%, oeufs extra frais 6.8%, caramel 6% (sucre, sirop de glucose-fructose de blé, eau, amidon transformé de pomme de terre, épaississants : pectine et gomme de xanthane), crème, arôme, amidon de riz, sel., Valeur énergétique en Joules :  638Kj, Valeur énergétique en Kcal : 151kcal, Glucides : 26g, Lipides : 3,5g, Protides :3,9g, A conserver entre 0°C et +6°C.]|"
4,20€ / Kg"|"
1,68 €"
1899|Gâteau de semoule aux raisins à l'Armagnac|Les 4 pots de 100g, soit 400g|[Origine : FRANCE, Gâteau de semoule aux raisins, à l'Armagnac, nappé de caramel, aux oeufs frais, doré au four., Lait entier 65,6%, sucre, oeufs extra-frais 7,4%, caramel 6% (sucre, sirop de glucose-fructose, eau), semoule de blé dur 5,5%, raisins à l'Armagnac 2,8% (raisins de Corinthe, armagnac, gélifiant : gomme xanthane, huile de colza), arôme vanille, amidon de blé, amidon transformé de pomme de terre, épaississants : gomme xanthane et pectine de fruits. Teneur en alcool : 0,3%. Elaboré en France., Valeur énergétique en Joules :  595kj, Valeur énergétique en Kcal : 141kcal, Glucides : 25g, Lipides : 2,9g, Protides :3,9g, A conserver entre 0°C et +6°C.]|"
4,50€ / Kg"|"
1,80 €"
1900|Riz au lait, produit issu de l'agriculture biologique|Les 4 pots de 100g|[Origine : FRANCE, Lait entier*76,7%-riz rond* 10,3%-sucre de canne*8,3%-amidon de riz-sel        *issu de l'agriculture biologique, Valeur énergétique en Joules :  495kj, Valeur énergétique en Kcal : 117kcal, Glucides : 21g, Lipides : 2,2g, Protides :3,2g]|"
4,50€ / Kg"|"
1,80 €"
1901|Riz au lait, produit issu de l'agriculture biologique|Les 4 pots de 100g|[Origine : FRANCE, Lait entier*76,7%-riz rond* 10,3%-sucre de canne*8,3%-amidon de riz-sel        *issu de l'agriculture biologique, Valeur énergétique en Joules :  495kj, Valeur énergétique en Kcal : 117kcal, Glucides : 21g, Lipides : 2,2g, Protides :3,2g]|"
4,50€ / Kg"|"
1,80 €"
1902|Riz au lait et à la vanille|Les 4 pots de 100g|[Origine : FRANCE, Lait entier 79%, riz long blanc de Camargue 10%, sucre, amidon de riz, arôme vanille, sel, colorant : bêta carotène. Traces de gluten., Valeur énergétique en Joules :  523, Valeur énergétique en Kcal : 124, Glucides : 21,6g, Lipides : 2,7g, Protides :3,3g, A conserver entre 0°C et +6°C.]|"
3,15€ / Kg"|"
1,26 €"
1903|Riz au lait façon grand-mère|Les 2 pots de 140g|[Origine : FRANCE, Héritage de nos grands-mères , le riz au lait Monoprix Gourmet a été fabriqué dans le plus grand respect de leur recette. D'un réel savoir-faire conjugué à une lente cuisson résulte ce riz au lait à la saveur sans pareille et à la texture crémeuse., Lait 82% , riz 8,6% , sucre , protéines de lait ., Valeur énergétique en Joules :  541Kj, Valeur énergétique en Kcal : 128Kcal, Glucides : 20g, Lipides : 3,5g, Protides :4,2g, A conserver entre 0°C et +6°C]|"
6,79€ / Kg"|"
1,90 €"
1904|Semoule au lait et à la vanille|Les 4 pots de 95g|[Origine : FRANCE, Découvrez l'onctuosité de la semoule au lait entier saveur vanille MONOPRIX, pour le plaisir des petits, comme des grands !, Lait entier 78% , sucre 10,2% ,semoule de blé dur 5,5% ,crème , amidon de riz, arôme,colorants : curcumine, rocou., Valeur énergétique en Joules :  540Kj, Valeur énergétique en Kcal : 128Kcal, Glucides : 19g, Lipides : 4,3g, Protides :3,4g, A conserver entre 0°C et +6°C]|"
3,89€ / Kg"|"
1,48 €"
1905|Semoule au lait façon grand-mère|Les 2 pots de 140g|[Origine : FRANCE, Héritage de nos grands-mères , la semoule  au lait Monoprix Gourmet a été fabriqué dans le plus grand respect de leur recette. D'un réel savoir-faire conjugué à une lente cuisson résulte ce riz au lait à la saveur sans pareille et à la texture crémeuse., Lait 84,8% , sucre , semoule de blé dur 5,8% , protéines de lait ., Valeur énergétique en Joules :  494Kj, Valeur énergétique en Kcal : 117Kcal, Glucides : 17g, Lipides : 3,6g, Protides :4,2g, A conserver entre 0°C et +6°C.]|"
6,79€ / Kg"|"
1,90 €"
1906|Semoule au lait et à la vanille naturelle|Les 4 pots de 100g|[Origine : FRANCE, Bonne Maman vous propose sa semoule au lait à la vanille naturelle préparée uniquement à partir d'ingrédients traditionnels de qualité.Bonne Maman vous propose sa Semoule au Lait préparée à partir d'ingrédients traditionnels de qualité. Dégustez cette délicieuse Semoule au Lait et retrouvez ce que vous avez toujours aimé., Lait entier frais (66%), crème fraîche, oeufs frais, sucre inverti, semoule de blé (5%), sucre, extrait naturel de vanille., A conserver à +6°C maxi.]|"
5,40€ / Kg"|"
2,16 €"
1907|Riz au lait, au rhum des îles et aux raisins|Les 2 pots de 160g, soit 320g|[Origine : FRANCE, Conservation à +6°C maxi.]|"
9,63€ / Kg"|"
3,08 €"
1908|Riz au lait, au riz de Camargue|Les 2 pots de 160g, soit 320g|[Origine : FRANCE, Lait entier (66%), crème, riz de Camargue (11%), sucre. Fabriqué dans un atelier utilisant des fruits à coques et du gluten., A conserver à +6°C.]|"
7,59€ / Kg"|"
2,43 €"
1909|L'incroyable riz au lait à la vanille de Madagascar|Le pot de 400g|[Origine : FRANCE, Lait entier 59%, crÈme, riz de Camargues 11%, sucre de canne, sucre vanillÍ (sucre de canne, gousse de vanille de Madagascar 0,3%)., Valeur énergétique en Joules :  765, Valeur énergétique en Kcal : 183, Glucides : 22, Lipides : 9.1, Protides :3.2]|"
12,08€ / Kg"|"
4,83 €"
1910|Gâteau de riz au caramel|Le pot de 500g|[Origine : FRANCE, Lait entier (48,5%), riz précuit (31%), sucre, caramel : 5,7%(sucre, eau),oeufs (4,9%), épaississants (amidon modifié, pectine, gomme xanthane), arôme, traces éventuelles de gluten., Valeur énergétique en Joules :  131Kj, Valeur énergétique en Kcal : 55Kcal, Glucides : 25g, Lipides : 2,2g, Protides :2,9g, A conserver a +6°C maximun]|"
5,12€ / Kg"|"
2,56 €"
1911|Gâteau de riz sur lit de caramel doré au four|Le paquet de 4 pots de 100g|[Origine : FRANCE, Des recettes simples et généreuses !Ce délicieux gâteau de riz de la Laitière a été préparé avec des ingrédients de qualité (du lait, des oeufs extra frais, du riz et du caramel) puis doré au four pour vous offrir un plaisir gourmand unique., Lait demi-écrémé (69%), sucre, riz (9,4%), caramel : 5,8% (sucre, sirop de glucose-fructose caramélisé, eau), oeufs extra-frais (4,7%), arôme vanille, colorant : béta-carotène, épaississants : amidon, amidon modifié, pectine, gomme xanthane. (Traceséventuelles de gluten)., Conserver à max + 6° C.]|"
7,03€ / Kg"|"
2,81 €"
1912|Gâteau de semoule aux raisins sur lit de caramel|Les 4 pots de 100g|[Origine : FRANCE, Ce délicieux gâteau de semoule de La Laitière a été préparé avec des ingrédients de qualité (du lait, des oeufs extra frais, de la semoule sélectionnée et du caramel) puis doré au four pour vous offrir un plaisir gourmand unique., Lait demi-écrémé (65%), sucre, caramel : 6% (sucre, sirop de glucose-fructose caramélisé, eau), raisins macérées dans l'Armagnac 5%, semoule de blé dur (5%), oeufs extra-frais (4,5%), arôme vanille, colorant : béta-carotène, épaississants : amidon modifié, pectine, gomme xanthane., Conserver à max. +6°C.]|"
7,20€ / Kg"|"
2,88 €"
1913|Riz au lait, vanille, au lait entier|Le pot de 500g|[Origine : FRANCE, Lait entier (61%), sirop de saccharose-glucose (sucre, sirop de glucose), eau, riz (10%), stabilisants (carraghénanes, gomme xanthane, farine de graines de caroube), sel, arôme vanille, colorant (rocou)., Valeur énergétique en Joules :  543, Valeur énergétique en Kcal : 129,7, Glucides : 21,8, Lipides : 3,4, Protides :2,6, Conservation à + 6°c maximum.]|"
4,24€ / Kg"|"
2,12 €"
1914|Riz au lait au raisins et au rhum|Les 4 pots de 115g|[Origine : FRANCE, Lait entier (53,8%), eau, sucre, riz (9,4%), sirop de saccharose-glucose (eau, sucre, sirop de glucose), crème, raisins macérés dans du rhum (2,5%), sirop de glucose-fructose, rhum, amidon de riz, amidon modifié, stabilisants (carraghénanes, gomme xanthane, farine de graines de caroube), sel, correcteur d'acidité (E340ii), émulsifiant (E471), arôme, colorants (caramel, rocou)., Valeur énergétique en Joules :  136Kj, Valeur énergétique en Kcal : 577Kcal, Glucides : 24,5g, Lipides : 3g, Protides :2,5g, A conserver à +6°C max.]|"
4,46€ / Kg"|"
2,05 €"
1915|Riz au lait et à la vanille|Les 4 pots de 115g|[Origine : FRANCE, A conserver au frais à max. +6 C]|"
3,85€ / Kg"|"
1,77 €"
1916|Semoule au lait et à la vanille|Les 4 pots de 115g|[Origine : FRANCE, Lait entier (64%), eau, sucre, semoule de blé dur (6.5%), sirop de glucose, crème (3%), amidon, émulsifiant (E471), stabilisants (Carraghénanes, Gomme xanthane, farine de graines de caroube), sel, arôme vanille, colorant (Rocou)., Valeur énergétique en Joules :  118kj, Valeur énergétique en Kcal : 498kcal, Glucides : 18g, Lipides : 3,7g, Protides :3,1g, Conservation entre 0 et +6°C]|"
4,07€ / Kg"|"
1,87 €"
1917|Fleur de mousse au café sur lit de crème au café|Les 2 pots de 125g|[Origine : FRANCE, Deux textures , une seule et même saveur : le café. La légèreté et la subtilité de la mousse au café se marient harmonieusement avec la ganache au café , puissante et corsé., Crème 74,9% , chocolat blanc (sucre , beurre de cacao , lait entier en poudre , émulsifiant : lécithine de soja , arôme : vanilline) , extrait liquide de café 4% , sirop de glucose de blé , blanc d'oeuf en poudre .Mousse 75% . Ganache 25%., A conserver entre0°C et +6°C.]|"
12,16€ / L"|"
3,04 €"
1918|Fleur de mousse au chocolat sur ganache|Les 2 pots de 140g|[Origine : FRANCE, Deux texture , une seule et même saveur : le chocolat. La légèreté et la subtilité de la mousse au chocolat se marient harmonieusement avec la ganache au chocolat intense., Crème 74% , chocolat noir 19,7% (pâte de cacao , sucre , émulsifiant : lécithine de soja , arôme : vanilline) , oeufs , sucre , poudre de cacao 1,2% , sirop de glucose de blé , blancs d'oeufs en poudre . Mousse 75%. Ganache 25%., Valeur énergétique en Joules :  1601Kj, Valeur énergétique en Kcal : 386Kcal, Glucides : 20, Lipides : 32, Protides :4,5, A conserver au frais entre 0°C et +6°C.]|"
12,16€ / L"|"
3,04 €"
1919|Gourmandises viennoises au café|Les 4 pots de 100g|[Origine : FRANCE, Pour le plaisir des petits comme des grands, découvrez les gourmandises viennoises saveur café MONOPRIX, une alliance réussie entre l'onctueuse crème fouettée et le dessert lacté saveur café., Lait partiellement écrémé , crème légère à 26 % de MC , sucre , amidon transformé de pomme de terre , arôme naturel de café (colorant : El50b , conservateur E211 ),gélifiant : carraghénanes , protéines de lait ,arôme vanille , émulsitiant : esters lactiques des mono et diglycérides d'acide gras  ,épaississant: gommexanthane., Valeur énergétique en Joules :  511Kj, Valeur énergétique en Kcal : 122Kcal, Glucides : 17g, Lipides : 4,9g, Protides :2,4g, A conserver entre 0°C et +6°C]|"
2,88€ / Kg"|"
1,15 €"
1920|Gourmandises viennoises au chocolat|Les 4 pots de 100g|[Origine : FRANCE, Gourmandises viennoises saveur chocolat Monoprix, une alliance réussie entre l'onctueuse crème fouettée et le dessert lacté saveur chocolat., Lait écrémé, crème légère à 26% de MG, sucre, cacao et cacao maigre en poudre 2.4 %, amidon transformé de pomme de terre, chocolat en poudre 0.7 %(sucre, pâte de cacao), gélifiant : carraghénanes, protéines de lait, arôme vanille, émulsifiant : esters lactiques des mono et diglycérides d'acide gras, épaississant : gomme xanthane., Valeur énergétique en Joules :  529Kj, Valeur énergétique en Kcal : 2211Kcal, Glucides : 18g, Lipides : 4,7g, Protides :2,9g, A conserver entre 0°C et +6°C.]|"
2,88€ / Kg"|"
1,15 €"
1921|Gourmandises viennoises au chocolat|Les 8 pots de 100g, soit 800g|[Origine : FRANCE, Dessert lacté au chocolat., Lait partiellement écrémé (65,5%), crème légère à 27% MG, sucre, chocolat (2,5%) (sucre, pâte de cacao, cacao maigre en poudre et arôme naturel de vanille), amidon transformé de maïs, cacao maigre en poudre (1,4%), gélifiants : carraghénanes et gommexanthane, lactose et protéines de lait, gélatine bovine, arôme naturel de vanille avec d'autres arômes naturels., Valeur énergétique en Joules :  566kj, Valeur énergétique en Kcal : 135kcal, Glucides : 18g, Lipides : 5,5g, Protides :3g, A conserver entre 0°C et +6°C.]|"
2,89€ / Kg"|"
2,31 €"
1922|Mousse liégeoise au chocolat|Les 4 pots de 80g, soit 320g|[Origine : FRANCE, Dessert lacté à la crème fraîche et au chocolat., Lait écrémé, crème fraîche 24,7%, sucre, chocolat 4,2% (pâte de cacao, sucre, cacao maigre en poudre, émulsifiant : lécithine de soja), cacao maigre en poudre, gélatine de porc, amidon transformé de pomme de terre, émulsifiant : esters lactiques desmono- et diglycérides d'acides gras, épaississants : carraghénanes, gomme guar, gomme xanthane, arômes, sel, protéines de lait., Valeur énergétique en Joules :  782kj, Valeur énergétique en Kcal : 187kcal, Glucides : 21g, Lipides : 9,7g, Protides :3,9g, A conserver entre 0°C et +6°C.]|"
4,41€ / Kg"|"
1,41 €"
1923|Mousse au chocolat, aux oeufs frais|Les 4 pots de 10cl|[Origine : FRANCE, Bonne Maman vous propose sa mousse au chocolat préparée uniquement à partir d'ingrédients traditionnels de qualité., A conserver à +6°C maxi.]|"
11,76€ / Kg"|"
2,21 €"
1924|Mousse au chocolat au lait|Les 4 pots de 10cl, 40cl|[Origine : FRANCE, Bonne maman vous propose sa mousse au chocolat au lait préparée uniquement à base d'ingrédients traditionnels de qualité., A conserver à +6°C maxi.]|"
10,90€ / Kg"|"
2,05 €"
1925|Le liégeois au café|Les 4 pots de 100g|[Origine : FRANCE, Dessert lacté au café., Valeur énergétique en Joules :  617kj, Valeur énergétique en Kcal : 147kcal, Glucides : 18,1g, Lipides : 7g, Protides :2,9g, A conserver à +6°C maximum.]|"
4,10€ / Kg"|"
1,64 €"
1926|Le liégeois au chocolat|Les 4 pots de 100g, 400g|[Origine : FRANCE, Dessert lacté au chocolat., Lait entier (50%), crème, eau, sucre, perméat de petit lait (lactosérum) en poudre, chocolat 2,1% (sucre, pâte de cacao, cacao maigre en poudre, émulsifiant : lécithine de soja, arôme), cacao maigre, épaississants : amidon transformé, carraghénanes,amidon, gélatine, émulsifiant : esters lactiques des mono- et di glycérides d'acides gras, arôme, sel. Contient : lait, soja., Valeur énergétique en Joules :  617kj, Valeur énergétique en Kcal : 147kcal, Glucides : 18,1g, Lipides : 7g, Protides :2,9g, A conserver à +6°C maximum.]|"
4,23€ / Kg"|"
1,69 €"
1927|Li{geois chocolat vanille|Les 4 pots de 100g|[Origine : FRANCE, lait entier (76,4%) sucre crÈme (lait) permÍat de petit lait (lactosÍrum) en poudre Ípaississants: amidon transformÍ (E1442), carraghÍnanes (E407) cacao maigre (0,7%) gÍlatine (non porcine) amidon ar«me  Ímulsifiant: esters lactiques des mono- et diglycÍrides d'acides gras (E 472b)  colorant: b²ta caortÈne (E160a) sel, Glucides : 16,6G, Lipides : 5,6G, Protides :3,2G]|"
4,58€ / Kg"|"
1,83 €"
1928|Li{geois tout choco 4x100g|Les 4 pots de 100g|[Origine : FRANCE, lait entier (54,8%) eau  sucre crÈme (lait) permÍat de petit lait (lactosÍrum) en poudre cacao maigre (2,4% dont 0,7% dans la mousse fouettÍe) chocolat  2,1 % ( sucre, pÇte de cacao, cacao maigre en poudre, Ímulsifiant: lÍcithine de soja , ar«me) Ípaississants: amidon transformÍ (E1442), carraghÍnanes (E407) amidon gÍlatine (non porcine) Ímulsifiant: esters lactiques des mono- et diglycÍrides d'acides gras (E 472b)  sel, Glucides : 19,9G, Lipides : 5,9G, Protides :3,1G]|"
4,58€ / Kg"|"
1,83 €"
1929|Mousse liégeoise au chocolat|Les 4 pots de 80g|[Origine : ALLEMAGNE, Danette mousse liégeoise c'est l'alliance d'un dessert entre crème et mousse et d'une fine mousse à la crème fouettée pour une sensation unique de légèreté en bouche. En plus, grâce à sa coupe large, profitez du plaisir de la mousse à la crème fouettée jusqu'à la dernière cuillère., Lait entier (53.4%), crème (19.4%), lactose, sucre, sirop de glucose-fructose, chocolat 4.8% (sucre, pâte de cacao, poudre de cacao maigre, beurre de cacao, émulsifiant : lécithine de soja, arôme : vanilline), cacao maigre, émulsifiant : E472b, épaississants : E1442, E407, E415, gélatine, arôme, sel., Valeur énergétique en Joules :  807Kj, Valeur énergétique en Kcal : 3373Kcal, Glucides : 23,5g, Lipides : 9,6g, Protides :3,1g, Conserver à +6°C max.]|"
5,44€ / Kg"|"
1,74 €"
1930|Mousse liégeoise au chocolat|Les 8 pots de 80g|[Origine : FRANCE]|"
4,30€ / Kg"|"
2,75 €"
1931|Coeur fondant au caramel|Les 2 pots 95g|[Origine : ROYAUME UNI, Gu Coeur Fondant au Caramel Salé (2x95gr)]|"
21,63€ / Kg"|"
4,11 €"
1932|Mousse au chocolat à l'ancienne|Le pot de 100g|[Origine : FRANCE, Oeufs, chocolat pur beurre de cacao 42%, beurre salé. Fabriquée avec des ingrédients à base de lécithine de soja. Traces possibles de gluten et de fruits à coques., Conserver à +6°C.]|"
20,10€ / Kg"|"
2,01 €"
1933|Mousse au chocolat noir, issue de l'agriculture biologique|Le pot de 100g|[Origine : FRANCE, A conserver à +6°C maxi.]|"
21,10€ / Kg"|"
2,11 €"
1934|Mousse au chocolat noir, issue de l'agriculture biologique|Le pot de 100g|[Origine : FRANCE, A conserver à +6°C maxi.]|"
21,10€ / Kg"|"
2,11 €"
1935|Mousse au chocolat noir|Le pot de 240g|[Origine : FRANCE]|"
18,00€ / Kg"|"
4,32 €"
1936|Crème de marrons|Les 4 pots de 11,5cl|[Origine : FRANCE, MaronSui's est une mousse unique, au à la bonne crème de marrons Clément Faugier, délicatement fouettée pour une douce sensation de fondant et de légèreté., Crème de marrons (54%) (châtaignes, sucre, sirop de glucose, brisures de marrons glacés, arôme vanille), crème (24%), eau, émulsifiant : E471, gélatine, lait écrémé en poudre, stabilisant : E410., Valeur énergétique en Joules :  1045, Valeur énergétique en Kcal : 249,7, Glucides : 34,6, Lipides : 11,2, Protides :1,9, Conservation à + 6°c maximum.]|"
3,80€ / L"|"
1,75 €"
1937|Feuilleté de mousse au chocolat|Les 4 pots de 12cl|[Origine : FRANCE, Découvrez Le Feuilleté de La Laitière, de fines feuilles de chocolat noir croquant mariées à une délicieuse mousse au chocolat, Mousse lactée au chocolat (90,4%) : lait entier (66%), sucre (11,5%), chocolat au lait liquide (8%) (sucre, poudre de lait, beurre de cacao, cacao, lactosérum en poudre, émulsifiant : lécithine de soja, arôme), crème (5,7%), poudre de cacao (3%), chocolat en poudre (3%), lait écrémé en poudre, gélatine, émulsifiant (E472b), correcteur d'acidité (E524), épaississants (E401, E407). Feuilles de chocolat noir avec édulcorants (9,6%) : beurre de cacao, pâte de cacao, sucre, matière grasse laitière anhydre, arôme, (Traces éventuelles de fruits à coque)., Valeur énergétique en Joules :  456kj, Valeur énergétique en Kcal : 109kcal, Glucides : 9,1g, Lipides : 7,0g, Protides :2,4g, A conserver à +6°C max.]|"
8,21€ / Kg"|"
2,15 €"
1938|Maronsui's, mousse fondante à la crème de marrons|Le paquet de 8 pots de 11,5cl soit 92cl|[Origine : FRANCE, Un plaisir authentique. Maronsui's est une mousse unique, à la bonne crème de marrons Clément Faugier, délicatement fouettée pour une douce sensation de fondant et de légèreté., Crème de marrons (54%), (châtaigne, sucre, sirop de glucose, brisures de marrons glacés, arôme  vanille), crème (24%), eau, émulsifiant : E471, gélatine, lait écrémé en poudre, stabilisant : E410., Valeur énergétique en Joules :  1084kj, Valeur énergétique en Kcal : 258kcal, Glucides : 37,4g, Lipides : 11,3g, Protides :1,8g, Conserver à + 6° C max.]|"
3,80€ / L"|"
3,50 €"
1939|Mousse de viennois au chocolat|Les 4 pots de 90g|[Origine : FRANCE, Un tourbillon de plaisir qui allie la texture légère de la mousse à la crème à l'intensité de la mousse au chocolat, pour une sensation inédite !, Lait entier (58%), crème (19%), sucre, sirop de glucose-fructose, chocolat en poudre : 2,8% (sucre, cacao en poudre), cacao maigre (1,9%), chocolat : 1,7% (pâte de cacao, sucre, émulsifiant (lécithine de soja), arôme), gélatine de porc, amidon modifié, amidon, émulsifiant (E472b), arômes, lait écrémé en poudre, stabilisant (farine de graines de caroube). Traces éventuelles de fruits à coque., Valeur énergétique en Joules :  814, Valeur énergétique en Kcal : 194,5, Glucides : 19,7, Lipides : 11,2, Protides :3,6, Conserver au frais à max +6°C.]|"
5,69€ / Kg"|"
2,05 €"
1940|Secret de mousse au chocolat au lait|Les 4 pots de 12cl|[Origine : FRANCE, Un savoir-faire inimitable et toute la générosité de La Laitière pour une texture légère et tellement onctueuse ! Secret de Mousse, ce n'est pas une simple mousse et c'est ça qui fait toute la différence !, Lait entier (62%), sucre, chocolat Nestlé et chocolat en poudre 7.7% (sucre, lait entier, beurre de cacao, cacao, lactosérum en poudre, émulsifiant : lécithine de soja, arôme), crème (4%), cacao (2.7%), caramel, cacao maigre (1.3%), lait écrémé en poudre, matières grasses végétales hydrogénées, gélatine, émulsifiant (E472b), épaississants (E407, E410, E401), amidon modifié, arôme, correcteur d'acidité (E524). Traces éventuelles de fruits à coque., Valeur énergétique en Joules :  791, Valeur énergétique en Kcal : 189, Glucides : 23,5, Lipides : 8,4, Protides :4,8, Conservation à + 6°c maximum.]|"
3,58€ / L"|"
1,72 €"
1941|Secret de mousse au chocolat noir|Les 4 pots de 12cl|[Origine : FRANCE, Associer la générosité du chocolat noir à la texture légère et onctueuse de la mousse. Tout le savoir-faire authentique de la Laitière pour le plaisir simple et gourmand d'un délicieux dessert., Mousse lactée au chocolat noir 80% : lait écrémé (53%), sucre, chocolat noir 3,8% (pâte de cacao, sucre, émulsifiant : lécithine de soja, arôme), crème (3%), cacao maigre (2,5%), chocolat en poudre : 1,6% (cacao en poudre, cacao en poudre dégraissé,pâte de cacao, sucre), lait écrémé en poudre, cacao (1,2%), gélatine, beurre, émulsifiant (E472b), épaississants (E407, E410, E401). Sauce chocolat 20% : lait écrémé, sucre, chocolat 1,4% (pâte de cacao, sucre, arôme, émulsifiant : lécithine de soja), poudre de cacao, amidon, épaississant : farine de graines de caroube). Traces éventuelles de fruits à coque., Valeur énergétique en Joules :  688, Valeur énergétique en Kcal : 164,4, Glucides : 23,4, Lipides : 5,7, Protides :4,9, A conserver à +6°C max.]|"
3,69€ / L"|"
1,77 €"
1942|Viennois vanille sur lit de caramel|Les 4 pots de 100g, soit 400g|[Origine : FRANCE, Une sensation unique grâce à l'alliance de 3 ingrédients généreux & gourmands : un tourbillon fouetté à la texture légère, une crème goût vanille onctueuse parfumée, un caramel fondant, intense !, Lait entier (42%), lait écrémé (15%), crème (12,5%), caramel (7%) (sucre, eau, amidon modifié, acidifiant (acide citrique), correcteur d'acidité (E524), émulsifiant (E471), épaississants (gomme xanthane, pectines)), eau, sucre, sirop de glucose-fructose, poudre de lait écrémé, amidon modifié, amidon, stabilisants (carraghénanes, farine de graines de caroube), arômes, gélatine de porc, correcteur d'acidité (E524), colorant (E160b)., Valeur énergétique en Joules :  663kj, Valeur énergétique en Kcal : 153kcal, Glucides : 20,5g, Lipides : 6,5g, Protides :2,9g, Conserver à max. +6°C.]|"
4,50€ / Kg"|"
1,80 €"
1943|Onctueux caf{ plaisir arabica|Les 2 pots de 94g|[Origine : FRANCE, Dessert au café avec paillettes de chocolat à saupoudrer, présenté dans une coupelle aluminium, muni d'un opercule imprimé., Saupoudrer les paillettes de chocolat sur le dessert. Déguster frais., L'onctueux 90 g : Crème pasteurisée (45%), OEufs frais (16,5%), Lait écrémé pasteurisé, Sucre, Caramel (sucre, eau, amidon), extrait de café liquide 4,5% (eau, arabica 16,5%, robusta), jaune d'oeufs frais Ganiture 4g : paillettes de chocolat (sucre,pâte de cacao, beurre de cacao, poudre de lait, beure concentré, arôme naturel de vanille)]|"
12,23€ / Kg"|"
2,30 €"
1944|Yaourt nature, 0% matière grasse|Les 4 pots de 125g, 500g|[Origine : FRANCE, Lait écrémé, lait écrémé en poudre,ferments lactiques., Valeur énergétique en Joules :  179kj, Valeur énergétique en Kcal : 42kcal, Glucides : 6g, Protides :4,5g]|"
2,24€ / Kg"|"
1,12 €"
1945|Yaourt nature, 0% matière grasse|Les 4 pots de 125g, 500g|[Origine : FRANCE, Lait écrémé, lait écrémé en poudre,ferments lactiques., Valeur énergétique en Joules :  179kj, Valeur énergétique en Kcal : 42kcal, Glucides : 6g, Protides :4,5g]|"
2,24€ / Kg"|"
1,12 €"
1946|Yaourts aux fruits, 0% de mat. Gr.|Les 8 pots de 125g|[Origine : FRANCE, Spécialités laitières abricot, cerise, pêche, fraise., Lait écrémé reconstitué à partir de lait écrémé en poudre, lait écrémé, abricot ou fraise ou cerise ou pêche 12%, poudre de lait écrémé et/ou protéines de lait, amidons transformés de maïs, gélatine bovine, épaississant : pectine, gomme guar, arômes,correcteurs d'acidité : citrates de sodium, phosphate de calcium, citrate de potassium, édulcorants : acésulfame K, aspartame*, colorants : extrait de paprika, cochenille, anthocyanes, lutéine, ferments lactiques du yaourt. *Contient une source de phénylalanine. 0% de sucres ajoutés. 0% de mat. Gr., Valeur énergétique en Joules :  177kj, Valeur énergétique en Kcal : 42kcal, Glucides : 5,2g, Lipides : 0,1g, Protides :4,1g, A conserver entre 0°C et +6°C.]|"
2,05€ / Kg"|"
2,05 €"
1947|Yaourts aux fruits 0%, abricot, cerise, pêche, pruneau, ananas et fraise|Les 16 pots de 125g, soit 2kg|[Origine : FRANCE, Spécialité laitière maigre aux fruits avec édulcorants., Lait écrémé reconstitué à partir de lait écrémé en poudre, lait écrémé, fruits abricot ou cerise ou fraise ou pêche : 12% ou ananas : 8,5% ou pruneau : 6%, poudre de lait écrémé et/ou protéines de lait, gélatine bovine, amidons transformés de maïs, arômes, épaississants : pectine, gomme guar, colorants : cochenille, anthocyanes, lutéine, extrait de paprika, correcteurs d'acidité : citrates de sodium, citrate de potassium, phosphate de calcium, acide citrique, édulcorants : acésulfame K, aspartame*, ferments lactiques du yaourts. * Contient une source de phénylalanine., Valeur énergétique en Joules :  172kj, Valeur énergétique en Kcal : 41kcal, Glucides : 5,7g, Lipides : 0,1g, Protides :4,1g, A conserver entre 0°C et + 6°C.]|"
1,63€ / Kg"|"
3,25 €"
1948|Yaourts brassés natures, 0% de mat. Gr.|Les 8 pots de 125g|[Origine : FRANCE, Lait écrémé 96%, lait écrémé en poudre, protéines de lait , ferments lactiques ., Valeur énergétique en Joules :  201Kj, Valeur énergétique en Kcal : 47Kcal, Glucides : 6,2g, Lipides : 0,1g, Protides :5,4g, A conserver au frais entre 0°C et +6°C.]|"
1,74€ / Kg"|"
1,74 €"
1949|Yaourts natures, 0% de mat. Gr.|Les 4 pots de 125g|[Origine : FRANCE, Ma pause fraîcheur, source de calcium et sans matières grasses., Lait écrémé, lactose et protéines de lait, ferments lactiques. 0% de matières grasses., Valeur énergétique en Joules :  150Kj, Valeur énergétique en Kcal : 35Kcal, Glucides : 4,5g, Lipides : 0,1g, Protides :4,3g, A conserver entre 0°C et +6°C.]|"
1,68€ / Kg"|"
0,84 €"
1950|Yaourts natures, 0% de mat. Gr.|Les 8 pots de 125g|"[Origine : FRANCE, Les produits Monoprix ""Bien Vivre"" vous accompagnent chaque jour pour mieux équilibrer votre alimentation sans oublier le plaisir et le goût., Lait écrémé , lactose et protéines de lait , ferments lactiques, Valeur énergétique en Joules :  150Kj, Valeur énergétique en Kcal : 35Kcal, Glucides : 4,5g, Lipides : 0,1g, Protides :4,3g, A conserver au frais entre 0°C et +6°C .]"|"
1,57€ / Kg"|"
1,57 €"
1951|Crème dessert à la vanille|Les 4 pots de 120g|[Origine : FRANCE, lait ÍcrÍmÍ (pour info 73,4%) lait ÍcrÍmÍ concentrÍ sucre (5,3%) cacao maigre Ípaississants: amidon transformÍ (E1442),carraghÍnanes (E407) chocolat (2%) (sucre, pÇte de cacao, cacao maigre en poudre, emulsifiant: lÍcithine de soja, ar«me) permÍat depetit lait (lactosÍrum) en poudre amidon Ídulcorants: acÍsulfame-k (E955), sucralose (E950), Glucides : 15 G, Lipides : 0,9G, Protides :3,8G]|"
4,33€ / Kg"|"
2,08 €"
1952|Crème dessert au chocolat|Les 4 pots de 120g|[Origine : FRANCE, lait ÍcrÍmÍ (pour info 73,4%) lait ÍcrÍmÍ concentrÍ sucre (5,3%) cacao maigre Ípaississants: amidon transformÍ (E1442),carraghÍnanes (E407) chocolat (2%) (sucre, pÇte de cacao, cacao maigre en poudre, emulsifiant: lÍcithine de soja, ar«me) permÍat depetit lait (lactosÍrum) en poudre amidon Ídulcorants: acÍsulfame-k (E955), sucralose (E950), Glucides : 15 G, Lipides : 0,9G, Protides :3,8G]|"
4,33€ / Kg"|"
2,08 €"
1953|Fondant à la vanille|Les 4 pots de 125g|[Origine : FRANCE, lait ÍcrÍmÍ (pour info: 85,4%) sucre (4,1%) lait ÍcrÍmÍ en poudre crÈme (lait) inuline amidon  Ípaississants : E 1442 (amidon transformÍ), E 407 (carraghÍnanes)  ar«me naturel de vanille (origine Madagascar) colorant: E 160 a (b²ta-carotÈne)  Ídulcorants : E 950 (acÍsulfame K), E 955 (sucralose) vitamine D, Glucides : 11,5 g, Lipides : 0,9 g, Protides :4,1 g]|"
3,46€ / Kg"|"
1,73 €"
1954|Fondant au café|Les 4 pots de 125g|[Origine : FRANCE, lait ÍcrÍmÍ (pour info, 83,7 %) sucre (5%) lait ÍcrÍmÍ en poudre  crÈme(lait)   inuline amidon  extrait liquide de cafÍ (origine BrÍsil) (1%) Ípaississants : E 1442 (amidon transformÍ), E 407 (carraghÍnanes) ar«mesucre cuit Ídulcorants : E 950 (acÍsulfame K), E 955 (sucralose) vitamine D, Glucides : 12,8 g, Lipides : 0,9 g, Protides :4,1 g]|"
3,46€ / Kg"|"
1,73 €"
1955|Fondant au chocolat, 0,9% de mat. Gr.|Les 4 pots de 125g|[Origine : FRANCE, lait ÍcrÍmÍ (pour info: 81,8%) sucre (6,7%) lait ÍcrÍmÍ en poudre chocolat en poudre  (cacao de tanzanie 3%, sucre) (3,2%) Inuline (pour info : 2,1%) Ípaississants : E 1442 (amidon transformÍ), E 407 (carraghÍnanes)  crÈme (lait) amidon  stabilisant:phosphate dipostassique (E 340) ar«me Ídulcorants : E 950 (acÍsulfame K), E 955 (sucralose) vitamine D, Glucides : 14,3 g, Lipides : 0,9 g, Protides :4,7 g]|"
3,46€ / Kg"|"
1,73 €"
1956|Fromage blanc, saveur coco|Les 4 pots de 120g|[Origine : FRANCE]|"
4,83€ / Kg"|"
2,32 €"
1957|Fromage blanc nature, 0% de mat. Gr.|Le pot de 850g|[Origine : FRANCE, Etre mieux chaque jour  avec Taillefine, source de calcium et de vitamines D, conciliez enfin plaisir et légèreté, tout en prenant soin de votre capital osseux.La recette au fromage blanc, c'est un plaisir simple et délicieusement onctueux, sans matières grasses. Fabriquée en Normandie avec du bon lait écrémé, elle est source de vitamine D, riche en protéines et vous apporte 16% des apports journaliers recommandés en calcium., Fromage blanc maigre (70%), lait écrémé (28,8%), lait écrémé en poudre, gélatine, protéines de lait, ferments lactiques, vitamine D. Contient : lait. Peut contenir : blé, orge, avoine, noisette. 0% Mat. Gr., A conserver à +6°C maximum.]|"
2,73€ / Kg"|"
2,32 €"
1958|Yaourts à l'abricot et nectarine, 0% de mat. Gr, avec édulcorants|Les 4 pots de 125g|[Origine : FRANCE, Le nouveau yaourt aux fruits Taillefine, c'est une recette vraiment gourmande, onctueuse et fondante, à laquelle se marient des morceaux de fruits savoureux.Avec Taillefine, conciliez enfin plaisir et légèreté !, CONSERVER A +6 C MAXIMUM]|"
3,24€ / Kg"|"
1,62 €"
1959|Yaourts à l'ananas, 0% de mat. Gr., avec édulcorants|Les 4 pots de 125g|[Origine : FRANCE, C'est une recette vraiment gourmande, onctueuse et fondante, à laquelle se marient des morceaux de fruits savoureux..Faites-vous plaisir tout en prenant soin de vous puisque nos yaourts aux fruits vous apportent protéines, calcium et vitamines, et cetoujours sans matières grasses ni sucres ajoutés. Avec Taillefine, conciliez enfin plaisir et légèreté !!, CONSERVER A +6 C MAXIMUM]|"
3,24€ / Kg"|"
1,62 €"
1960|Yaourts à la cerise, 0% de mat. Gr., avec édulcorants|Les 4 pots de 125g|[Origine : FRANCE, Toute l'onctuosité d'Activia et la gourmandise de ses beaux fruits avec 0% de matières grasses et de sucres ajoutés.Avec Taillefine, conciliez enfin plaisir et légèreté !, Lait écrémé (72,6%), lait écrémé concentré ou en poudre, cerise (10%), épaississants : E1422, E440, colorant : E163, arômes, édulcorants : E951, E950, ferments lactiques, vitamine D. Contient une source de phénylalanine. 0% de sucres ajoutés. 0% de mat. gr., Valeur énergétique en Joules :  206Kj, Valeur énergétique en Kcal : 861Kcal, Glucides : 7,3g, Lipides : 0,1g, Protides :4,6g, A conserver à +6°C max.]|"
3,24€ / Kg"|"
1,62 €"
1961|Yaourts à la fraise, 0% de mat. Gr., avec édulcorants|Les 4 pots de 125g|[Origine : FRANCE, Toute l'onctuosité d'Activia et la gourmandise de ses beaux fruits avec 0% de matières grasses et de sucres ajoutés.Avec Taillefine, conciliez enfin plaisir et légèreté !, CONSERVER A +6 C MAXIMUM]|"
3,24€ / Kg"|"
1,62 €"
1962|Yaourts à la fraise et au fromage blanc, 0% de mat. Gr.|Les 4 pots de 120g|[Origine : FRANCE, Fromage blanc (64%), lait écrémé, fraise (9,1%), fructose (1,5%), agent de charge : E1200 (fibres), lait écrémé en poudre, épaississants : E1442, E440, E412, gélatine, arômes, protéines de lait, colorant : E120, édulcorants : E950, E951, vitamine D.Contient une source de phénylalanine. Contient : lait. Peut contenir : blé, orge, avoine, noisette., Valeur énergétique en Joules :  220Kj, Valeur énergétique en Kcal : 52Kcal, Glucides : 6,2g, Lipides : 0,1g, Protides :6,5g, A conserver à +6°C max.]|"
4,81€ / Kg"|"
2,31 €"
1963|Yaourts à la framboise, 0% de mat. Gr., avec édulcorants|Les 4 pots de 125g|[Origine : FRANCE, Le yaourt aux fruits Taillefine, c'est une recette vraiment gourmande, onctueuse et fondante, à laquelle se marient des morceaux de fruits savoureux.Avec Taillefine, conciliez enfin plaisir et légèreté !, CONSERVER A +6 C MAXIMUM]|"
3,24€ / Kg"|"
1,62 €"
1964|Yaourts à la mûre et la myrtille, 0% de mat. Gr., avec édulcorants|Les 4 pots de 125g|[Origine : FRANCE, Avec Taillefine, conciliez enfin plaisir et légèreté !! Le yaourt aux fruits Taillefine, c'est une recette vraiment gourmande, onctueuse et fondante, à laquelle se marient des morceaux de fruits.Faites-vous plaisir, tout en prenant soin de vous puisque nos yaourts aux fruits vous apportent protéines, calcium et vitamines, et ce toujours sans matières grasses ni sucres ajoutés., CONSERVER A +6 C MAXIMUM]|"
3,24€ / Kg"|"
1,62 €"
1965|Yaourts au citron, 0% de mat. Gr., avec édulcorants|Les 4 pots de 125g|[Origine : FRANCE, Le yaourt aux fruits Taillefine, c'est une recette vraiment gourmande, onctueuse et fondante, à laquelle se marient des morceaux de fruits savoureux.Avec Taillefine, conciliez enfin plaisir et légèreté !, CONSERVER A +6 C MAXIMUM]|"
3,24€ / Kg"|"
1,62 €"
1966|Yaourts au fromage blanc et à la vanille, 0% de mat. Gr.|Les 4 pots de 120g|[Origine : FRANCE, Fromage blanc (66,6 %), lait écrémé, eau, fructose (2 %), agent de charge: E1200 (fibres), lait écrémé en poudre, épaississants: E1442, E440, E412, gélatine, protéines de lait, gousses de vanille épuisée, édulcorants: E950, E951, colorant : E100, vitamine D. Contient une source de phénilalanine., Valeur énergétique en Joules :  226kj, Valeur énergétique en Kcal : 53kcal, Glucides : 6,4g, Lipides : 0,1g, Protides :6,7g, Conserver à +6°C maxi.]|"
4,63€ / Kg"|"
2,22 €"
1967|Yaourts au pamplemousse, 0% de mat. Gr., sans édulcorants|Les 4 pots de 125g|[Origine : FRANCE, Le nouveau yaourt aux fruits Taillefine, c'est une recette vraiment gourmande, onctueuse et fondante, à laquelle se marient des morceaux de fruits savoureux.Avec Taillefine, conciliez enfin plaisir et légèreté !, CONSERVER A +6 C MAXIMUM]|"
3,24€ / Kg"|"
1,62 €"
1968|Yaourts aux fruits, 0% de mat. Gr., avec édulcorants|Les 8 pots de 125g|[Origine : FRANCE, Le yaourt aux fruits Taillefine, c'est une recette vraiment gourmande, onctueuse et fondante, à laquelle se marient des morceaux de fruits savoureux.Faites-vous plaisir, tout en prenant soin de vous puisque nos yaourts aux fruits vous apportent protéines, calcium et vitamines, et ce toujours sans matières grasses ni sucres ajoutés. Avec Taillefine, conciliez enfin plaisir et légèreté !, lait écrémé lait écrémé concentré ou en poudre fruits: abricot (13%) pêche(10%) ananas (8,5%) citron (2%) cellules de citron (dans la variété citron) agent de charge: polydextrose (fibres)  (E1200) (dans les variétés ananas et citron) épaississants:amidon transformé (E1422 ), gomme guar (E 412), pectine( E 440) protéines de lait correcteurs d'acidité: citrate de sodium (E331), acide citrique (E330), citrate de calcium (E333) jus de citron vert et de citron concentrés (dans les variétés citron,ananas et abricot) concentré de carotte et de citrouille (dans la variéré abricot) arômes  édulcorants: acesulfame K( E 950), sucralose( E 955) ferments lactiques (lait) vitamine D, Valeur énergétique en Joules :  213, Valeur énergétique en Kcal : 50, Glucides : 7, Protides :5, CONSERVER ¿ +6°C MAXIMUM]|"
2,77€ / Kg"|"
2,77 €"
1969|Yaourts aux fruits, allégés, avec édulcorants|Les 16 pots de 125g|[Origine : FRANCE, Etre mieux chaque jour... c'est chaque jour prendre soin de sa ligne tout en se faisant plaisir. Pour cela, il est recommandé d'équilibrer son alimentation pour apporter à son corps les nutriments dont il a besoin tout en limitant le gras et les sucres. C'est pourquoi, le Yaourt aux fruits Taillefine a été élaboré avec des nutritionnistes Danone. Il contient des nutriments essentiels : vitamines (D et B12), protéines, calcium. Chaque pot de Taillefine aux fruits couvre ainsi 24% des Apports Journaliers Recommandés en calcium et 31% en vitamine D ! Le Yaourt aux fruits Taillefine, c'est surtout du bon lait I écrémé et des fruits savoureux, le tout sans matières grasses et sans sucres ajoutés. Taillefine, partenaire nutritionnel de votre ligne., Lait écrémé (73.9%), lait écrémé concentré ou en poudre, fruits : fraise (12%), pêche (10%), cerise (10%), pomme granny (9.8%), ananas (8.5%), agent de charge :  polydextrose (fibres), épaississants : E1422, E440, E407, E412, E415, arômes, colorant E160c, E163, E120, E101, édulcorants : E951, E950, E955, ferments lactiques, vitamine D., Valeur énergétique en Joules :  201Kj, Valeur énergétique en Kcal : 840Kcal, Glucides : 7,1g, Lipides : 0,1g, Protides :4,5g, Conserver à +6°C maximum.]|"
2,26€ / Kg"|"
4,52 €"
1970|Yaourts aux fruits rouges, 0% de mat. Gr., avec édulcorants|Les 8 pots de 125g|[Origine : FRANCE, Le yaourt aux fruits Taillefine, c'est une recette vraiment gourmande, onctueuse et fondante, à laquelle se marient des morceaux de fruits savoureux.Avec Taillefine, conciliez enfin plaisir et légèreté !, lait écrémé   lait écrémé concentré ou en poudre fruits: fraise (10,8%),cerise (8,7%), framboise (8,7%), myrtille (5,8%) agent de charge: polydextrose (fibres) (E1200)  (dans les variétés fraise et framboise) épaississants:  amidon transformé (E1442/E1422), pectine (E440), gomme guar (E412), carraghénanes (E407), gomme xanthane (E415) protéines de lait jus de carotte pourpre et de carotte concentrés (dans les variétés fraise et framboise) jus de citron concentré (dans la variété fraise) colorant: anthoncyanes (E163) (dans la variété cerise) arômes (lait) correcteurs d'acidité: acide citrique (E330), citrate de sodium (E331) édulcorants: acésulfame K (E950), sucralose (E955) ferments lactiques (lait) extrait de carotte (dans la variété fraise) vitamine D, Valeur énergétique en Joules :  209, Valeur énergétique en Kcal : 49, Glucides : 7, Protides :5, CONSERVER ¿ +6°C MAXIMUM]|"
2,77€ / Kg"|"
2,77 €"
1971|Yaourts aux pruneaux, 0% de mat. Gr.|Les 4 pots de 125g|[Origine : FRANCE, Toute l'onctuosité d'Activia et la gourmandise de ses beaux fruits avec 0% de matières grasses et de sucres ajoutés.Avec Taillefine, conciliez enfin plaisir et légèreté !, CONSERVER A +6 C MAXIMUM]|"
3,24€ / Kg"|"
1,62 €"
1972|Yaourts nature, 0% de mat. Gr.|Les 12 pots de 125g|[Origine : FRANCE, Sans matière grasse, Taillefine Nature est aussi naturellement source de calcium. Avec Taillefine Nature, prenez soin activement de votre corps., Lait écrémé, ferments lactiques, lait écrémé en poudre, amidon transformé, gélatine, vitamine D., Valeur énergétique en Joules :  160, Valeur énergétique en Kcal : 38,2, Glucides : 5, Lipides : 0,06, Protides :4,3, Conservation à + 6°c maximum.]|"
1,73€ / Kg"|"
2,59 €"
1973|Yaourts nature, brassés, 0% de mat. Gr.|Les 8 pots de 125g|[Origine : FRANCE, Avec Taillefine, conciliez enfin plaisir et légèreté, tout en prenant soin de votre capital osseux.Un plaisir léger et savoureux qui contient des nutriments essentiels : protéines, calcium et vitamine D, pour vous aider à prendre soin de votre capital osseux et toujours sans matières grasses. Taillefine Nature, tous les plaisirs du nature au quotidien., Lait écrémé, lait écrémé concentré, protéines de lait, ferments lactiques, vitamine E., Valeur énergétique en Joules :  172Kj, Valeur énergétique en Kcal : 41Kcal, Glucides : 5,5g, Lipides : 0,06g, Protides :4,5g, Conserver à +6°C maximum.]|"
2,26€ / Kg"|"
2,26 €"
1974|Fruyo 0% myrtille|Le pot de 170g|[Origine : GRECE, Valeur énergétique en Joules :  349kj, Valeur énergétique en Kcal : 82kcal, Glucides : 12,2g, Lipides : 0g, Protides :8,3g]|"
10,59€ / Kg"|"
1,80 €"
1975|Yaourt à la gracque, 0%|Le pot de 170g|[Origine : GRECE, Lait de vache, crème, ferments lactiques vivants., Valeur énergétique en Joules :  243kj, Valeur énergétique en Kcal : 57kcal, Glucides : 4g, Lipides : 0g, Protides :10,3g, Conserver au frais à max 7°C.]|"
9,82€ / Kg"|"
1,67 €"
1976|Spécialité laitière fermentée et brassée, goût nature|Les 4 pots de 115g|[Origine : FRANCE, Lait écrémé pasteurisé bio (93,2%), lait écrémé en poudre bio, ferments lactiques dont bifidus. BIO issu de l'agriculture biologique., Valeur énergétique en Kcal : 50kcal, Glucides : 7,1g, Lipides : 0,1g, Protides :5,2g, A conserver à +6°c maximum.]|"
3,80€ / Kg"|"
1,75 €"
1977|Yaourts à la pistache, allégés|Les 4 pots de 125g|[Origine : ESPAGNE, Un plaisir sans complexe : Ferme et Fondant Saveur Pistache de Sveltesse, c'est un goût intense avec peu de matières grasses et de sucres pour vous aider à allier gourmandise et équilibre., Lait demi-écrémé (81%), poudre de lait écrémé (3.9%), sucre (2.5%), inuline, amidon de maïs, fructose, caramel liquide (sucre, sirop de glucose-fructose, eau), amidon modifié de manioc, stabilisants (carraghénane, gomme xanthane), arôme pistache, édulcorants (acésulfame K, cyclamate de sodium, néohespéridine DC), colorants (E141, E100).  Traces éventuelles de gluten., Valeur énergétique en Joules :  320Kj, Valeur énergétique en Kcal : 76Kcal, Glucides : 12,3g, Lipides : 1,3g, Protides :3,7g, Conserver à max +6°C.]|"
3,34€ / Kg"|"
1,67 €"
1978|Yaourts à la vanille, 0% de mat. Gr.|Les 8 pots de 125g|[Origine : FRANCE, Dégustez Ferme et Fondant de Sveltesse, son goût frais et sa texture fondante vous feront succomber de plaisir ! Un plaisir sans complexe : 0% de matière grasse, sans sucres ajoutés., Lait écrémé (93,8%), protéines laitières, poudre de lait écrémé, arôme, gélatine de porc, édulcorants (aspartame, acésulfame-K), ferments lactiques. Contient une source de phénylalanine., Valeur énergétique en Joules :  172Kj, Valeur énergétique en Kcal : 41Kcal, Glucides : 5,6g, Protides :4,3g, Conservation à +6°C maxi.]|"
2,80€ / Kg"|"
2,80 €"
1979|Yaourts au caramel, allégés, avec édulcorants|Les 4 pots de 125g|[Origine : ESPAGNE, Ferme et Fondant au caramel de Sveltesse, c'est un goût intense avec peu de matière grasse et allégé en sucre pour vous aider à allier gourmandise et équilibre., Lait à 1,4% de matière grasse (88%), poudre de lait écrémé, caramel (2,3%) (sucre, eau), inuline, sucre, amidon de maïs, amidon modifié de tapioca, stabilisant (carraghénanes), fructose, arômes, colorants (E160b, E150c), édulcorants (acésulfame K, cyclamate de sodium, néohespéridine DC), correcteur d'acidité (E524)., Valeur énergétique en Joules :  325Kj, Valeur énergétique en Kcal : 1358Kcal, Glucides : 12g, Lipides : 1,3g, Protides :3,8g, Conservation à +6°C maxi.]|"
3,82€ / Kg"|"
1,91 €"
1980|Yaourts au chocolat, allégés|Les 4 pots de 125g|[Origine : FRANCE, Ferme et Fondant au chocolat de Sveltesse, c'est un goût intense avec peu de matière grasse et allégé en sucre pour vous aider à allier gourmandise et équilibre., Lait à 0,9% de matière grasse (87%), chocolat en poudre (5%) (sucre, cacao en poudre), poudre de lait écrémé, inuline, cacao maigre, amidon de maïs, fructose, stabilisant (carraghénanes), amidon modifié de tapioca, arômes, édulcorants (acésulfame K),cyclamate de sodium, néohespéridine DC), correcteur d'acidité (E331)., Valeur énergétique en Joules :  325, Valeur énergétique en Kcal : 77,6, Glucides : 12,6, Lipides : 1,2, Protides :3,9, Conservation à +6°C maxi.]|"
3,34€ / Kg"|"
1,67 €"
1981|Yaourts au chocolat noir, allégés|Les 4 pots de 125g|[Origine : FRANCE]|"
3,34€ / Kg"|"
1,67 €"
1982|Petit Yoplait nature, 0% de mat. Gr.|Les 12 pots de 60g|[Origine : FRANCE, Goût frais et onctueux. Riche en protéines., On peut le déguster ou le cuisiner de multiples façons., Lait ÍcrÍmÍ pasteurisÍ - Poudre de lait ÍcrÍmÍ - ConcentrÍ des minÍraux du lait - Ferments lactiques - Papier traitÍ au sorbate de calcium. Contient plus de 85% d?humiditÍ., Valeur énergétique en Joules :  240kj, Valeur énergétique en Kcal : 57kcal, Glucides : 4,2g, Lipides : 0,1g, Protides :9,7g, Conservation à +6°C maxi.]|"
3,17€ / Kg"|"
2,28 €"
1983|Fromage frais aux fruits, sucré|Les 12 pots de 50g|[Origine : FRANCE, Sources de calcium et de vitamine D., Fromage frais à 4% de MG sur poids total (lait écrémé pasteurisé, crème pasteurisée, protéines de lait, ferments lactiques, séquestrant : chlorure de calcium) 80%, sucre 7,8%, fruits 6% (purée de fraise ou framboise ou abricot ou pêche-poire ou abricot-pêche ou banane), sirop de glucose-fructose, amidon transformé de manioc, épaississants : gomme de guar, gomme xanthane, citrate de calcium, correcteurs d'acidité : acide citrique, citrate monosodique, acide lactique, arômes, colorants : anthocyanes, carmins, extrait de paprika, curcumine, vitamine D., Valeur énergétique en Joules :  436Kj, Valeur énergétique en Kcal : 104Kcal, Glucides : 12g, Lipides : 3,2g, Protides :6,7g, A conserver entre 0°C et +6°C.]|"
3,00€ / Kg"|"
1,80 €"
1989|Yaourt à la Grecque sur lits de mûres|Les 2 pots de 150g, soit 300g|[Origine : FRANCE, Yaourt brassé nature sucré sur préparation de mûres, aromatisée., Yaourt brassé nature sucré 76% (lait entier, crème, sucre 5,7%, ferments lactiques (dont lait), protéines de lait et lactose), préparation aux mûres et arômes 24% (mûres 12%, eau, sucre, fructose, amidon transformé de maïs, arômes, épaississants : pectines, gomme guar, conservateur : sorbate de potassium)., Valeur énergétique en Joules :  511kj, Valeur énergétique en Kcal : 122kcal, Glucides : 14g, Lipides : 6,4g, Protides :2,1g, A conserver entre 0°C et +6°C.]|"
4,43€ / Kg"|"
1,33 €"
1990|Yaourt brassé gourmand à l'abricot|Le pot de 400g|[Origine : FRANCE, Savourez les yaourts brassés Monoprix Gourmet dans leur format gourmand. Une texture onctueuse et crémeuse alliée à de délicieux abricots du Roussillon, un vrai régal à déguster sans modération., Lait entier 69%, morceaux et pulpe d'abricot du Roussillon 10%, sucre 8,6%, crème 8,4%, amidon de riz, arôme naturel, épaississant : pectines, ferments lactiques (dont lait), conservateur : sorbate de potassium. Traces de fruits à coques et de gluten., Valeur énergétique en Joules :  472kj, Valeur énergétique en Kcal : 113kcal, Glucides : 14g, Lipides : 5,1g, Protides :2,4g, A conserver entre 0°C et +6°C.]|"
6,83€ / Kg"|"
2,73 €"
1991|Yaourt brassé gourmand à la framboise et au litchi|Le pot de 400g|[Origine : FRANCE, Savourez les yaourts brassés Monoprix Gourmet dans leur format gourmand. Une texture onctueuse et crémeuse alliée à de délicieuses framboises et du litchi, un vrai régal à déguster sans modération., Lait entier 69%, sucre 10%, crème 8,4%, purée et brisures de framboise issues de concentrés 6%, purée de litchi 2%, amidon de manioc, épaississant : pectines, arômes naturels, conservateur : sorbate de potassium, ferments lactiques (dont lait). Traces de fruits à coques et de gluten., Valeur énergétique en Joules :  490kj, Valeur énergétique en Kcal : 117kcal, Glucides : 15g, Lipides : 5,1g, Protides :2,4g, A conserver entre 0°C et +6°C.]|"
6,83€ / Kg"|"
2,73 €"
1992|Yaourt brassé gourmand à la vanille|Le pot de 400g|[Origine : FRANCE, Une texture onctueuse et crémeuse alliée à de délicieuses gousses de vanille infusées, un vrai régal à déguster sans modération. Savourez les yaourts brassés Monoprix Gourmet dans leur format gourmand., lait entier 81%, crème 9,9%, sucre 8%, gousses de vanille infusées 0,07%, graines de vanille épuisées, conservateur : sorbate de potassium, ferments lactiques (dont lait)., Valeur énergétique en Joules :  472kj, Valeur énergétique en Kcal : 113kcal, Glucides : 12g, Lipides : 6g, Protides :2,7g, A conserver à entre 0°C et +6°C.]|"
6,58€ / Kg"|"
2,63 €"
1993|Yaourt brassé gourmand aux figues et au miel|Le pot de 400g|[Origine : FRANCE, Savourez les yaourts brassés Monoprix Gourmet dans leur format gourmand. Une texture onctueuse et crémeuse alliée à de délicieuses figues, et du miel, un vrai régal à déguster sans modération., Lait entier 67%, sucre 9,1%, crème 8,1%, morceaux et pulpe de figues 8%, miel 2,4%, jus de citron à base de concentré, amidon de manioc, épaississant : pectines, arômes naturels, conservateur : sorbate de potassium, ferments lactiques (dont lait). Traces de fruits à coques et de gluten., Valeur énergétique en Joules :  503kj, Valeur énergétique en Kcal : 120kcal, Glucides : 16g, Lipides : 5g, Protides :2,4g, A conserver entre 0°C et +6°C.]|"
6,83€ / Kg"|"
2,73 €"
1994|Yaourt brassés sucrés à la vanille|Le pack de 8 pots de 125g, soit 1kg|[Origine : FRANCE, Lait à 25g de matière grasse par litre, sucre 11%, protéines de lait, fructose 0,7%, arôme naturel de vanille, épaississants : E410, E412, E440, gousse de vanille épuisée, correcteurs d'acidité : E330, E331, ferments lactiques, sel séquestrant : E333, colorant : E101., Valeur énergétique en Joules :  404kj, Valeur énergétique en Kcal : 96kcal, Glucides : 15g, Lipides : 2,1g, Protides :4,2g, A conserver entre 0°C et +6°C.]|"
2,14€ / Kg"|"
2,14 €"
1995|Yaourt brassé sur lit de châtaigne bio|Les 2 pots de 125g, soit 250g|[Origine : FRANCE, Yaourts sucrés brassés au lait entier sur lit de châtaignes préparées et aux arômes naturels, issus de l'agriculture biologique., Yaourt* sucré brassé 80% (lait entier* 72%, sucre mi-blanc de canne* 3,7%, lait écrémé en poudre*, ferments lactiques (dont lait)). Lit de châtaignes préparées* 20% (châtaigne* 7,6%, sucre de canne* 7,2%, eau, amidon de maïs, sucre caramélisé*, correcteur d'acidité : acide lactique, épaississant : gomme guar, arômes naturels). *Ingrédients issus de l'agriculture biologique., A conserver entre 0°C et +6°C.]|"
4,72€ / Kg"|"
1,18 €"
1996|Yaourt brassé sur lit de framboise bio|Les 2 pots de 125g, soit 250g|[Origine : FRANCE, Yaourts sucrés brassés au lait entier sur lit de framboises préparées et aux arômes naturels, issus de l'agriculture biologique., Yaourt sucré brassé 80% (lait entier* 72%, sucre mi-blanc de canne* 3,7%, lait écrémé en poudre*, ferments lactiques (dont lait)). Lit de framboises préparées* 20% (framboise* 10%, sucre de canne* 7,4%, eau, amidon de maïs, gélifiant : pectines, arômes naturels, jus de sureau*, correcteur d'acidité : tartrate de sodium). *Ingrédients issus de l'agriculture biologique., A conserver entre 0°C et +6°C.]|"
4,60€ / Kg"|"
1,15 €"
1997|Yaourt de brebis, saveur citron|Les 2 pots de 125g, soit 250g|[Origine : FRANCE, Yaourt au lait de brebis à 3% de matière grasse sucré aromatisé citron., Lait de brebis à 3% de matière grasse, sucre 7,5%, arôme naturel de citron avec autres arômes naturels, ferments lactiques (dont lait)., Valeur énergétique en Joules :  375kj, Valeur énergétique en Kcal : 89kcal, Glucides : 11g, Lipides : 2,7g, Protides :5,2g, A conserver entre 0°C et +6°C.]|"
5,72€ / Kg"|"
1,43 €"
1998|Yaourts aromatisés, fruits des bois, fraise, vanille, banane, abricot et framboise|Le paquet de 16 pots|[Origine : FRANCE, 6 parfums  : fruits des bois, fraise, vanille, banane, abricot, framboise., Lait à 22g de matière grasse par litre, sucre 8,5%, lactose et protéines de lait, arômes, minéraux de lait, ferments lactiques, vitamine D3., Valeur énergétique en Joules :  342kj, Valeur énergétique en Kcal : 81kcal, Glucides : 12g, Lipides : 2,2g, Protides :3,3g, A conserver entre 0°C et +6°C.]|"
1,54€ / Kg"|"
3,08 €"
1999|Yaourts au lait entier, à la vanille|Les 4 pots de 125g|[Origine : FRANCE, Lait entier 89% , sucre 9,5%, lait écrémé en poudre, arôme vanille, ferments lactiques., Valeur énergétique en Joules :  407Kj, Valeur énergétique en Kcal : 97Kcal, Glucides : 14g, Lipides : 3,2g, Protides :3g, A conserver entre 0°C et +6°C.]|"
3,04€ / Kg"|"
1,52 €"
2000|Yaourts au lait entier, à la vanille|Les 8 pots  de 125g|[Origine : FRANCE, Lait entier 89%, sucre 9,5%, lait écrémé en poudre, arôme vanille, ferments lactiques., Valeur énergétique en Joules :  407Kj, Valeur énergétique en Kcal : 97Kcal, Glucides : 14g, Lipides : 3,2g, Protides :3g, A conserver entre 0°C et +6°C.]|"
2,34€ / Kg"|"
2,34 €"
2001|Yaourts aux fruits|Les 16 pots de 125g|[Origine : FRANCE]|"
1,70€ / Kg"|"
3,40 €"
2002|Yaourts aux fruits|Les 8 pots de 125g|[Origine : FRANCE, Lait partiellement écrémé 73%, morceaux et purées de fruits 12% (fraise camarosa ou cerise griotte ou mûre sauvage ou pêche jaune ou abricot de Méditerranée ou ananas du Kenya), sucre 9.3%, lactose et protéines de lait, sirop de glucose-fructose de blé, amidon transformé de manioc, épaississants : carraghénanes, gomme guar, gomme xanthane, pectine, colorants : curcumine, cochenille, extrait de paprika, lutéine, anthocyanes, arômes, correcteurs d'acidité : acide citrique, citrate de sodium, citrate de potassium, conservateur du fruit : sorbate de potassium, ferments lactiques, jus concentré de fruits rouges, sel séquestrant : phosphate de calcium., Valeur énergétique en Joules :  359, Valeur énergétique en Kcal : 85, Glucides : 14g, Lipides : 1,7g, Protides :3,4g, A conserver entre 0°C et +6°C.]|"
2,26€ / Kg"|"
2,26 €"
2003|Yaourts brassés aux fruits mixés|Les 8 pots de 125g|[Origine : FRANCE, Yaourt au lait entier, sucré, aux fruits et arômes naturels., Lait entier 77,4%, sucre 10%, fruits 4,5% (purées d'abricot, de fraise, de pêche-poire) , ferments lactiques, jus concentré de pamplemousse 1,5% , sirop de glucose,fructose de blé 1,3 %, protéines de lait, amidons transformés de maïs et de tapioca ,arômes , colorants : carmin de cochenille, rouge de betterave, extrait de paprika, curcumine, anthocyanes , correcteurs d'acidité : acide citrique, citrate de sodium , concentré de jus de fruits rouges ,conservateur des fruits : sorbate de potassium, épaississant : carraghénanes., Valeur énergétique en Joules :  381Kj, Valeur énergétique en Kcal : 91Kcal, Glucides : 13g, Lipides : 3g, Protides :2,9g, A conserver entre 0°C et +6°C.]|"
2,15€ / Kg"|"
2,15 €"
2004|Yaourts sucrés sur lit de fruits rouges, fraise, framboise & myrtille|Les 6 pots de 125g, soit 750g|[Origine : FRANCE, Yaourts sucrés sur lit de fruits et arômes, fraise/framboise/myrtille.]|"
4,09€ / Kg"|"
3,07 €"
2005|Yaourt au lait entier, à la vanille naturelle|Les 4 pots de 125g|[Origine : FRANCE, Bonne Maman vous propose son Yaourt à la Vanille préparé uniquement à partir d'ingrédients traditionnels de qualité., Lait entier frais, crème fraîche, sucre 9%, extrait naturel de vanille, ferments lactiques., A conserver à +6°C maxi.]|"
3,70€ / Kg"|"
1,85 €"
2006|Yaourts à la confiture de fraises|Les 4 pots de 125g|[Origine : FRANCE, Bonne Maman vous propose son Yaourt à la Confiture de Fraises préparé uniquement à partir d'ingrédients traditionnels de qualité.Dégustez ce délicieux Yaourt et retrouvez ce que vous avez toujours aimé., Yaourt brassé (72%) : lait entier frais, crème fraîche, sucre (3,5%), ferments lactiques. Confiture de fraises allégée en sucres Bonne Maman (30% de sucres en moins) (28%) : fraises (60%), sucre, jus de citron concentré, pectine de fruits., A conserver à +6°C maxi.]|"
4,42€ / Kg"|"
2,21 €"
2007|Yaourts à la confiture de framboise|Les 4 pots de 125g|[Origine : FRANCE, Bonne Maman vous propose son yaourt à la confiture de framboises préparé uniquement à partir d'ingrédients traditionnels de qualité. Allégé en sucres.]|"
4,42€ / Kg"|"
2,21 €"
2008|Gervais aux fruits, framboise, abricot et fraise|Les 6 pots de 100g, soit 600g|[Origine : FRANCE, Fromage blanc sucré, aux fruits, enrichi en calcium et en vitamine D., Lait écrémé pasteurisé, crème pasteurisée, fruits : framboise, abricot (6,2%), fraise (6,1%), sucre (5,8% en moyenne), fructose (2,7%), citrate de calcium, épaississants : amidon transformé, gomme guar, jus concentrés de carotte et de carotte pourpre, arômes naturels, ferments lactiques, vitamine D. Sans colorant artificiel, sans arôme artificiel, sans conservateur., Valeur énergétique en Joules :  401kj, Valeur énergétique en Kcal : 95kcal, Glucides : 12,5g, Lipides : 2g, Protides :6,6g, A conserver entre +1°C et + 6°C max.]|"
5,05€ / Kg"|"
3,03 €"
2009|Minis danio framboise 4x100g|Les 4 pots de 100g|[Origine : FRANCE, Lait ÍcrÍmÍ  framboise (10%) crÈme (lait) sucre (6,3%) sucre liquide (1%) Ípaississants: amidon transformÍ (E1442), carraghÍnanes (E407), gomme guar(E412) jus de carotte pourpre concentrÍ ar«me naturel concentrÍ des minÍraux du lait ferments lactiques (lait) correcteur d'aciditÍ: citrate de calcium (E331) jus de citron concentrÍ, Glucides : 10,7G, Lipides : 2,4G, Protides :7,3G]|"
6,23€ / Kg"|##
2010|Spécialité laitière sur lit de miel|Le pot de 150g|[Origine : FRANCE, CONSERVER A +6 C MAXIMUM]|"
6,73€ / Kg"|"
1,01 €"
2011|Spécialité laitière sur lit de cerises sucré|Le pot de 150g|[Origine : FRANCE, CONSERVER A +6 C MAXIMUM]|"
6,73€ / Kg"|"
1,01 €"
2012|Spécialité laitière sur lit de fraises, 0% de mat. Gr|Les 4 pots de 100g|[Origine : FRANCE, lait ÍcrÍmÍ  fraise (10%) sucre (6,3%) sucre liquide (2%) Ípaississants:amidon transformÍ  (E1442), carraghÍnanes (E407), gomme guar(E412) akÈnes de fraise jus de carotte concentrÍ ar«me naturel (lait) concentrÍ des minÍraux du lait ferments lactiques (lait) jus de citron concentrÍ correcteur d'aciditÍ: citrate de sodium, Glucides : 11,6G, Lipides : 0,1G, Protides :7,9G]|"
6,23€ / Kg"|##
2013|Spécialité laitière sur lit de fraises sucré|Le pot de 150g|[Origine : FRANCE, CONSERVER A +6 C MAXIMUM]|"
6,73€ / Kg"|"
1,01 €"
2014|Spécialité laitière sur lit de framboises sucré|Le pot de 150g|[Origine : FRANCE, CONSERVER A +6 C MAXIMUM]|"
6,73€ / Kg"|"
1,01 €"
2015|Spécialité laitière sur lit de fruits de la passion, 0% de mat. Gr|Les 4 pots de 100g|[Origine : FRANCE, lait ÍcrÍmÍ  sucre (7,8%) fruits de la passion (5%) jus de fruits de lapassion Å base de concentrÍ (4,3%) Ípaississants: amidon modifiÍ (E1422), pectine  (E440), gomme guar(E412) jus de citron concentrÍ correcteur d'aciditÍ: citrate de sodium (E331)concentrÍ des minÍraux du lait ferments lactiques (lait) ar«me naturel, Glucides : 12,2G, Lipides : 0,1G, Protides :8,1G]|"
6,23€ / Kg"|##
2016|Spécialité laitière sur lit de fruits de la passion sucré|Le pot de 150g|[Origine : FRANCE, CONSERVER A +6 C MAXIMUM]|"
6,73€ / Kg"|"
1,01 €"
2017|Spécialité laitière sur lit de mangue, 0% de mat. Gr|Le pot de 150g|[Origine : FRANCE, CONSERVER A +6 C MAXIMUM]|"
6,73€ / Kg"|"
1,01 €"
2018|Spécialité laitière sur lit de mangue, 0% de mat. Gr|Les 4 pots de 100g|[Origine : FRANCE, lait ÍcrÍmÍ  mangue(10%) sucre (6,3%) sucre liquide (1,3%) Ípaississants: amidon transformÍ (E1442), carraghÍnanes (E407), gomme guar(E412) jus concentrÍ de citron concentrÍ des minÍraux du lait concentrÍ de carotte et de citrouille ferments lactiques (lait) ar«me naturel (lait) correcteur d'aciditÍ: citrate de sodium (E331), Glucides : 11,6G, Lipides : 0,2G, Protides :7,9G]|"
6,23€ / Kg"|##
2019|Spécialité laitière sur lit de myrtilles, 0% de mat. Gr|Les 4 pots de 100g|[Origine : FRANCE, lait ÍcrÍmÍ  myrtille(10%) sucre (7,9%) Ípaississants: amidon transformÍ(E1422), pectine (E440), gomme guar(E412) ar«me naturel jus de citron concentrÍ concentrÍ des minÍraux du lait correcteur d'aciditÍ: citrate de sdium (E331) ferments lactiques (lait), Glucides : 12,1G, Lipides : 0,1G, Protides :7,9G]|"
6,23€ / Kg"|##
2020|Spécialité laitière sur lit de myrtilles sucré|Le pot de 150g|[Origine : FRANCE, CONSERVER A +6 C MAXIMUM]|"
6,73€ / Kg"|"
1,01 €"
2021|Spécialité laitière sur lit de pêches sucré|Le pot de 150g|[Origine : FRANCE, CONSERVER A +6 C MAXIMUM]|"
6,73€ / Kg"|"
1,01 €"
2022|Yaourt brass{ sur lit de myrtille a\ai|Les 4 pots de 125g|[Origine : FRANCE, Lait entier lait ÍcrÍmÍ concentrÍ ou en poudre fruits (8,6%): myrtille,aËai sucre (7,8%) crÈme (lait) Ípaississants: amidon transformÍ (E1442),carraghÍnanes (E407) fructo-oligosaccharides ferments lactiques dont bifidobactÍrium (Bifidus ActiRegularis) (lait) ar«me naturel correcteursd'aciditÍ: citrate de sodium (E331), acide citrique (E330), Glucides : 13,3 G, Lipides : 3,5 G, Protides :3,5 G]|"
4,10€ / Kg"|"
2,05 €"
2023|Yaourts à la fraise, brassés|Les 4 pots de 125g|[Origine : FRANCE, Lait entier (58,3%), lait écrémé,concentré ou en poudre, fraise(6%), sucre (5,4%), sirop defructose (3,4%), crème,épaississants : E1422, E 440,E 410, citrate de calcium,arôme, ferments lactiques,colorant : E120,vitamine D., Valeur énergétique en Joules :  391Kj, Valeur énergétique en Kcal : 93Kcal, Glucides : 13,1g, Lipides : 2,9g, Protides :3,6g, A conserver à +6°C]|"
3,48€ / Kg"|"
1,74 €"
2024|Yaourts aux fruits allégés|Les 16 pots de 125g|[Origine : FRANCE, Fraises, cerises, cassis, abricots, ananas, pêches. Avec du bon lait, de beaux morceaux de fruits bien fermes, sa touche de crème qui rend son goût si unique C'est à Villecomtal-Sur-Arros, au coeur du Midi-Pyrénées, que nous produisons votre RecetteCrémeuse., Lait entier (76,8%), sucre (9,5% en moyenne), fruits : ananas (6%), fraise, cerise, cassis, abricot, pêche (5,6%), lait écrémé concentré ou en poudre, crème (1,6%), épaississants : E1442, E1422, E407, E412, E440, sirop de glucose-fructose, dextrose,arômes, ferments lactiques, colorants : E120, E160c, E101., A conserver à + 6°C maximum.]|"
2,31€ / Kg"|"
4,62 €"
2025|Flan, goût vanille nappé de caramel|Les 12 pots de 100g|[Origine : FRANCE, Lait partiellement écrémé 82%, sucre, caramel (sucres, eau, amidon transformé de maïs, épaississants : E440, E415), amidon transformé de maïs, gélifiant : E407, arôme vanille, colorants : E16b, E100., Valeur énergétique en Joules :  380kj, Valeur énergétique en Kcal : 90kcal, Glucides : 18g, Lipides : 0,8g, Protides :2,6g, A conserver entre 0°C et +6°C.]|"
1,70€ / Kg"|"
2,04 €"
2026|Flan, goût vanille nappé de caramel|Les 4 pots de 100g, 400g|[Origine : FRANCE, Lait entier 76%, sucre, caramel 5,9%, (eau, sucre, sirop de glucose, fructose, amidons tranformés de pomme de terre, épaississant: gomme xanthane, gélifiants: pectine, carraghénanes, arôme, colorant, béta, caroténe, correcteur d'acidité: citrates desodium., Valeur énergétique en Joules :  484kj, Valeur énergétique en Kcal : 115kcal, Glucides : 20g, Lipides : 2,8g, Protides :2,5g]|"
2,28€ / Kg"|"
0,91 €"
2027|Fromage frais à la fraise|Les 4 gourdes de 90g, 360g|[Origine : FRANCE, Tenir le bouchon hors de la portée des enfants. Ne pas avaler le bouchon., Fromage frais à la fraise à 3,4% de matière grasse par poids total (lait écrémé pasteurisé 90%, crème pasteurisée 10%, ferments lactiques, coagulant) 82%, sucre 6,6%, purée de fraise 5,4%, sirop de glucose-fructose, amidon transformé de maïs, arôme,concentré des minéraux du lait, correcteur d'acidité : acide citrique, stabilisant : gomme guar, colorant : carmin, vitamine D., Valeur énergétique en Joules :  404kj, Valeur énergétique en Kcal : 96kcal, Glucides : 13g, Lipides : 2,5g, Protides :5,3g, A conserver entre 0°C et +6°C. A consommer 4 heures maximum après la sortie du réfrigérateur.]|"
6,61€ / Kg"|"
2,38 €"
2028|Yaourt à boire à la fraise|Le pack de 6 bouteilles, 600g|[Origine : FRANCE, Lait partiellement écrémé(16g de matière grasse par litre) - sucre(8,9%) - purée de fraise reconstituée(6%) - lait écrémé ou lactose et protéines de lait - concentré des minéraux du lait - citrate de calcium - arômes - amidon transformé de maïs - correcteur d'acidité : acide citrique - ferments lactiques - conservateur : sorbate de potassium - épaississant : farine de graines de caroube -colorant : carmin - vitamines : 03, B2, B12., Valeur énergétique en Joules :  248kj, Valeur énergétique en Kcal : 68kcal, Glucides : 11,1g, Lipides : 1,3g, Protides :2,8g]|"
3,42€ / Kg"|"
2,05 €"
2031|Danao pêche et abricot|La brique de 1L|[Origine : FRANCE]|"
2,35€ / L"|"
2,35 €"
2032|Petits suisses aux fruits|Les 12 pots de 50g|[Origine : FRANCE, CONSERVER A +6 C MAXIMUM]|"
3,40€ / Kg"|"
2,04 €"
2033|Kinder Pingui chocolat|les 4 pièces de 30g, soit 120g|[Origine : ITALIE, Valeur énergétique en Joules :  1878, Valeur énergétique en Kcal : 451, Glucides : 41,5, Lipides : 28,30, Protides :5,7]|"
10,67€ / Kg"|"
1,28 €"
2034|Yaourt à boire, Mangue/passion|La bouteille de 500ml|[Origine : FRANCE, Notre aventure : gourmande et saine, pleine de peps, de projets fous et surtout humaine. La vache, la mangue, vous, le livreur, le commerçant, la tribu : chacun a son mot à dire pour faire grandir l'aventure., A secouer., Température de conservation : 0 - +6 C]|"
5,26€ / Kg"|"
2,63 €"
2035|Yaourt à boire à la banane et goyave, au lait entier|La bouteille de 500ml|[Origine : FRANCE, Notre aventure : gourmande et saine, pleine de peps, de projets fous et surtout humaine. La vache, la banane, vous, le commerçant, la tribu : chacun a son mot à dire pour faire grandir l'aventure. Rendez-vous chaque 1er jeudi du mois à 19h à la bananeraie !, Avant de la traire, faites faire le poirier à la vache, 3 fois ! Si si, elle adore !, Température de conservation : 0 - +6 C]|"
5,26€ / Kg"|"
2,63 €"
2036|Yaourt à boire à la framboise, au lait entier|La bouteille de 500ml|[Origine : FRANCE, Yaourt sucré aromatisé., A secouer., Température de conservation : 0 - +6 C]|"
5,26€ / Kg"|"
2,63 €"
2037|Yaourt à boire à la myrtille et gouttes de violette|La bouteille de 500ml|[Origine : FRANCE, A secouer., Température de conservation : 0 - +6 C]|"
4,96€ / Kg"|"
2,63 €"
2038|Yaourt à boire à la vanille et gouttes de sirop d'érable|La bouteille de 500ml|[Origine : FRANCE, A secouer., Température de conservation : 0 - +6 C]|"
5,26€ / Kg"|"
2,63 €"
2039|Flans vanille nappés de caramel|Les 4 pots de 100g|[Origine : FRANCE, Flanby + de 70% de lait. Pour démouler c'est plus rigolo !, A conserver au frais à max. +6 C]|"
2,55€ / Kg"|"
1,02 €"
2040|Petit gervais aux fruits|Les 18 pots de 50g|[Origine : FRANCE]|"
2,99€ / Kg"|##
2041|Caramel Macchiato, café latté frappé aromatisée au caramel|La cup de 220ml|[Origine : DANEMARK, Votre cup de café latté frappé aromatisée au caramel, préparée avec le même espresso que dans nos salons de café.]|"
8,91€ / Kg"|"
2,05 €"
2042|Chocolate Mocha, café latté frappé aromatisée au chocolat|La cup de 220ml|[Origine : DANEMARK, Votre cup de café latté frappé aromatisée au chocolat, préparée avec le même espresso que dans nos salons de café.]|"
8,91€ / Kg"|"
2,05 €"
2043|Seattle Latte, goût original du café latté frappé Starbucks made in Seattle|La cup de 220ml|[Origine : DANEMARK, Votre cup au goût original du café latté frappé, préparée avec le même espresso que dans nos salons de café.]|"
8,91€ / Kg"|"
2,05 €"
2044|Boisson au lait fermenté sucrée|Les 7 bouteilles de 65ml|[Origine : PAYS-BAS, Eau, lait écrémé (40,4%), sirop de glucose- frustose (9,2%), maltodextrine (1,2%), artme, lactobacillus casei shirota. Yakult est sans gluten., Valeur énergétique en Joules :  280,0kj, Valeur énergétique en Kcal : 66,0kcal, Glucides : 14,7g, Lipides : 0,1g, Protides :1,3g]|"
8,26€ / L"|"
3,76 €"
2045|Petits filous aux fruits|Les 12 pots de 50g|[Origine : FRANCE, Fromage frais au lait demi-ÍcrÍmÍ (Lait ÍcrÍmÍ et crÈme (Lait) pasteurisÍs, Ferments lactiques) ? Eau ? Sucre : 6.2% - Fructose : 3.2% - Amidon transformÍ de maÕs - Jus d?aronia (goÛt Fruits rouges) - Jus de potiron (goÛts P²che et Abricot) ? Jus desureau (goÛts Fruits rouges et Framboise) ? Jus de betterave rouge (goÛt Framboise) ? Jus de carotte (goÛts P²che, Abricot, Framboise et Fraise) ? Ar«mes naturels - Epaississants : Gomme de guar - Vitamine D.]|"
3,52€ / Kg"|"
2,11 €"
2046|Ptit yop vanille|Le pack  4X180G|[Origine : FRANCE, Lait ÍcrÍmÍ Å base de poudre de lait - Sucre : 6% - Sirop de glucose-fructose : 5.3% - CrÈme - Ar«me naturel de vanille et autres ar«mes naturels - ConcentrÍ des minÍraux du lait - Ferments lactiques.]|"
2,99€ / Kg"|"
2,15 €"
2047|Yaourt à boire à la coco, sucré|La bouteille de 850g|[Origine : FRANCE, Source de calcium., Agiter avant ouverture., Lait écrémé à base de poudre de lait, sucre 6%, sirop de glucose-fructose 5,3%, crème, poudre de lait écrémé, arômes, concentré des minéraux du lait, ferments lactiques. Sans colorants., Conservation à +6°C maxi.]|"
2,35€ / Kg"|"
2,00 €"
2048|Yaourt à boire à la fraise, sucré|La bouteille de 850g|[Origine : FRANCE, Source de calcium., Agiter avant ouverture., Lait écrémé à base de poudre de lait, sucre : 6%, sirop de glucose-fructose : 5,3%, crème, poudre de lait écrémé, arômes, concentré des minéraux du lait, ferments lactiques. Sans colorants., Conservation à +6°C maxi.]|"
2,35€ / Kg"|"
2,00 €"
2049|Yaourt à boire à la framboise|Les 4 bouteilles de 180g|[Origine : FRANCE, Un cocktail de bienfaits pour le goûter : protéines du lait, peu de matières grasses, sans conservateur, calcium., Agiter avant d'ouvrir et boire très frais., Lait écrémé à base de poudre de lait, sucre : 6%, sirop de glucose-fructose : 5,3%, crème, poudre de lait écrémé, arômes, concentré des minéraux du lait, ferments lactiques. Sans colorants. Sans conservateur., Se conserve jusqu'à 8h hors du frigo. Conservation à +6°C.]|"
2,86€ / Kg"|"
2,06 €"
2050|Yaourt à boire à la framboise, sucré|La bouteille de 850g|[Origine : FRANCE, Source de calcium., Agiter avant ouverture., Lait écrémé à base de poudre de lait, sucre 6%, sirop de glucose-fructose 5,3%, crème, poudre de lait écrémé, arômes, concentré des minéraux du lait, ferments lactiques. Sans colorants., Conservation à +6°C maxi.]|"
2,35€ / Kg"|"
2,00 €"
2051|Yaourt à boire à la vanille, sucré|La bouteille de 850g|[Origine : FRANCE, Source de calcium., Agiter avant ouverture., Lait écrémé à base de poudre de lait, sucre 6%, sirop de glucose-fructose 5,3%, crème, poudre de lait écrémé, arômes, concentré des minéraux du lait, ferments lactiques. Sans colorants., Conservation à +6°C maxi.]|"
2,35€ / Kg"|"
2,00 €"
2052|Yaourt à boire au chocolat, sucré|La bouteille de 850g|[Origine : FRANCE, Source de calcium., Agiter avant ouverture., Lait écrémé à base de poudre de lait, sucre 6%, sirop de glucose-fructose 5,3%, crème, poudre de lait écrémé, arômes, concentré des minéraux du lait, ferments lactiques. Sans colorants., Conservation à +6°C maxi.]|"
2,35€ / Kg"|"
2,00 €"
2053|Yaourt à boire aux fruits|Les 12 tubes de 40g|[Origine : FRANCE, Un Tub's, c'est du fromage frais au bon lait demi-écrémé mélangé à une savoureuse purée de fruits et c'est sans colorant.Petits Filous Tub's est naturellement source de calcium et enrichi en vitamine D., Fromage frais au lait demi-écrémé (lait écrémé et crème pasteurisés, ferments lactiques), sucre : 13,6%, eau, fruits (fraise ou pêche ou framboise) : 5%, amidon transformé, sirop de saccharose : 0,2%, arômes, épaississants : gomme de guar, conservateur du fruit : E202, vitamine D. Sans colorants., Valeur énergétique en Joules :  460, Valeur énergétique en Kcal : 109,9, Glucides : 14, Lipides : 2,9, Protides :6,7, Conservation à + 6°C maxi.]|"
6,23€ / Kg"|"
2,99 €"
2054|Yaourts à boire à la fraise|Les 4 bouteilles de 180g|[Origine : FRANCE, Un cocktail de bienfaits pour le goûter : protéines du lait, peu de matières grasses, sans conservateur, calcium., Agiter avant d'ouvrir et boire très frais., Lait écrémé à base de poudre de lait, sucre : 6%, sirop de glucose-fructose : 5,3%, crème, poudre de lait écrémé, arômes, concentré des minéraux du lait, ferments lactiques. Sans conservateur. Sans colorants., Se conserve jusqu'à 8h hors du frigo. Conservation à +6°C.]|"
2,86€ / Kg"|"
2,06 €"
2055|Yaourts à boire à la fraise, vanille et framboise|Les 6 bouteilles de 180g|[Origine : FRANCE, 3 parfums : 2 fraise, 2 vanille, 2 framboise.Un cocktail de bienfaits pour le goûter : protéines du lait, peu de matières grasses, sans conservateur, calcium., Agiter avant d'ouvrir et boire très frais., Lait écrémé à base de poudre de lait, sucre : 6%, sirop de glucose-fructose : 5,3%, crème, poudre de lait écrémé, arômes, concentré de minéraux du lait, ferments lactiques. Sans colorants. Sans conservateur., Valeur énergétique en Joules :  334, Valeur énergétique en Kcal : 79,8, Glucides : 13,6, Lipides : 1,3, Protides :2,8, Se conserve jusqu'à 8h hors du frigo. Conservation à +6°C.]|"
2,85€ / Kg"|"
3,08 €"
2056|Citron, yaourt aromatisé, certifié agriculture biologique|Les 4 pots de 125g, soit 500g|[Origine : FRANCE, Lait entier* 89%, sucre de canne* 9,8%, arôme naturel de citron avec autres arômes naturels, poudre de lait écrémé*, ferments lactiques. *Ingrédients issus de l'agriculture biologique., Valeur énergétique en Joules :  400kj, Valeur énergétique en Kcal : 95kcal, Glucides : 13g, Lipides : 3,4g, Protides :3,1g, A conserver entre 0°C et +6°C.]|"
3,56€ / Kg"|"
1,78 €"
2057|Citron, yaourt aromatisé, certifié agriculture biologique|Les 4 pots de 125g, soit 500g|[Origine : FRANCE, Lait entier* 89%, sucre de canne* 9,8%, arôme naturel de citron avec autres arômes naturels, poudre de lait écrémé*, ferments lactiques. *Ingrédients issus de l'agriculture biologique., Valeur énergétique en Joules :  400kj, Valeur énergétique en Kcal : 95kcal, Glucides : 13g, Lipides : 3,4g, Protides :3,1g, A conserver entre 0°C et +6°C.]|"
3,56€ / Kg"|"
1,78 €"
2058|Le fontainebleau, aéré et fondant, crème et fromage blanc|Les 2 pots de 12,5cl|[Origine : FRANCE, Un délicieux mélange aéré de crème et de fromage frais, A consommer légèrement sucré ou accompagné d'un coulis de fruits., Crème 65 %, fromage frais 35 % (lait écrémé, ferments lactiques, coagulant)., Valeur énergétique en Joules :  711kj, Valeur énergétique en Kcal : 172kcal, Glucides : 2,3g, Lipides : 17g, Protides :2,5g, A conserver entre 0°C et +6°C.]|"
6,44€ / L"|"
1,61 €"
2059|Vanille, yaourt aromatisé à la vanille, certifié agriculture biologique|Les 4 pots de 125g, soit 500g|[Origine : FRANCE, Lait entier* 89%, sucre de canne* 9,8%, arôme naturel de vanille, poudre de lait écrémé*, ferments lactiques. *ingrédients issus de l'agriculture biologique., Valeur énergétique en Joules :  400kj, Valeur énergétique en Kcal : 95kcal, Glucides : 13g, Lipides : 3,4g, Protides :3,1g, A conserver entre 0°C et +6°C.]|"
2,78€ / Kg"|"
1,39 €"
2060|Vanille, yaourt aromatisé à la vanille, certifié agriculture biologique|Les 4 pots de 125g, soit 500g|[Origine : FRANCE, Lait entier* 89%, sucre de canne* 9,8%, arôme naturel de vanille, poudre de lait écrémé*, ferments lactiques. *ingrédients issus de l'agriculture biologique., Valeur énergétique en Joules :  400kj, Valeur énergétique en Kcal : 95kcal, Glucides : 13g, Lipides : 3,4g, Protides :3,1g, A conserver entre 0°C et +6°C.]|"
2,78€ / Kg"|"
1,39 €"
2061|Yaourt brassé nature bio, au lait entier de vache|Les 4 pots de 125g|[Origine : FRANCE, Lait entier* 80% minimum, lait écrémé reconstitué*, poudre de lait écrémé*, ferments lactiques sélectionnés. *Ingrédients issus de l'agriculture biologique., A conserver entre 0°C et +4°C. Stocker à plat. A consommer entièrement après ouverture du pot.]|"
3,10€ / Kg"|"
1,55 €"
2062|Yaourt brassé nature bio, au lait entier de vache|Les 4 pots de 125g|[Origine : FRANCE, Lait entier* 80% minimum, lait écrémé reconstitué*, poudre de lait écrémé*, ferments lactiques sélectionnés. *Ingrédients issus de l'agriculture biologique., A conserver entre 0°C et +4°C. Stocker à plat. A consommer entièrement après ouverture du pot.]|"
3,10€ / Kg"|"
1,55 €"
2063|Yaourt de brebis à la grecque, certifié AB|Les 2 pots de 150g|[Origine : FRANCE, Monoprix a sélectionné pour vous, avec des entreprises partenaires, des produits issus de l'agriculture biologique. Leurs modes de production et de transformation sont contrôlés et certifiés par un organisme indépendant conformément à la réglementation en vigueur., Lait* de brebis pasteurisé à 10% de matière grasse, ferments lactiques. *Ingrédient issu de l'agriculture biologique., A conserver entre 0°C et +6°C.]|"
8,20€ / Kg"|"
2,46 €"
2064|Yaourt de brebis à la grecque, certifié AB|Les 2 pots de 150g|[Origine : FRANCE, Monoprix a sélectionné pour vous, avec des entreprises partenaires, des produits issus de l'agriculture biologique. Leurs modes de production et de transformation sont contrôlés et certifiés par un organisme indépendant conformément à la réglementation en vigueur., Lait* de brebis pasteurisé à 10% de matière grasse, ferments lactiques. *Ingrédient issu de l'agriculture biologique., A conserver entre 0°C et +6°C.]|"
8,20€ / Kg"|"
2,46 €"
2065|Yaourts à la grecque, natures et brassés|Les 4 pots de 150g|[Origine : FRANCE, Lait entier , crème , protéines de lait , ferments lactiques ., Valeur énergétique en Joules :  470Kj, Valeur énergétique en Kcal : 113Kcal, Glucides : 4,1g, Lipides : 9,3g, Protides :3,3g, A conserver entre 0°C et +6°C]|"
2,35€ / Kg"|"
1,41 €"
2066|Yaourts au lait de brebis, goût nature|Les 4 pots de 125g|[Origine : FRANCE, Lait entier de brebis, ferments lactiques., A conserver entre 0°C et +6°C.]|"
4,32€ / Kg"|"
2,16 €"
2067|Yaourts au lait de chèvre, goût nature|Les 4 pots de 125g|[Origine : FRANCE, Lait entier de chèvre, ferments lactiques., Valeur énergétique en Joules :  312Kj, Valeur énergétique en Kcal : 75Kcal, Glucides : 5g, Lipides : 4,4g, Protides :3,8g, A conserver entre 0°C et +6°C.]|"
4,79€ / Kg"|"
2,30 €"
2068|Yaourts au lait entier, nature|Les 4 pots de 125g|[Origine : FRANCE, Lait entier 98%, lait écrémé en poudre, ferments lactiques., Valeur énergétique en Joules :  277Kj, Valeur énergétique en Kcal : 1158Kcal, Glucides : 5,4g, Lipides : 3,5g, Protides :3,3g, A conserver entre 0°C et +6°C.]|"
2,78€ / Kg"|"
1,39 €"
2069|Yaourts brassés natures|Les 16 pots de 125g|[Origine : FRANCE, Lait entier 98%, protéines de lait, ferments lactiques., Valeur énergétique en Joules :  289kj, Valeur énergétique en Kcal : 69kcal, Glucides : 4,9g, Lipides : 3,5g, Protides :4,5g, A conserver au frais entre 0°C et +6°C .]|"
1,31€ / Kg"|"
2,62 €"
2070|Yaourts brassés natures|Les 4 pots de 125g|[Origine : FRANCE, Lait entier 98%, protéines de lait, ferments lactiques., Valeur énergétique en Joules :  271Kj, Valeur énergétique en Kcal : 65Kcal, Glucides : 5,5g, Lipides : 3g, Protides :3,9g, A conserver entre 0°C et +6°C]|"
1,74€ / Kg"|"
0,87 €"
2071|Yaourts brassés natures|Les 8 pots de 125g|[Origine : FRANCE, Lait entier 98%, protéines de lait, ferments lactiques., Valeur énergétique en Joules :  271Kj, Valeur énergétique en Kcal : 65Kcal, Glucides : 5,5g, Lipides : 3g, Protides :3,9g, A conserver au frais entre 0°C et +6°C .]|"
1,61€ / Kg"|"
1,61 €"
2072|Yaourts de brebis à la vanille, certifiés AB|Les 2 pots de 125g|[Origine : FRANCE, Lait de brebis* à 3% de matière grasse 94%, sucre* 5,6%, arôme naturel de vanille, ferments lactiques. *Issus de l'agriculture biologique., A conserver entre 0°C et +6°C.]|"
5,52€ / Kg"|"
1,38 €"
2073|Yaourts de brebis à la vanille, certifiés AB|Les 2 pots de 125g|[Origine : FRANCE, Lait de brebis* à 3% de matière grasse 94%, sucre* 5,6%, arôme naturel de vanille, ferments lactiques. *Issus de l'agriculture biologique., A conserver entre 0°C et +6°C.]|"
5,52€ / Kg"|"
1,38 €"
2074|Yaourts de brebis natures, certifié AB|Les 2 pots de 125g|[Origine : FRANCE, Lait de brebis* à 3% de matière grasse, ferments lactiques. *issu de l'agricuture biologique.]|"
5,52€ / Kg"|"
1,38 €"
2075|Yaourts de brebis natures, certifié AB|Les 2 pots de 125g|[Origine : FRANCE, Lait de brebis* à 3% de matière grasse, ferments lactiques. *issu de l'agricuture biologique.]|"
5,52€ / Kg"|"
1,38 €"
2076|Yaourts natures|Les 12 pots de 125g|[Origine : FRANCE, Lait à 15g de matière grasse par litre, lait écrémé concentré, ferments lactiques., Valeur énergétique en Joules :  213Kj, Valeur énergétique en Kcal : 51Kcal, Glucides : 5,4g, Lipides : 1,4g, Protides :4,1g, A conserver entre 0°C et +6°C.]|"
1,16€ / Kg"|"
1,74 €"
2077|Yaourts natures|Les 16 pots de 125g|[Origine : FRANCE, A consommer nature, avec du sucre, de la confiture ou du miel., Lait à 15g de mat. gr. par litre, lait écrémé concentré, ferments lactiques., A conserver entre 0°C et +6°C.]|"
0,99€ / Kg"|"
1,97 €"
2078|Yaourts natures|Les 4 pots de 125g|[Origine : FRANCE, Lait à 15% de matière grasse par litre, lait écrémé concentré, ferments lactiques., Valeur énergétique en Joules :  213Kj, Valeur énergétique en Kcal : 51Kcal, Glucides : 5,4g, Lipides : 1,4g, Protides :4,1g, A conserver entre 0°C et +6°C]|"
1,34€ / Kg"|"
0,67 €"
2079|Yaourts natures au sucre de canne|Les 4 pots de 125g|[Origine : FRANCE, Lait écrémé à base de poudre de lait, lait écrémé, sucre de canne 9%, crème, poudre de lait écrémé, ferments lactiques du yaourt., Valeur énergétique en Joules :  319Kj, Valeur énergétique en Kcal : 75Kcal, Glucides : 13g, Lipides : 1g, Protides :3,3g, A conserver entre 0°C et +6°C]|"
1,42€ / Kg"|"
0,71 €"
2080|Yaurt nature|Les 12 pots de 125g|[Origine : FRANCE, Monoprix a sélectionné pour vous avec des entreprises partenaires, des produits issus de l'agriculture biologique.Leurs modes de production et de transformation sont contrôlés et certifiés par un organisme indépendant conformément à la réglementationen vigueur., Lait partiellement écrémé*, lait écrémé en poudre*, ferments lactiques., Valeur énergétique en Joules :  214kj, Valeur énergétique en Kcal : 51kcal, Glucides : 5,8g, Lipides : 1,1g, Protides :4,4g, A conserver entre 0°C et +6°C.]|"
2,03€ / Kg"|"
3,04 €"
2081|Yaurt nature|Les 12 pots de 125g|[Origine : FRANCE, Monoprix a sélectionné pour vous avec des entreprises partenaires, des produits issus de l'agriculture biologique.Leurs modes de production et de transformation sont contrôlés et certifiés par un organisme indépendant conformément à la réglementationen vigueur., Lait partiellement écrémé*, lait écrémé en poudre*, ferments lactiques., Valeur énergétique en Joules :  214kj, Valeur énergétique en Kcal : 51kcal, Glucides : 5,8g, Lipides : 1,1g, Protides :4,4g, A conserver entre 0°C et +6°C.]|"
2,03€ / Kg"|"
3,04 €"
2082|Cottage Cheese, fromage frais salé, recette anglaise|Les 2 pots de 200g, soit 400g|[Origine : ALLEMAGNE, Cottage Cheese est un fromage frais non battu au goût subtilement salé.Danone a sélectionné pour vous cette recette originale, ferme et fondant à la fois afin de vous faire découvrir une multitude de saveurs à réaliser vous-même., Peut se déguster nature, en accompagnement de crudités ou de salade, à tartiner garni de fines herbes ou d'épices., Lait écrémé pasteurisé, crème pasteurisée, sel (0,8%), ferments lactiques. 3,9% de matière grasse pour 100g de produit fini. 20% de matière grasse sur extrait sec., Valeur énergétique en Joules :  382kj, Valeur énergétique en Kcal : 91kcal, Glucides : 2,3g, Lipides : 3,9g, Protides :11,7g, A conserver à +6°C maximum.]|"
10,28€ / Kg"|"
4,11 €"
2083|Yaourt à la Grècque nature Ilios|Les 4 pots de 125g, soit 500g|[Origine : FRANCE, Savourez ce yaourt onctueux à la texture crémeuse et lisse d'un blanc intense rehaussé d'une pointe de crème acidulée., Lait entier (74,4%), crème, protéines de lait, lait écrémé en poudre, ferments lactiques., Valeur énergétique en Joules :  496kj, Valeur énergétique en Kcal : 120kcal, Glucides : 3,6g, Lipides : 10g, Protides :3,8g, A conserver à +6°C max.]|"
4,42€ / Kg"|"
2,21 €"
2084|Yaourts au lait entier, goût nature|Les 8 pots de 125g|[Origine : FRANCE, Une recette simple et unique qui allie une texture onctueuse et fluide, avec un goût frais, et pourtant si doux. Le plaisir rafraîchissant à l'état brut., Lait entier, crème, protéines de lait, ferments lactiques., Valeur énergétique en Joules :  489, Valeur énergétique en Kcal : 118, Glucides : 3,9g, Lipides : 10g, Protides :3,1g, A conserver à +6°C maximum.]|"
3,45€ / Kg"|"
3,45 €"
2085|Yaourts natures|Les 12 pots de 125g|[Origine : FRANCE, Lait ÍcrÍmÍ (92,07%) lait ÍcrÍmÍ concentrÍ ou en poudre crÈme (lait) ferments lactiques (lait), Glucides : 5,3G, Lipides : 1G, Protides :4G]|"
1,55€ / Kg"|"
2,33 €"
2086|Yaourts natures|Les 16 pots de 125g|[Origine : FRANCE, Lait ÍcrÍmÍ (92,07%) lait ÍcrÍmÍ concentrÍ ou en poudre crÈme (lait) ferments lactiques (lait), Glucides : 5,3G, Lipides : 1G, Protides :4G]|"
1,34€ / Kg"|"
2,67 €"
2087|Yaourts natures|Les 4 pots de 125g|[Origine : FRANCE, Lait ÍcrÍmÍ (92,07%) lait ÍcrÍmÍ concentrÍ ou en poudre crÈme (lait) ferments lactiques (lait), Glucides : 5,3G, Lipides : 1G, Protides :4G]|"
1,92€ / Kg"|"
0,96 €"
2088|Yaourt à la gracque, 0%|Le pot de 170g|[Origine : GRECE, Lait de vache, crème, ferments lactiques vivants., Valeur énergétique en Joules :  243kj, Valeur énergétique en Kcal : 57kcal, Glucides : 4g, Lipides : 0g, Protides :10,3g, Conserver au frais à max 7°C.]|"
9,82€ / Kg"|"
1,67 €"
2089|Yaourt à la grecque|Le pot de 170g|[Origine : GRECE, Lait de vache, crème, ferments lactiques vivants., Valeur énergétique en Joules :  403kj, Valeur énergétique en Kcal : 96kcal, Glucides : 3,8g, Lipides : 5g, Protides :9g, Conserver au frais à max 7°C.]|"
9,47€ / Kg"|"
1,61 €"
2090|Yaourt à la Grecque|Le pot de 500g|[Origine : FRANCE, Enlever le disque de papier à l'ouverture., Lait de vache pasteurisé et crème, ferments lactiques (L. Bulgaricus, S. Thermophilus, L. Acidophilus, Bifidus, L. Casei)., Valeur énergétique en Joules :  403kj, Valeur énergétique en Kcal : 96kcal, Glucides : 3,8g, Lipides : 5g, Protides :9g, A conserver au frais à max 7°C. A consommer dans les 5 jours après ouverture.]|"
8,02€ / Kg"|"
4,01 €"
2091|Yaourt grec 0%|Le pot de 500g|[Origine : GRECE, Authentique yaourt égoutté grec à 0% de matière grasse., Lait de vache écrémé, ferments lactiques vivants., Valeur énergétique en Joules :  243kj, Valeur énergétique en Kcal : 57kcal, Glucides : 4g, Lipides : 0g, Protides :10,3g, A conserver au frais à max 7°C. Après ouverture, à consommer dans les 5 jours.]|"
8,20€ / Kg"|"
4,10 €"
2092|Yaourt à la Grecque, au lait de brebis|Les 2 pots de 150g, soit 300g|[Origine : FRANCE, Yaourt à la Grecque pur brebis., Lait de brebis à 10% de matières grasses, ferments lactiques. Lait origine France., Valeur énergétique en Joules :  525kj, Valeur énergétique en Kcal : 127kcal, Glucides : 4g, Lipides : 10g, Protides :5,1g, A conserver entre 0°C et +6°C.]|"
8,20€ / Kg"|"
2,46 €"
2093|Yaourt de brebis nature, 0% de matière grasse|Les 2 pots de 125g, soit 250g|[Origine : FRANCE, Yaourt maigre au lait de brebis nature., lait de brebis ÍcrÍmÍ, poudre de lait de brebis ÍcrÍmÍ, ferments lactiques, Valeur énergétique en Joules :  182kj, Valeur énergétique en Kcal : 43kcal, Glucides : 5,2g, Lipides : 0,1g, Protides :5,3g, A conserver entre 0°C et +6°C.]|"
6,60€ / Kg"|"
1,65 €"
2094|Yaourt de brebis nature, saveur vanille, 0% de matière grasse|Les 2 pots de 125g, soit 250g|[Origine : FRANCE, Yaourt maigre au lait de brebis avec sucre et édulcorant, saveur vanille., lait de brebis ÍcrÍmÍ, sucre 2.9%, poudre de lait de brebis ÍcrÍmÍ, ar«me naturel de vanille, Ídulcorant : glycosides de stÍviol, ferments lactiques, Valeur énergétique en Joules :  226kj, Valeur énergétique en Kcal : 53kcal, Glucides : 7,9g, Lipides : 0,1g, Protides :5,1g, A conserver entre 0 et +6°C.]|"
6,80€ / Kg"|"
1,70 €"
2095|Yaourts à la vanille, caillés au lait de brebis|Les 2 pots de 125g|[Origine : FRANCE, Lait de brebis 94%, sucre 6%, arôme : vanille naturelle, présure., conservation à +4°C maximum]|"
9,08€ / Kg"|"
2,27 €"
2096|Yaourts caillés au lait de brebis, goût nature|Les 2 pots de 125g|[Origine : FRANCE, Lait de brebis, présure., Conservation à + 6°c maximum.]|"
9,08€ / Kg"|"
2,27 €"
2097|Yaourt au lait d'amande|Les 2 pots de 125g|[Origine : FRANCE, Yaourt sucré au lait d'amande., Conserver au réfrigérateur entre 0°C et +6°C.]|"
10,24€ / Kg"|"
2,56 €"
2098|Yaourts au lait entier, goût nature|Les 4 pots de 125g|[Origine : FRANCE, Lait entier (94,1%), lait écrémé en poudre, ferments lactiques., Valeur énergétique en Joules :  280, Valeur énergétique en Kcal : 67, Glucides : 4,7g, Lipides : 3,3g, Protides :3,9g, A conserver à max. +6°C.]|"
3,28€ / Kg"|"
1,64 €"
2099|Yaourts au lait entier, goût nature|Les 8 pots de 125g|[Origine : FRANCE, Le Yaourt La Laitière, le plaisir simple d'un yaourt savoureux et fondant pour un doux moment de gourmandise., Lait entier (94.1%), lait écrémé en poudre, ferments lactiques., Valeur énergétique en Joules :  280, Valeur énergétique en Kcal : 66,9, Glucides : 4,7, Lipides : 3,3, Protides :3,9, Conservation à + 6°c maximum.]|"
2,94€ / Kg"|"
2,94 €"
2100|Yaourts natures à la grecque, brassés|Les 4 pots de 150g|[Origine : FRANCE, Le Yaourt à la Grecque de Nestlé, toute la générosité et la fraîcheur d'une recette inspirée de la tradition méditerranéenne., A conserver au frais à max. +6 C]|"
3,87€ / Kg"|"
2,32 €"
2101|Yaourts au lait de chèvre, goût nature|Les 2 pots de 120g|[Origine : FRANCE, 100% lait de chèvre., Lait pasteurisé de chèvre, protéines laitières de chèvre, ferments lactiques, A conserver à max. +7°C.]|"
7,46€ / Kg"|"
1,79 €"
2102|Yaourts natures|Les 4 pots de 125g|[Origine : FRANCE, Yaourt nature pot carton Malo x4, Lait partiellement écrémé pasteurisé (86,5%), concentré de lait écrémé, ferments lactiques.]|"
3,28€ / Kg"|"
1,64 €"
2103|Spécialité au soja, au chocolat|Les 4 pots 100g|[Origine : FRANCE, Sources de protéines végétales., Tonyu 78% (eau, graines de soja), sucre 14,9%, amidon transformé de manioc, chocolat en poudre 2,2% (cacao en poudre, sucre), cacao maigre en poudre 1,4%, phosphate tricalcique, arômes, épaississant : carraghénanes, sel, vitamine E., Valeur énergétique en Joules :  464kj, Valeur énergétique en Kcal : 110kcal, Glucides : 18g, Lipides : 2g, Protides :3,5g, A conserver entre 0°C et +6°C.]|"
3,45€ / Kg"|"
1,38 €"
2104|Spécialité au soja, aux fruits rouges|Les 4 pots 100g|[Origine : FRANCE, Sources de protéines végétales., Tonyu 76 % (eau, graines de soja), fruits rouges 10% (framboises 25%, mûres 25%, myrtilles 25%, fraises 25%), sucre 9,8%, amidons transformés de manioc, phosphate tricalcique, arômes, épaississant : pectine, correcteurs d'acidité : acide citrique, citrate de sodium, sel, ferments, vitamine E., Valeur énergétique en Joules :  333kj, Valeur énergétique en Kcal : 79kcal, Glucides : 12g, Lipides : 1,7g, Protides :3,3g, A conserver entre 0°C et +6°C.]|"
3,50€ / Kg"|"
1,40 €"
2105|Spécialité fermentée au soja, nature, riche en protéines végétales|Les 6 pots de 100g, soit 600g|[Origine : FRANCE, Sources de protéines végétales., Tonyu 98% (eau, graines de soja), amidon transformé de manioc, phosphate tricalcique, sel, ferments, correcteur d'acidité : acide citrique, vitamine E. Riche en protéines végétales., Valeur énergétique en Joules :  175kj, Valeur énergétique en Kcal : 42kcal, Glucides : 1,4g, Lipides : 2g, Protides :3,9g, A conserver entre 0°C et +6°C.]|"
2,73€ / Kg"|"
1,64 €"
2106|Yaourts au bifidus actif, goût nature|Les 12 pots de 125g|[Origine : FRANCE, Ce lait fermenté contient du bifidus, un ferment lactique supplémentaire aux ferments lactiques du yaourt. Source de calcium, ce lait fermenté contribue également à la solidité de vos os., Lait entier, lactose et protéines de lait, ferments lactiques dont bifidobacterium (bifidus actif)., Valeur énergétique en Joules :  262Kj, Valeur énergétique en Kcal : 63kcal, Glucides : 4,1g, Lipides : 3,5g, Protides :3,7g, A conserver entre 0°C et +6°C.]|"
1,37€ / Kg"|"
2,05 €"
2107|Yaourts au bifidus actif, goût nature|Les 4 pots de 125g|[Origine : FRANCE, Lait entier, lactose et protéines de lait, ferments lactiques dont bifidobacterium (bifidus actif)., Valeur énergétique en Joules :  262Kj, Valeur énergétique en Kcal : 1095Kcal, Glucides : 4,1g, Lipides : 3,5g, Protides :3,7g, A conserver entre 0°C et +6°C.]|"
1,64€ / Kg"|"
0,82 €"
2108|Yaourts natures au lait de vache, certifié AB|Les 4 pots de 125g|[Origine : FRANCE, Lait entier* (96.4%), ferments lactiques, poudre de lait écrémé*. *Ingrédients issus de l'agriculture biologique., Valeur énergétique en Joules :  214kj, Valeur énergétique en Kcal : 51Kcal, Glucides : 5,8g, Lipides : 1,1g, Protides :4,4g, A conserver entre 0°C et +6°C.]|"
2,24€ / Kg"|"
1,12 €"
2109|Yaourts natures au lait de vache, certifié AB|Les 4 pots de 125g|[Origine : FRANCE, Lait entier* (96.4%), ferments lactiques, poudre de lait écrémé*. *Ingrédients issus de l'agriculture biologique., Valeur énergétique en Joules :  214kj, Valeur énergétique en Kcal : 51Kcal, Glucides : 5,8g, Lipides : 1,1g, Protides :4,4g, A conserver entre 0°C et +6°C.]|"
2,24€ / Kg"|"
1,12 €"
2110|Yaourt à boire, goût fraise|Les 10 bouteilles de 100g|[Origine : BELGIQUE]|"
3,86€ / Kg"|"
3,86 €"
2111|Yaourt au bifidus actif, Citron|Les 4 pots de 125g|[Origine : FRANCE, lait entier (pour info en moyenne: 83%) sucre (8,3%) lait écrémé concentré ou en poudre (en moyenne 2,5%) arôme crÈme (lait) ferments lactiques dont bifidobacterium (Bifidus ActiRegularis) (lait), Valeur énergétique en Joules :  399, Valeur énergétique en Kcal : 95, Glucides : 13, Protides :4, CONSERVER ¿ +6°C MAXIMUM]|"
3,34€ / Kg"|"
1,67 €"
2112|Yaourt au bifidus actif, saveur coco|Les 4 pots de 125g|[Origine : FRANCE, lait entier (pour info en moyenne: 83%) sucre (8,3%) lait écrémé concentré ou en poudre (en moyenne 2,5%) arôme crÈme (lait) ferments lactiques dont bifidobacterium (Bifidus ActiRegularis) (lait), Valeur énergétique en Joules :  399, Valeur énergétique en Kcal : 95, Glucides : 13, Protides :4, CONSERVER ¿ +6°C MAXIMUM]|"
3,34€ / Kg"|"
1,67 €"
2113|Yaourt au bifidus actif, saveur vanille|Les 4 pots de 125g|[Origine : FRANCE, lait entier (pour info en moyenne: 83%) sucre (8,3%) lait écrémé concentré ou en poudre (pour info : en moyenne 2,5%) arôme crÈme (lait) ferments lactiques dont bifidobacterium (Bifidus ActiRegularis) (lait), Valeur énergétique en Joules :  399, Valeur énergétique en Kcal : 95, Glucides : 13, Protides :4, CONSERVER ¿ +6°C MAXIMUM]|"
3,34€ / Kg"|"
1,67 €"
2114|Yaourts à boire, fraise|Les 6 bouteilles de 100g|[Origine : BELGIQUE, CONSERVER A +6 C MAXIMUM]|"
4,78€ / Kg"|"
2,87 €"
2115|Yaourts à boire, multifruits|Les 6 bouteilles de 100g|[Origine : BELGIQUE, CONSERVER A +6 C MAXIMUM]|"
4,78€ / Kg"|"
2,87 €"
2116|Yaourts à boire, nature|Les 10 bouteilles de 100g|[Origine : BELGIQUE]|"
3,82€ / Kg"|"
3,82 €"
2117|Yaourts à boire, nature, 0% de mat. Gr.|Les 10 bouteilles de 100g|[Origine : BELGIQUE]|"
3,86€ / Kg"|"
3,86 €"
2118|Yaourts à boire, nature, 0% de mat. Gr.|Les 6 bouteilles de 100g|[Origine : BELGIQUE, CONSERVER A +6 C MAXIMUM]|"
4,78€ / Kg"|"
2,87 €"
2119|Yaourts à boire, nature sucré|Les 6 bouteilles de 100g|[Origine : BELGIQUE, CONSERVER A +6 C MAXIMUM]|"
4,78€ / Kg"|"
2,87 €"
2120|Yaourts au bifidus actif, Ananas|Les 4 pots de 125g|[Origine : FRANCE]|"
3,90€ / Kg"|"
1,95 €"
2121|Yaourts au bifidus actif, aux céréales et aux noix|Les 4 pots de 125g|[Origine : FRANCE, Lait entier, eau, sucre (8,3%), fructo-oligosaccharides (fibres alimentaires), lait écrémé en poudre, noix 2%, crème avoine (1%), épaississants : E1422, E 407, ferments lactiques dont bifidobacterium* (Bifidus ActiRegularis), arômes, colorant : E 150a. *Pour connaître le nom scientifique complet, nous contacter. Contient : lait, noix, avoine, gluten. Peut contenir : blé, seigle, amande, noisette, orge., Valeur énergétique en Joules :  449Kj, Valeur énergétique en Kcal : 119Kcal, Glucides : 14,6g, Lipides : 4,5g, Protides :3,9g, A conserver à +6° max.]|"
4,02€ / Kg"|"
2,01 €"
2124|Yaourts au bifidus actif, aux céréales müesli, sucré|Les 4 pots de 125g|[Origine : FRANCE, Source de fibres., lait entier  (pour info : 69,4%) sucre (7,8%) lait écrémé concentré ou en poudre  fructo-oligosaccharides (fibres alimentaires)  müesli (3,6%)( raisins, orge, blé, noisette, amande, noix) crème (lait) miel épaississants : E 1422 (amidon transformé),E 410 (farine de graine de caroube), E 415 (gomme xanthane) ferments lactiques dont bifidobacterium (Bifidus ActiRegularis) (lait) arôme, Glucides : 16,1, Lipides : 3,7, Protides :3,7, A conserver à +6°C max.]|"
3,90€ / Kg"|"
1,95 €"
2127|Yaourts au bifidus actif, Cerise|Les 4 pots de 125g|[Origine : FRANCE]|"
3,90€ / Kg"|"
1,95 €"
2128|Yaourts au bifidus actif, Figues|Les 4 pots de 125g|[Origine : FRANCE]|"
3,90€ / Kg"|"
1,95 €"
2129|Yaourts au bifidus actif, Fraise|Les 4 pots de 125g|[Origine : FRANCE]|"
3,90€ / Kg"|"
1,95 €"
2130|Yaourts au bifidus actif, goût nature|Les 12 pots de 125g|[Origine : FRANCE, Lait entier, lait écrémé en poudre, ferments lactiques dont bifidobacterium (Bifidus ActiRegularis)., Valeur énergétique en Joules :  258, Valeur énergétique en Kcal : 61,6, Glucides : 4,5, Lipides : 3,4, Protides :3,3, A conserver à +6°C max.]|"
1,97€ / Kg"|"
2,96 €"
2131|Yaourts au bifidus actif, goût nature|Les 16 pots de 125g|[Origine : FRANCE, Lait entier, lait écrémé en poudre, ferments lactiques dont bifidobacterium (bifidus ActiRegularis)., Valeur énergétique en Joules :  264kj, Valeur énergétique en Kcal : 63kc, Glucides : 4,8g, Lipides : 3,4g, Protides :3,3g, A conserver à +6° C max.]|"
2,01€ / Kg"|"
4,02 €"
2132|Yaourts au bifidus actif, goût nature|Les 4 pots de 125g|[Origine : FRANCE, Lait entier, lait écrémé en poudre, ferments lactiques dont bifidobacterium (Bifidus ActiRegularis)., A conserver à +6°C max.]|"
2,54€ / Kg"|"
1,27 €"
2133|Yaourts au bifidus actif, kiwi, mangue, abricot et fraise|Les 8 pots de 125g|[Origine : FRANCE, lait entier fruits: fraise (8,3%), mangue (8,2%), kiwi (8%), abricot (8%) sucre (7,7% en moyenne) lait ÍcrÍmÍ concentrÍ ou en poudre crÈme (lait) Ípaississants: amidon transformÍ (E1422), carraghÍnanes (E407), pectine (E440) ferments lactiques dont bifidobacterium (Bifidus ActiRegularis) (lait) concentrÍ de carotte et de citrouille (dans variÍtÍ mangue et abricot) ar«mes (lait) correcteurs d'aciditÍ: citrate de sodium (E331), acide citrique (E330) jus concentrÍ de carotte pourpre (dans variÍtÍ fraise) colorant: chlorophylle cuivrique (E141) (dans variÍtÍ kiwi), Glucides : 13,1 G, Lipides : 3,3 G, Protides :3,5 G]|"
3,40€ / Kg"|"
3,40 €"
2134|Yaourts au bifidus actif, Mangue|Les 4 pots de 125g|[Origine : FRANCE]|"
3,90€ / Kg"|"
1,95 €"
2135|Yaourts au bifidus actif, mûre/framboise, rhubarbe, figue et pruneaux|Les 8 pots de 125g|[Origine : FRANCE, lait entier fruits: rhubarbe (8%), figue (8%), mÛre-framboise (8%), pruneau (5%) rÍhydratÍ sucre (7,4% en moyenne) lait ÍcrÍmÍ concentrÍ ou en poudre crÈme (lait) Ípaississants: amidon transformÍ (E1422), pectine (E440), carraghÍnanes (E407), farinede graines de caroube (E410) ferments lactiques dont bifidobacterium (Bifidus ActiRegularis) (lait) correcteurs d'aciditÍ: citrate de sodium (E331), acide citrique (E330) jus concentrÍ de sureau (dans variÍtÍ figue) ar«mes sirop de sucre cuit (dans variÍtÍ rhubarbe) concentrÍ de sureau (dans variÍtÍ mÛre- framboise), Glucides : 13,0 G, Lipides : 3,4 G, Protides :3,5 G]|"
3,40€ / Kg"|"
3,40 €"
2136|Yaourts au bifidus actif, Mûres et Framboise|Les 4 pots de 125g|[Origine : FRANCE]|"
3,90€ / Kg"|"
1,95 €"
2137|Yaourts au bifidus actif, nature, 0% de mat. Gr.|Les 8 pots de 125g|[Origine : FRANCE, Lait écrémé, lait écrémé en poudre, ferments lactiques dont bifidobacterium (Bifidus ActiRegularis). 0% matière grasse., A conserver à +6°C.]|"
2,97€ / Kg"|"
2,97 €"
2138|Yaourts au bifidus actif, Pruneaux|Les 4 pots de 125g|[Origine : FRANCE]|"
3,90€ / Kg"|"
1,95 €"
2139|Yaourts nature, brassés|Les 8 pots de 125g|[Origine : FRANCE, Lait entier, lait écrémé concentré ou en poudre, crème, ferments lactiques dont bifidobacterium (bifidus actif Regularis)., Valeur énergétique en Joules :  279Kj, Valeur énergétique en Kcal : 67Kcal, Glucides : 5,1g, Lipides : 3,4g, Protides :3,9g, A conserver à +6°C max.]|"
2,70€ / Kg"|"
2,70 €"
2140|Dessert au soja, aux noisettes et amandes|Les 4 pots de 100g, soit 400g|[Origine : FRANCE, Valeur énergétique en Joules :  415kj, Valeur énergétique en Kcal : 98kcal, Glucides : 14,5g, Lipides : 2,8g, Protides :3,4g]|"
4,58€ / Kg"|"
1,83 €"
2141|Dessert soja à la mangue, 100% végétal|Les 4 pots de 100g|[Origine : FRANCE, Sojasun mangue nouvelle recette : la saveur douce et délicate de la mangue. Un goût délicieux naturellement. Sans morceaux., A déguster très frais., Jus de soja 78% (eau, graines de soja* 9%), mangue 11%, sucre, phosphate de calcium, épaississants : pectine-farine de graines de caroube, arôme naturel, jus de citron concentré, ferments sélectionnés. (*soja filière française, garanti sans OGM). Sans gluten. Sans colorant ni arôme artificiel., Valeur énergétique en Joules :  356kj, Valeur énergétique en Kcal : 85kcal, Glucides : 12,5g, Lipides : 2,1g, Protides :3,7g, A conserver entre +2°C et +6°C.]|"
5,23€ / Kg"|"
2,09 €"
2142|Dessert soja à la vanille, 100% végétal|Les 4 pots de 100g|[Origine : FRANCE, Les produits Sojasun sont fabriqués en Bretagne par une entreprise familiale. Sojasun utilise un mode de transformation qui préserve les qualités nutritionnelles des graines de soja., Sojasun est à déguster très frais., Jus de soja 85% (eau, graines de soja), sucre, épaississants : amidon transformé de maïs, pectines, carraghénanes, farine de graines de guar, arôme vanille, phosphate de calcium, sel. Soja français non OGM., Valeur énergétique en Joules :  354, Valeur énergétique en Kcal : 84,6, Glucides : 13,5, Lipides : 1,9, Protides :3,2, A conserver entre +2°C et +6°C.]|"
3,58€ / Kg"|"
1,43 €"
2143|Dessert soja au chocolat, 100% végétal|Les 4 pots de 100g|[Origine : FRANCE, Les produits Sojasun sont fabriqués en Bretagne par une entreprise familiale. Sojasun utilise un mode de transformation qui préserve les qualités nutritionnelles des graines de soja., Sojasun est à déguster très frais., Jus de soja 80% (eau, graines de soja), sucre, chocolat en poudre 3,5% (sucre, poudre de cacao maigre), épaississants : amidon transformé de maïs, pectines, carraghénanes, cacao en poudre, phosphate de calcium, arôme naturel de cacao et autres arômesnaturels, sel. Soja français non OGM., Valeur énergétique en Joules :  481, Valeur énergétique en Kcal : 114,9, Glucides : 19, Lipides : 2,7, Protides :3,4, A conserver entre +2°C et +6°C.]|"
3,58€ / Kg"|"
1,43 €"
2144|Flan vanille sur lit de caramel, dessert végétal|Les 4 pots de 100g, soit 400g|[Origine : FRANCE, Un pot de Sojasun c'est une façon simple et gourmande de vous aider à équilibrer votre alimentation au quotidien. Les produits Sojasun sont fabriqués en Bretagne près de Rennes par une entreprise familiale. Sojasun utilise un mode de transformation unique qui préserve les qualités nutritionnelles des graines de soja., Jus de soja 74% (eau, graines de soja* 9%), caramel 14% (sirop de glucose, sucre, eau), sucre, épaississants : amidon transformé de maïs*, carraghénanes, gomme xanthane, phosphate de calcium, arôme naturel, sel. *Sans OGM. Produit garanti sans gluten., Valeur énergétique en Joules :  479kj, Valeur énergétique en Kcal : 113kcal, Glucides : 20,8g, Lipides : 1,8g, Protides :3,4g, A conserver entre +2°C et +6°C.]|"
5,13€ / Kg"|"
2,05 €"
2145|Spécialité au soja fermentée, sucrée à la pulpe de myrtille|Les 4 pots de 100g, soit 400g|[Origine : FRANCE, Les produits Sojasun sont fabriqués en Bretagne par une entreprise familiale. Sojasun utilise un mode de transformation qui préserve les qualités nutritionnelles des graines de soja., Sojasun est à déguster très frais., A déguster très frais]|"
4,90€ / Kg"|"
1,96 €"
2146|Panaché fruits rouges fruits jaunes, spécialité laitière aux fruits, avec édulcorants|Le paquet de 8 pots de 125g|[Origine : FRANCE, Faible en mg, Danacol contient des extraits végétaux : les stérols. Leur action est de bloquer naturellement le passage d'une partie du cholestérol, limitant ainsi son absorption dans le sang.C'est pour cela que, Danacol pris quotidiennement dans lecadre d'un régime adapté réduit votre taux de cholestérol de 10% en moyenne dès 3 semaines., Danacol est exclusivement réservé aux personnes présentant un excès de cholestérol. Les personnes sous traitement hypocholestérolémiant doivent consulter un médecin avant de consommer Danacol qui ne peut se substituer à ce type de traitement. Les femmes enceintes et qui allaitent, ainsi que les enfants et les adolescents ont des besoins nutritionnels spécifiques. Un produit qui réduit le taux de cholestérol leur est déconseillé. Attention, la consommation de plus de 3g de stérols et/ou de stanols végétaux libres par jour doit être évitée, une consommation supérieure n'entraînant pas une réduction plus importante du taux de cholestérol., Lait écrémé 81,7%, fruits : pêche-abricot 9%, fraise 8,4%, lait écrémé en poudre, ester de stérol végétal 1,1% (dont stérol végétal libre 0,6%), agent de charge : polydextrose (fibres), épaississants : amidon transformé, carraghénanes, pectine, farine de graine de caroube, gomme xanthane, arômes, colorants : carmin, extrait de paprika, édulcorants : aspartame, sucralose, acésulfame K, protéines de lait, ferments lactiques, jus concentré de citron. Contient une source de phénylalanine. Contient des sucres naturellement présents., Valeur énergétique en Joules :  190kj, Valeur énergétique en Kcal : 45kcal, Glucides : 6,3g, Lipides : 0,5g, Protides :3,8g, Conserver à +6°C max.]|"
3,86€ / Kg"|"
3,86 €"
2147|Spécialité laitière à boire, goût nature|Les 4 bouteilles de 100g|[Origine : BELGIQUE, Lait écrémé et lait écrémé concentré, ester de stérol végétal (2.1% dont 1.6% de stérol végétal libre), fructo-oligosaccharides (fibres alimentaires), épaississants : E440, E1422, E412, arômes, édulcorants : E951, E950, ferments lactiques du yoghourt., Conserver à +6°C maximum.]|"
6,80€ / Kg"|"
2,72 €"
2148|Yaourts nature, enrichis en stérols végétaux|Les 4 pots de 125g|[Origine : FRANCE, Danacol, avec sa formule enrichie en stérols végétaux, vous aide à réduire votre mauvais cholestérol de 10% en moyenne dès 3 semaines, dans le cadre d'un régime adapté.Plus de 80 études scientifiques ont démontré que les stérols végétaux aident à réduire efficacement le mauvais cholestérol., Lait écrémé, lait écrémé en poudre, ester de stérol végétal (0,9% dont 0,6% de stérol végétal libre), protéines de lait, amidon, ferments lactiques., Valeur énergétique en Joules :  214Kj, Valeur énergétique en Kcal : 895Kcal, Glucides : 6,4g, Lipides : 0,6g, Protides :4,9g, A conserver à +6°C max.]|"
4,58€ / Kg"|"
2,29 €"
2149|Pomme de terre grenaille, préfrite à l'huile d'olive et au sel de Guérande|Le sachet de 450g|[Origine : FRANCE, Pommes de terre préfrites cuisinées à l'huile d'olive et au sel de Guérande surgelées., A la poêle : versez la quantité désirée dans une poêle chaude sans ajout de matière grasse. Laissez réchauffer, à découvert, à feu moyen pendant 20 min en remuant régulièrement. Au four : préchauffez votre four à 210°C. Etalez la quantité désirée dans un plat en une seule couche. Enfournez à mi-hauteur et laissez réchauffer 16 min au four à chaleur tournante et 20 min dans un four traditionnel., Pomme de terre préfrite 93% (pomme de terre, huile de tournesol), huile d'olive vierge extra 6%, sel de Guérande 0,6%, poivre. Traces de gluten, soja, lait, fruits à coque, céleri., Valeur énergétique en Joules :  640kj, Valeur énergétique en Kcal : 153kcal, Glucides : 21g, Lipides : 6g, Protides :2,9g, 24h dans un réfrigérateur, 3 jours dans le compartiment à glace d'un réfrigérateur, plusieurs mois à -18°C d'un réfrigérateur*** ou dans un congélateur. Ne jamais recongeler un produit décongelé.]|"
6,84€ / Kg"|"
3,08 €"
2150|Pommes allumettes, préfrites|Le sachet de 1kg|[Origine : FRANCE, Idéales pour accompagner toutes sortes de poissons et de viandes, avec de la sauce ou tout simplement nature, les pommes allumettes Monoprix sont croustillantes et dorées à point. Elles seront appréciées aussi bien des petits que des grands., 6 personnes. Préparation sans décongélation. A la friteuse : préchauffez l'huile à 175°C. Remplissez progressivement votre friteuse en veillant à ne pas dépasser la moitié du panier. Plongez lentement les frites dans l'huile chaude et laissez frire 4à 6 minutes jusqu'à l'obtention d'une belle couleur dorée. Retirez le panier, égouttez les frites, disposez les dans un plat recouvert d'un papier absorbant pour éliminer l'excès de matière grasse et servez. A consommer absolument avec les doigts !, Pommes de terre, huile végétale de palme, dextrose de blé., *24 heures dans un réfrigérateur. **3 jours dans le compartiment à glace du réfrigérateur. ***Plusieurs mois dans le compartiment à -18°C du congélateur dans la limite du délai optimal de conservation. Attention : ne jamais recongeler un produit décongelé.]|"
1,29€ / Kg"|"
1,29 €"
2151|Pommes dauphines préfrites, surgelées|Le sachet de 500g|[Origine : FRANCE, Valeur énergétique en Joules :  1065kj, Valeur énergétique en Kcal : 255kcal, Glucides : 24g, Lipides : 16g, Protides :3,8g]|"
3,68€ / Kg"|"
1,84 €"
2152|Pommes de terre façon rôtissoire, surgelées|Le sachet de 600g|[Origine : FRANCE, Pommes de terre préfrites assaisonnées, surgelées., Cet emballage contient 4 portions. A la poêle : versez la quantité désirée de pommes de terre dans une poêle chaude sans ajout de matière grasse. Laissez réchauffer à découvert, à feu moyen, pendant 15 minutes en remuant régulièrement. Au four : déposez les pommes de terre dans un plat allant au four. Placez le plat dans le four préchauffé à 200°C (th 6-7) pendant 15 minutes environ. Servez et dégustez chaud., Pommes de terre préfrites 78% (pommes de terre, huile de tournesol, dextrose), graisse de canard 11%, ail en gousses 6%, eau, arôme naturel, ail en poudre, sel, poivre., Valeur énergétique en Joules :  818kj, Valeur énergétique en Kcal : 196kcal, Glucides : 32g, Lipides : 17g, Protides :3,6g, 24 heures dans un réfrigérateur. 3 jours dans le compartiment à glace d'un réfrigérateur. Plusieurs mois dans le compartiment à -18°C d'un réfrigérateur*** ou dans un congélateur jusqu'à la date limite d'utilisation optimale. Ne jamais recongeler un produit décongelé.]|"
5,95€ / Kg"|"
3,57 €"
2153|Pommes de terre salardaises persillées et confites à la graisse de canard, surgelés|Le sachet de 600g|[Origine : FRANCE, Poêlée de pommes de terre préfrites, graisse de canard, ail et persil., Sans décongélation préalable. A la poêle : versez la quantité désirée dans une poêle anti adhésive chaude sans ajout de matière grasse. Laissez cuire à feu moyen pendant 15 min en remuant régulièrement. Au four : préchauffez votre four 15 min (th7 -210°C) en position gril. Répartissez la quantité désirée dans un plat en une seule couche. Enfournez à mi hauteur et laissez cuire pendant 20 min., Pommes de terre préfrites 83% (pommes de terre, huile végétale de tournesol, dextrose, stabilisant : E450), graisse de canard 8,7%, ail 3,1%, persil 1,7%, farine de riz, sel, dextrose, arôme., Valeur énergétique en Joules :  889Kj, Valeur énergétique en Kcal : 213KCal, Glucides : 20g, Lipides : 13g, Protides :2,5g, 24h dans un réfrigérateur, 3 jours dans le compartiment à glace d'un réfrigérateur, plusieurs mois à -18°C dans un congélateur. Ne jamais recongeler un produit décongelé.]|"
4,90€ / Kg"|"
2,94 €"
2154|Pommes frites|Le sachet de 1kg|[Origine : FRANCE, Idéales pour accompagner toutes sortes de poissons et de viandes, avec de la sauce ou tout simplement nature, les pommes frites Monoprix sont croustillantes et dorées à point. Elles seront appréciées aussi bien des petits que des grands., Préparation sans décongélation. A la friteuse : préchauffez l'huile à 175°C. Remplissez progressivement votre friteuse en veillant à ne pas dépasser la moitié du panier. Plongez lentement les frites dans l'huile chaude et laissez frire 5 à 7 minutesjusqu'à l'obtention d'une belle couleur dorée. Retirez le panier, égouttez les frites, disposez-les dans un plat recouvert d'un papier absorbant pour éliminer l'excès de matière grasse et servez. A consommer absolument avec les doigts !, Pommes de terre, huile végétale de palme, dextrose de blé., Valeur énergétique en Joules :  591, Valeur énergétique en Kcal : 140, Glucides : 23,5g, Lipides : 4,2g, Protides :2,1g, *24 heures dans un réfrigérateur. **3 jours dans le compartiment à glace du réfrigérateur. **Plusieurs mois dans le compartiment -18°C du congélateur dans la limite du délai optimale de conservation.]|"
1,26€ / Kg"|"
1,26 €"
2155|Pommes frites au four|Le sachet de 600g|[Origine : BELGIQUE, Les frites au four Monoprix sont idéales pour accompagner toutes sortes de poissons et de viandes, ave de la sauce ou tout simplement nature. Produit moderne, pratique et rapide à préparer. A consommer sans modération !, Préparation sans décongélation. Au four : préchauffez votre four à 220°C (th. 7/8). Etalez la quantité de frites que vous souhaitez consommer en une seule couche sur la plaque du four. Glissez la plaque à mi-hauteur et laissez cuire 15 à 20 minutes.Retirez la plaque du four, disposez les frites dans un plat, assaisonnez-les à votre goût et dégustez !, Pommes de terre 90%, huile végétale de palme, enrobage (farines de blé et de riz, amidon de blé, sel, dextrine de pommes de terre, amidon transformé de blé, huile de tournesol, extrait de levure, dextrose de maïs, sucre caramélisé, poudre à lever : E450, E500, épaississant : E415)., Valeur énergétique en Joules :  606, Valeur énergétique en Kcal : 144, Glucides : 23g, Lipides : 4,8g, Protides :2,2g, *24 heures dans un réfrigérateur. **3 jours dans le compartiment à glace du réfrigérateur. **Plusieurs mois dans le compartiment -18°C du congélateur dans la limite du délai optimale de conservation.]|"
1,63€ / Kg"|"
0,98 €"
2156|Pommes noisettes, préfrites|La barquette de 350g|[Origine : BELGIQUE, Idéales pour accompagner toutes sortes de poissons et de viandes, avec de la sauce ou tout simplement nature, les pommes noisettes MONOPRIX sont croustillantes et dorées à point., Préparation sans décongélation. A LA POÊLE : Faites chauffer un peu d'huile et du beurre. Dans ce mélange bien chaud, versez les pommes noisettes. Laissez dorer à feu moyen 10 minutes environ, en agitant la poêle de temps en temps. AU FOUR : Préchauffez le four (th.6/7-200°C). Laissez cuire à mi-hauteur, en remuant de temps en temps., Pommes de terre 84%, huile végétale de tournesol, amidon de blé, pomme de terre déshydratée(émulsifiant: E471, stabilisant: E450) sel,dextrose de blé, stabilisant: E461, épice et aromate., Valeur énergétique en Joules :  805kj, Valeur énergétique en Kcal : 192kcal, Glucides : 26g, Lipides : 8g, Protides :3g, *24 heures dans un réfrigérateur. **3 jours dans le compartiment à glace d'un réfrigérateur. ***Plusieurs mois dans le compartiment à-18*C d'un réfrigérateur*** ou dans un congélateur jusqu'à la datelimite d'utilisation optimale. Attention : ne jamais recongeler un produit décongelé.]|"
2,80€ / Kg"|"
0,98 €"
2157|Pommes noisettes, préfrites|Le sachet de 1kg|[Origine : BELGIQUE, Idéales pour accompagner toutes sortes de poissons et de viandes, avec de la sauce ou tout simplement nature, les Pommes Noisettes Monoprix sont croustillantes et dorées à point. Elles seront appréciées aussi bien des petits que des grands., Préparation sans décongélation. A la poêle : faites chauffer un peu d'huile et du beurre. Dans ce mélange bien chaud, versez les Pommes Noisette. Laissez dorer à feu moyen 8 à 10min. environ en agitant la poêle de temps en temps. Au four : préchauffez le four (Th6/7-200°C). Recouvrez de préférence la plaque d'une feuille de papier aluminium et déposez-y les Pommes Noisettes. Laissez cuire à mi-hauteur, 12 à 15 minutes en remuant de temps en temps., Pommes de terre 84% - huile végétale de tournesol - amidon de blé - pomme de terre déshydratée (émulsifiant : E471 - stabilisant : E450) - sel - dextrose de blé - stabilisant : E461 - épice et aromate., Valeur énergétique en Joules :  805Kj, Valeur énergétique en Kcal : 192KCal, Glucides : 26g, Lipides : 8g, Protides :3g, *24 heures dans un réfrigérateur **3 jours dans le compartiment à glace d'un réfrigérateur. ***Plusieurs mois dans le compartiment à -18°C d'un réfrigérateur 3*** ou dans un congélateur jusqu'à la date limite d'utilisation optimale.]|"
1,24€ / Kg"|"
1,24 €"
2158|Pommes rissolées préfrites, surgelées|Le paquet de 450g|[Origine : FRANCE, Idéales pour accompagner toutes sortes de poissons ou de viandes, avec de la sauce ou tout simplement nature, les pommes rissolées Monoprix sont croustillantes et dorées à point.Elles sont appréciées aussi bien des petits que des grands., Sans décongélation préalable. A la poêle : versez la quantité désirée de pommes rissolées dans une poêle contenant un peu d'huile chaude. Laissez dorer pendant 10 à 15  minutes environ, en agitant la poêle régulièrement. A la friteuse : plongez les pommes de terre rissolées par petites quantités dans l'huile chaude 175°C pendant 3 à 5 minutes., Pommes de terre, huile végétale de tournesol, stabilisant : diphosphate disodique., Valeur énergétique en Joules :  532kj, Valeur énergétique en Kcal : 126kcal, Glucides : 20,3g, Lipides : 3,6g, Protides :2,2g, *24 heures dans un réfrigérateur. **3 jours dans le compartiment à glace d'un réfrigérateur. ***Plusieurs mois dans le compartiment à -18°C d'un réfrigérateur*** ou dans un congélateur jusqu'à la datelimite d'utilisation optimale. Ne jamais recongeler un produit décongelé.]|"
2,27€ / Kg"|"
1,02 €"
2159|Pommes rissolées  préfrites, surgelées|Le sachet de 1kg|[Origine : BELGIQUE, Idéales pour accompagner toutes sortes de poissons et de viandes, avec de la sauce ou tout simplement nature, les Pommes Rissolées Monoprix sont croustillantes et dorées à point. Elles seront appréciées aussi bien des petits que des grands., Préparation sans décongélation. A la poêle : faites chauffer un peu d'huile et du beurre. Lorsque la matière grasse est très chaude, ajoutez les pommes de terre encore surgelées. Laissez cuire à feu moyen 10 à 12 minutes environ, en agitant la poêlede temps en temps. A la friteuse électrique : plongez les pommes rissolées dans l'huile chaude (175°C) pendant 3 à 4 minutes., Pommes de terre, huile végétale de tournesol, dextrose., Valeur énergétique en Joules :  514Kj, Valeur énergétique en Kcal : 122KCal, Glucides : 20,5g, Lipides : 3g, Protides :2g, *24 heures dans un réfrigérateur **3 jours dans le compartiment à glace d'un réfrigérateur. *** Plusieurs mois dans le compartiment à -18°C d'un congélateur, dans la limite du délai optimale.]|"
1,29€ / Kg"|"
1,29 €"
2162|Crousti Frites, pommes de terre coupées, préfrites, surgelées|Les 2 portions de 90g|[Origine : COMM. ECON EUROPEENN, Les Crousti Express Frites, le plaisir et l'équilibre en plus !Pour améliorer la qualité nutritionnelle de ses produits, tout en conservant leur bon goût et leur saveur, Findus a choisi l'huile de Colza pour la cuisson de ses pommes de terre. Naturellement riche en Oméga3, acide gras essentiel, l'huile de colza nous permet également de diminuer d'environ 85% la teneur en acides gras saturés de ce produit., Ouvrez le couvercle. Passez au micro-ondes : 2min30 à 900 watts. Salez immédiatement. Secouez la boîte (fermée). Ouvrez et attendez 2min. Ne pas dépasser le temps de cuisson préconisé. Ne pas utiliser la fonction gril., Pommes de terre 87%, huile de colza 13%. Sans ajout de sel., Valeur énergétique en Joules :  1010kj, Valeur énergétique en Kcal : 240kcal, Glucides : 28g, Lipides : 13g, Protides :4g, 24 heures dans un réfrigérateur, 3 jours dans le compartiment à glace d'un réfrigérateur, plusieurs mois dans le compartiment à -18°C d'un réfrigérateur 3*** ou dans un congélateur. Ne jamais recongeler ce produit après décongélation.]|"
10,22€ / Kg"|"
1,84 €"
2163|Pommes Campagne, à l'huile d'olive et au thym, surgelées|Le sachet de 600g|[Origine : FRANCE, Pommes de terre 91%, huile de colza 4,5%, huile d'olive 2%, sel, thym 0,3%, persil, extrait de levure, poivre, dextrose. Teneur en sel: 0,7%, Valeur énergétique en Joules :  740kj, Valeur énergétique en Kcal : 180kcal, Glucides : 24g, Lipides : 8g, Protides :2g]|"
4,27€ / Kg"|"
2,56 €"
2164|Pommes croustine, galettes de pommes de terre râpées|La barquette de 420g|[Origine : ALLEMAGNE, Les Pommes Croustine Findus préparées à partir de râpé de pommes de terre rigoureusement sélectionnées, les Pommes Croustine Findus sont croustillantes et dorées à l'extérieur et fondantes à l'intérieur., A la poêle 8mn: faites chauffer un peu de matière grasse dans une poêle. Versez les Pommes Croustine encore surgelées et faites-les dorer à feu moyen, environ 8 min environ, servez bien chaud. A la friteuse 3mn: faites chauffer votre huile à 180°C. Plongez vos Pommes Croustine encore surgelées environ 3min dans l'huile puis retirez-les. Laissez égoutter et servez bien chaud. Ne pas recongeler un produit décongelé., Pommes de terre (97%), fécule de pomme de terre, sel, stabilisant (méthylcellulose), arôme d'oignons. Teneur en sel : 0.5%. Sans huile de palme., Valeur énergétique en Joules :  350, Valeur énergétique en Kcal : 83,6, Glucides : 18, Lipides : 0,3, Protides :1,5, 24 heures dans un réfrigérateur.3 jours dans le compartiment à glace d'un réfrigérateur. Plusieurs mois dans le compartiment à -18°C d'un réfrigérateur 3*** ou dans un congélateur.]|"
3,76€ / Kg"|"
1,58 €"
2165|Pommes dauphine|La boîte de 200g|[Origine : FRANCE]|"
7,65€ / Kg"|"
1,53 €"
2166|Pommes noisettes|La barquette de 400g|[Origine : ALLEMAGNE, Le plaisir et l'équilibre en plus ! Pour améliorer la qualité nutritionnelle de ses produits, tout en conservant leur bon goût et leur saveur.Findus a choisi l'huile de colza pour la cuisson de ses pommes de terre., Au four : sans ajouter de matière grasse. 13 min dans un four préchauffé à 225° C (th8). A la poêle : faire dorer environ 6 min à feu moyen dans un peu de matière grasse. Ne pas recongeler ce produit après décongélation., Purée de pomme de terre 89% (dont pommes de terre, flocons de pommes de terre), huile de colza 7,5%, amidon de blé, émulsifiant : mono et diglycérides d'acides gras, épices (dont muscade). Teneur en sel : 0,8%. Sans huile de palme., Valeur énergétique en Joules :  740kj, Valeur énergétique en Kcal : 180kcal, Glucides : 25g, Lipides : 7,5g, Protides :2,5g, 24 h dans un réfrigérateur. 3 jours dans le compartiment à glace d'un réfrigérateur. Plusieurs mois dans le compartiment à -18° C d'un réfrigérateur 3*** ou dans un congélateur.]|"
4,88€ / Kg"|"
1,95 €"
2167|Pommes noisettes|Le sachet de 1,05Kg|[Origine : FRANCE]|"
2,35€ / Kg"|"
2,47 €"
2168|Pommes recette perigord, aux cèpes et à la graisse de canard|Le sachet de 600g|[Origine : COMM. ECON EUROPEENN, C'est du pays de Sarlat que nous vient l'inspiration des pommes Périgord : des pommes de terre aux cèpes délicieusement cuisinées avec de la graisse de canard., A la poêle : versez le contenu du sachet dans une poêle. Faites cuire à feu vif pendant 20 à 25* minutes et sautant ou mélangeant de temps en temps. La surface de vos pommes Périgord doit dorer légèrement. *Adaptez le temps de cuisson à votre équipement., Pommes de terre préfrites (pommes de terre, huile de tournesol, dextrose) 72%, champignons (pleurotes, cèpes 4%, lentins de chêne, pholiotes), graisse de canard 9,5%, purée d'ail, persil, sel, ail en poudre. Teneur en sel : 0,5%. Cuisiné sans colorant, sans conservateur, sans huile de palme., Valeur énergétique en Joules :  780kj, Valeur énergétique en Kcal : 190kcal, Glucides : 15g, Lipides : 13g, Protides :2,5g, 24 h dans un réfrigérateur. 3 jours dans le compartiment à glace d'un réfrigérateur. Plusieurs mois dans le compartiment à -18 C d'un réfrigérateur 3*** ou dans un congélateur. Ne pas recongeler ce produit après décongélation.]|"
5,83€ / Kg"|"
3,50 €"
2169|Pommes rissolées|La barquette de 500g|[Origine : ALLEMAGNE, Le plaisir et l'équilibre en plus ! Pour améliorer la qualité nutritionnelle de ses produits, tout en conservant leur bon goût et leur saveur.Findus a choisi l'huile de colza pour la cuisson de ses pommes de terre., Au four : sans ajouter de matière grasse. 15 min dans un four préchauffé à 225° C (th8). A la poêle : faire dorer environ 8 min à feu moyen dans un peu de matière grasse. Ce produit passe à la friteuse (3 min). Ne pas recongeler ce produit après décongélation., Pommes de terre (95,5%), huile de colza. Sans ajout de sel., Valeur énergétique en Joules :  540Kj, Valeur énergétique en Kcal : 130Kc, Glucides : 19g, Lipides : 4.5g, Protides :2.5g, 24 heures dans un réfrigérateur. 3 jours dans le compartiment à glace d'un réfrigérateur. Plusieurs mois dans le compartiment à -18°C d'un réfrigérateur*** ou dans un congélateur. Et ce, au moins jusqu'à la date indiquée sur le paquet.]|"
3,82€ / Kg"|"
1,91 €"
2170|Pommes rissolées|Le sachet de 1,05kg|[Origine : FRANCE]|"
1,95€ / Kg"|"
2,05 €"
2171|Pommes rissolees aux herbes|La boite de 450g|[Origine : COMMUNAUT EUROPEENNE, Préparées à partir de délicieuses pommes de terre rigoureusement sélectionnées, les pommes rissolées aux herbes sont coupées puis mélangées à des herbes aromatiques pour un goût original., Findus recommande une cuisson sans ajouter de matière grasse. Pour des pommes plus croustillantes : versez les pommes rissolées aux herbes surgelées dans votre poêle sans ajouter d'huile. Faites les dorer à feu moyen pendant 10 min. Remuez de temps en temps. Pour des pommes plus fondantes : préchauffez votre four à 200° (th7) pendant 10 min. Disposez les pommes rissolées aux herbes sur votre plaque en une couche. Laissez les cuire à mi hauteur pendant environ 15 min et remuez à mi cuisson. Ce produit ne passe pas à la friteuse., Pommes de terre 87%, huile de colza 4,6%, eau, huile de tournesol 1,8%, sel, aromates (romarin 0,3%, persil 0,1%), ail, dextrose, épices. Teneur en sel 0,7%. Sans colorant, sans conservateur, sans huile de palme., Valeur énergétique en Joules :  660kj, Valeur énergétique en Kcal : 160kcal, Glucides : 21g, Lipides : 6,5g, Protides :2,5g, 24h dans un réfrigérateur, 3 jours dans le compartiment à glace d'un réfrigérateur, plusieurs mois à -18°C dans un congélateur. Ne pas recongeler un produit décongelé.]|"
3,51€ / Kg"|"
1,58 €"
2172|Quartiers de pommes de terre coupées préfrites, surgelés|La boîte de 180g|[Origine : COMM. ECON EUROPEENN, De délicieuses pommes de terre coupées en quartiers pour une croustillance unique !, Ouvrez le couvercle. Passez au micro-ondes 2 min 30 à 900 W. Salez immédiatement. Secouez la boîte. Ouvrez et attendez 2 min 30. Ne pas dépasser le temps de cuisson préconisé, ne pas utiliser la fonction grill. Adapté le temps de cuisson à votre équipement. Ne pas recongeler ce produit après décongélation., Pommes de terre 89%, huile de colza 11%. Sans ajout de sel conformément à la réglementation. Sans colorant, sans conservateur et sans huile de palme., Valeur énergétique en Joules :  920kj, Valeur énergétique en Kcal : 220kcal, Glucides : 27g, Lipides : 11g, Protides :3g, 24 heures dans un réfrigérateur. 3 jours dans le compartiment à glace d'un réfrigérateur. Plusieurs mois dans le compartiment à -18°C d'un réfrigérateur 3*** ou dans un congélateur et ce, au moins jusqu'à la date indiquée sur le paquet.]|"
10,72€ / Kg"|"
1,93 €"
2173|Country potatoes aux herbes|Le sachet de 700g|[Origine : PAYS-BAS, McCain a sélectionné les meilleures pommes de terre et une huile aux vertus uniques pour vous offrir des produits de qualité alliant plaisir et équilibre nutritionnel pour votre bien-être.]|"
3,36€ / Kg"|"
2,35 €"
2174|Frites|Le sachet de 1kg|[Origine : FRANCE, Pommes de terre, Huile de Tournesol (4%). Non fabriquÍ Å l'huile d'arachide., Valeur énergétique en Joules :  559, Valeur énergétique en Kcal : 133, Glucides : 20.5, Lipides : 4, Protides :2.5]|"
1,95€ / Kg"|"
1,95 €"
2175|Frites, cuisson au micro-ondes|Les 2 portions, 180g|[Origine : ROYAUME UNI, Grâce à l'utilisation de notre huile de tournesol Frit'Up de McCain bénéficie d'un faible taux d'acides gras saturés.]|"
10,83€ / Kg"|"
1,95 €"
2176|Original Potatoes|Le paquet de 700g|[Origine : PAYS-BAS]|"
3,66€ / Pce"|"
2,56 €"
2177|Pomme frite allumette, cuisson sans odeur|Le sachet de 600g|[Origine : PAYS-BAS, Des pommes de terre soigneusement sélectionnées. Simplement épluchées à la vapeur. Coupées, enrobées et précuites. Pour des frites fines savoureuses et croustillantes. Cuisson sans odeur., Pommes de terre (87,5%), huile de tournesol (6,5%), enrobage (6%) : farine de blé, farine de riz, amidon de mais, sel, dextrine de pomme de terre, poudre à lever : carbonates de sodium, colorants : curcumine, extrait de paprika. Contient du gluten. Non fabriqué à l'huile d'arachide.  Sans conservateur, conformément aux bonnes pratiques de production, Valeur énergétique en Joules :  698, Valeur énergétique en Kcal : 167, Glucides : 22,5, Lipides : 6,5, Protides :3, au congélateur ou dans le compartiment freezer de votre réfrégérateur selon symbole. -6 C : 1 semaine -12 C : 1 mois -18 C : voir la date sur le sachet]|"
3,18€ / Kg"|"
1,91 €"
2178|Pommes frites|Le paquet de 1,5kg|[Origine : PAYS-BAS]|"
2,82€ / Kg"|"
4,27 €"
2179|Pommes frites|Le sachet de 600g|[Origine : FRANCE, McCain a sélectionné les meilleures pommes de terre et une huile aux vertus uniques pour vous offrir des produits de qualité alliant plaisir et équilibre nutritionnel pour votre bien-être., Pommes de terre (90,5%), huile de tournesol (5%), enrobage (4,5%): farine de blé, farine de riz, amidon de mais, sel, dextrine de pomme de terre, poudre à lever : carbonates de sodium, colorants : curcumine, extrait de paprika. Contient du gluten. Non fabriqué à l'huile d'arachide.  Sans conservateur, conformément aux bonnes pratiques de production, Valeur énergétique en Joules :  624, Valeur énergétique en Kcal : 149, Glucides : 22, Lipides : 5, Protides :2,5, au congélateur ou dans le compartiment freezer de votre réfrégérateur selon symbole. -6 C : 1 semaine -12 C : 1 mois -18 C : voir la date sur le sachet]|"
3,25€ / Kg"|"
1,95 €"
2180|Pommes frites, préfrites, cuisson sans odeur|Le sachet de 600g|[Origine : PAYS-BAS, Des pommes de terre Bintje, soigneusement sélectionnées, simplement épluchées à la vapeur, coupées, enrobées et précuites, pour des frites savoureuses et croustillantes., Pommes de terre (88,5%), huile de tournesol (6%), enrobage (5,5%) : farine de blé, farine de riz, amidon de mais, sel, dextrine de pomme de terre, poudre à lever : carbonates de sodium, colorants : curcumine, extrait de paprika. Contient du gluten. Non fabriqué à l'huile d'arachide.  Sans conservateur, conformément aux bonnes pratiques de production., Valeur énergétique en Joules :  705, Valeur énergétique en Kcal : 168, Glucides : 24,5, Lipides : 6, Protides :2,5, au congélateur ou dans le compartiment freezer de votre réfrégérateur selon symbole. -6 C : 1 semaine -12 C : 1 mois -18 C : voir la date sur le sachet]|"
3,18€ / Kg"|"
1,91 €"
2181|Pommes frites golden allumettes|Le sachet de 1kg|[Origine : FRANCE, Des pomme de terre cultivées en France, soigneusement sélectionnées, simplement épluchées à la vapeur, coupées et précuites dans l'huile. Pour des Golden Allumettes, fines et croustillantes.]|"
2,36€ / Kg"|"
2,36 €"
2182|Rosty's|Le sachet de 600g|[Origine : BELGIQUE]|"
3,29€ / Kg"|"
2,63 €"
2183|Brocoli en fleurettes|Le paquet de 1kg|[Origine : FRANCE, Ces brocolis en fleurettes Monoprix accompagnent parfaitement viandes et poissons. Ce sachet de 1kg de brocolis surgelés équivaut à 1,2kg de brocolis frais. Préparation sans décongélation. A la casserole : plongez les brocolis dans une casserole d'eau bouillante salée pendant 7 à 8 minutes à partir de l'ébullition. Egouttez bien. Au four à micro-ondes : mettez les brocolis dans un saladier avec un verre d'eau salée. Couvrez avec un film plastique adapté aux micro-ondes et passez au four à micro-ondes pendant 10 minutes à puissance maximale (pour un four d'une puissance restituée de 750W). En autocuiseur : mettez les brocolis dans l'autocuiseur avec trois verres d'eau salée et laissez cuire 4 à 5 minutes à partir de la rotation de la soupape., Brocolis en fleurettes., Valeur énergétique en Joules :  105, Valeur énergétique en Kcal : 25, Glucides : 2,5g, Lipides : 0,5g, Protides :2,6g, *24 heures dans un réfrigérateur. **3 jours dans le compartiment à glace du réfrigérateur. **Plusieurs mois dans le compartiment -18°C d'un congélateur, dans la limite du délai optimale de conservation.]|"
2,08€ / Kg"|"
2,08 €"
2184|Carottes en rondelles, surgel{es|Le sachet de 1kg|[Origine : FRANCE, 100% carottes., Valeur énergétique en Joules :  118kj, Valeur énergétique en Kcal : 28kcal, Glucides : 4,4g, Lipides : 0,4g, Protides :0,6g]|"
1,45€ / Kg"|"
1,45 €"
2185|Chou-fleurs en fleurettes|Le paquet de 1kg|[Origine : FRANCE, Pour redécouvrir le plaisir de consommer des légumes., Sans décongélation préalable. Dans une casserole :plongez les fleurettes directement dans une grande quantité d'eau bouillante salée et laissez cuire 8 minutes à feu très doux. Surveillez le croquant, égouttez, assaisonnez à votre goût et dégustez. En autocuiseur : versez 2 verres d'eau salée dans la cocotte. Déposez les fleurettes dans le panier vapeur et comptez 4 à 6 minutes à partir de la rotation de la soupape.  Casserole. Autocuiseur., Choux-fleurs en fleurettes 100%., Valeur énergétique en Joules :  111kj, Valeur énergétique en Kcal : 26kc, Glucides : 4,6g, Lipides : 0,1g, Protides :1,7g, *24 heures dans un réfrigérateur. **3 jours dans le compartiment à glace d'un réfrigérateur. ***Plusieurs mois dans le compartiment à -18°C d'un réfrigérateur*** ou dans un congélateur, jusqu'à la date limite d'utilisation optimale.]|"
1,55€ / Kg"|"
1,55 €"
2186|Epinard en branches, surgel{s|Le sachet de 450g|[Origine : FRANCE, A la casserole : dans 2 cuillères à soupe d'eau, versez 450g d'épinards en branches. Faites cuire à feu vif jusqu'à ébullition puis à feu doux à couvert 11 minutes en remuant de temps en temps. Egouttez. A l'autocuiseur : mettez 1 verre d'eau dans unautocuiseur. Versez 450g d'épinards en branches dans le panier en position haute, refermez et laissez cuire à feu moyen 6 minutes environ dès sifflement de la soupape. Au four à micro-ondes : mettez 450g d'épinards en branches dans un plat adapté, couvrir d'un film alimentaire pour micro-ondes et faites cuire 9 minutes à 900 watts. Egouttez., 100% {pinards., Valeur énergétique en Joules :  98kj, Valeur énergétique en Kcal : 23kcal, Glucides : 1,5g, Lipides : 0,2g, Protides :2,6g, 24h dans un réfrigérateur, 3 jours dans le compartiment à glace d'un réfrigérateur, plusieurs mois à -18°C dans un congélateur. Ne jamais recongeler un produit décongelé.]|"
2,80€ / Kg"|"
1,26 €"
2187|Epinard hachés en portions, surgelés|La barquette de 450g|[Origine : FRANCE, Récoltés et préparés en France, ces épinards hachés vous sont présentés sous formes de petits palets facilement portionnables pour s'adapter au mieux aux besoins de chacun., Sans décongélation préalable. DANS UNE CASSEROLE : disposez les portions d'épinards hachés dans une casserole et laissez cuire à feu moyen en remuant de temps en temps, 6 minutes pour 250 g, 9 minutes pour 450 g. AU FOUR À MICRO-ONDES : disposez lesportions d'épinards hachés  dans un plat adapté, recouvrez-les d'un film plastique alimentaire percé de quelques trous et laissez cuire en position maximum 4 minutes pour 250g, 6 minutes pour 450g (pour un four ayant une puissance restituée de 900 Watts).  Casserole, micro-ondes, Epinards hachés 100%, Valeur énergétique en Joules :  108kj, Valeur énergétique en Kcal : 26kcal, Glucides : 0,5g, Lipides : 0,8g, Protides :3,1g, * 24 heures dans un réfrigérateur. ** 3 jours dans le compartiment à glace d'un réfrigérateur. *** Plusieurs mois dans le compartiment à -18°C d'un réfrigérateur *** ou dans un congélateur, jusqu'à ladate limite d'utilisation optimale. Attention : ne jamais recongeler un produit décongelé.]|"
2,16€ / Kg"|"
0,97 €"
2188|Épinards en branches|Le sachet de 600g|[Origine : BELGIQUE, 100% épinards en branches surgelés issus de l'agriculture biologique., Valeur énergétique en Joules :  108kj, Valeur énergétique en Kcal : 26kcal, Glucides : 0,5g, Lipides : 0,8g, Protides :3,1g]|"
3,93€ / Kg"|"
2,36 €"
2189|Épinards en branches|Le sachet de 600g|[Origine : BELGIQUE, 100% épinards en branches surgelés issus de l'agriculture biologique., Valeur énergétique en Joules :  108kj, Valeur énergétique en Kcal : 26kcal, Glucides : 0,5g, Lipides : 0,8g, Protides :3,1g]|"
3,93€ / Kg"|"
2,36 €"
2190|Epinards en branches, surgelés|Le sachet 1kg|[Origine : FRANCE, Ces épinards accompagneront viande ou poisson selon votre goût. Tous les bienfaits des légumes., 4 à 5 personnes. Convient aux végétariens. Préparation sans décongélation. A la casserole : versez un verre d'eau dans la casserole. Faites dégeler les épinards puis laissez cuire 12 minutes à feu doux en remuant de temps en temps. Accommodez à votreconvenance. Au four à micro-ondes : disposez les épinards dans un plat adapté, recouvrez-les d'un film plastique alimentaire percé de quelques trous et laissez cuire en position maximum 26 minutes pour le sachet de 1kg (pour un four ayant une puissance restituée de 750 Watts). Remuez à mi-cuisson., Epinards en branches 100%., Valeur énergétique en Joules :  98Kj, Valeur énergétique en Kcal : 23Kcal, Glucides : 1,5g, Lipides : 0,2g, Protides :2,6g, *24 heures dans un réfrigérateur. **3 jours dans le compartiment à glace d'un réfrigérateur. ***Plusieurs mois dans le compartiment à -18°C d'un réfrigérateur*** ou dans un congélateur, jusqu'à la date limite d'utilisation optimale. Attention : ne jamais recongeler un produit décongelé.]|"
1,29€ / Kg"|"
1,29 €"
2191|Epinards hachés en portions|Le sachet de 1kg|[Origine : FRANCE, Epinards hachés en portions surgelés., Sans décongélation préalable. A la casserole : disposez les portions d'épinards hachés dans une casserole et laissez cuire à feu moyen en remuant régulièrement : 5 à 6 minutes pour 250 g, 11 minutes pour 500 g, 20 minutes pour 1 kg. Au micro-ondes :disposez les portions d'épinards dans un plat adapté, recouvrez les d'un film plastique alimentaire percé de quelques trous et laissez cuire à puissance maximale le temps indiqué (pour un four ayant une puissance restituée de 900 watts) : 4 minutes 30 pour 250 g, 7 minutes 30 pour 500 g, 16 minutes pour 1 kg., Epinards hachés 100%., Valeur énergétique en Joules :  108kj, Valeur énergétique en Kcal : 26kcal, Glucides : 0,5g, Lipides : 0,8g, Protides :3,1g, 24 heures dans un réfrigérateur. 3 jours dans le compartiment à glace d'un réfrigérateur. Plusieurs mois dans le compartiment à -18°C d'un réfrigérateur *** ou dans un congélateur jusqu'à la date indiquée. Ne jamais recongeler un produit décongelé.]|"
1,29€ / Kg"|"
1,29 €"
2192|Fonds d'artichauts de Bretagne, surgelés|la boîte de 300g|[Origine : FRANCE, Les fonds d'artichauts sont issus d'artichauts frais, soigneusement calibrés, épluchés, parés, blanchis et à nouveau parés avant d'être surgelés individuellement., A la casserole : cuire les fonds d'artichauts 10 à 15 minutes dans l'eau bouillante légèrement salée et citronnée, jusqu'à la reprise de l'ébullition. A l'autocuiseur : versez 2 verres d'eau salée dans l'autocuiseur. Déposez les fonds d'artichauts dans le panier en position haute. Fermez et laissez cuire 8 minutes à partir de la mise en rotation de la soupape. Au four à micro-ondes : cuire les fonds d'artichauts 8 à 10 minutes à couvert dans un fond d'eau, à la  puissance maximale (pour un fourayant une puissance restituée de 900 Watts)., Fonds d'artichauts 100%., Valeur énergétique en Joules :  180Kj, Valeur énergétique en Kcal : 43Kcal, Glucides : 4,9g, Lipides : 0,2g, Protides :1,8g, *24 heures dans un réfrigérateur. **3 jours dans le compartiment à glace d'un réfrigérateur. ***Plusieurs mois dans le compartiment à -18°C d'un réfrigérateur*** ou dans un congélateur jusqu'à la datelimite d'utilisation optimale. Attention : ne jamais recongeler un produit décongelé.]|"
13,00€ / Kg"|"
3,90 €"
2193|Haricots verts extra-fin|Le sachet de 1kg|[Origine : FRANCE, Pour redécouvrir le plaisir de consommer des légumes. Surgelés immédiatement après avoir été récoltés et triés, ces haricots verts conservent toutes leurs saveurs et leur croquant., Sans décongélation préalable. Dans une casserole : versez les haricots verts dans une grande quantité d'eau bouillante salée et laissez cuire 5 à 6 minutes. Egouttez, assaisonnez à votre goût et dégustez. En autocuiseur : versez 2 verres d'eau saléedans l'autocuiseur : déposez les haricots verts dans le panier vapeur et comptez 3 minutes à partir de la rotation de la soupape. Assaisonnez à votre convenance.  Casserole. Autocuiseur., Haricots verts extrafins 100%., Valeur énergétique en Joules :  165kj, Valeur énergétique en Kcal : 39kc, Glucides : 7,6g, Lipides : 0,1g, Protides :1,9g, *24 heures dans un réfrigérateur. **3 jours dans le compartiment à glace d'un réfrigérateur. ***Plusieurs mois dans le compartiment à -18°C d'un réfrigérateur*** ou dans un congélateur, jusqu'à la date limite d'utilisation optimale.]|"
1,61€ / Kg"|"
1,61 €"
2194|Haricots verts extra-fins, surgelés|La barquette de 450g|[Origine : FRANCE, Pour redécouvrir le plaisir de consommer des légumes. Surgelés immédiatement après avoir été récoltés et triés, ces haricots verts conservent toutes leurs saveurs et leur croquant., Sans décongélation préalable. DANS UNE CASSEROLE : Versez les haricots verts dans une grande quantité d'eau bouillante salée et laissez cuire 5 à 6 minutes. Egouttez, assaisonnez à votre goût et dégustez. EN AUTOCUISEUR : Versez 2 verres d'eau saléedans l'autocuiseur. Déposez les haricots verts dans le panier vapeur et comptez 3 minutes à partir de la rotation de la soupape. Assaisonnez à votre convenance., Haricots verts extrafins 100%, Valeur énergétique en Joules :  145Kj, Valeur énergétique en Kcal : 35kcal, Glucides : 4,7g, Lipides : 0,1g, Protides :1,7g, * 24 heures dans un réfrigérateur. ** 3 jours dans le compartiment à glace d'un réfrigérateur. *** Plusieurs mois dans le compartiment à -18°C d'un réfrigérateur*** ou dans un congélateur jusqu'à 1a date limite d'utilisation optimale. Attention : ne jamais recongeler un produit décongelé.]|"
4,33€ / Kg"|"
1,95 €"
2195|Haricots verts très fins surgelés|Le sachet de 600g|[Origine : BELGIQUE, 100% haricots verts très fins issus de l'agriculture biologique., Valeur énergétique en Joules :  142kj, Valeur énergétique en Kcal : 34kcal, Glucides : 4,4g, Lipides : 0,1g, Protides :1,8g]|"
4,45€ / Kg"|"
2,67 €"
2196|Haricots verts très fins surgelés|Le sachet de 600g|[Origine : BELGIQUE, 100% haricots verts très fins issus de l'agriculture biologique., Valeur énergétique en Joules :  142kj, Valeur énergétique en Kcal : 34kcal, Glucides : 4,4g, Lipides : 0,1g, Protides :1,8g]|"
4,45€ / Kg"|"
2,67 €"
2197|Légumes pour potage|Le sachet de 1kg|[Origine : FRANCE, De légumes déjà lavés, épluchés et coupés pour préparer rapidement un délicieux potage., A servir mixés en soupe ou dans un bouillon de légumes., Carottes 28% minimum, poireaux 16% minimum, pommes de terre 12% minimum, choux-fleurs 8% minimum, céleri 8% minimum, haricots verts 7% minimum, pois 2% minimum., Valeur énergétique en Joules :  137Kj, Valeur énergétique en Kcal : 32kcal, Glucides : 5,7g, Lipides : 0,4g, Protides :1,5g, *24h dans un réfrigérateur. **3 jours dans le compartiment à glace d'un réfrigérateur. *** plusieurs mois dans le compartiment à -18°C d'un réfrigérateur*** ou dans un congélateur jusqu'à la date limite d'utilisation optimale. Attention: ne jamais recongeler un produit décongelé.]|"
1,48€ / Kg"|"
1,48 €"
2198|Mélange de champignons forestiers et cultivés, surgelés|Le sachet de 300g|[Origine : FRANCE, Convient aux végétariens. 2 personnes. En accompagnement d'une cuisse de canard confite cuisinée avec des pommes de terre ou des marrons en persillade. Dans une poêle anti-adhésive, versez le mélange surgelé, couvrez et laissez cuire 5 minutes à couvert, à feu moyen, puis 3 minutes à découvert à feu vif., Bolets bais 31%, cèpes morceaux 20%, pholiotes 20%, pleurotes 20%, champignons de Paris miniatures 9%., Valeur énergétique en Joules :  87kj, Valeur énergétique en Kcal : 21kcal, Glucides : 1,7g, Lipides : 0,2g, Protides :2,3g, *24 heures dans un réfrigérateur. **3 jours dans le compartiment à glace d'un réfrigérateur. ***Plusieurs mois dans le compartiment à -18°C d'un réfrigérateur*** ou dans un congélateur jusqu'à la datelimite d'utilisation optimale. Attention : ne jamais recongeler un produit décongelé.]|"
10,27€ / Kg"|"
3,08 €"
2199|Mélange de légumes|Le sachet de 600g|[Origine : FRANCE, Choux-fleurs* 25,6% minimum, carottes* 19,2% minimum, haricots mange-tout* 19% minimum, petits pois* 16% minimum.                                             * Ingrédients issus de l'agriculture biologique.]|"
4,27€ / Kg"|"
2,56 €"
2200|Mélange de légumes|Le sachet de 600g|[Origine : FRANCE, Choux-fleurs* 25,6% minimum, carottes* 19,2% minimum, haricots mange-tout* 19% minimum, petits pois* 16% minimum.                                             * Ingrédients issus de l'agriculture biologique.]|"
4,27€ / Kg"|"
2,56 €"
2201|Oignons émincés, surgelés|Le sachet de 500g|[Origine : BELGIQUE, Préparation chaude : A la poêle, 2 à 5 minutes : faites blondir les oignons à feu moyen avec un peu de matière grasse chaude en remuant régulièrement. Pour 100g : 2 minutes. Pour 225g : 5 minutes. Préparation froide : au réfrigérateur, versez les oignons dans un plat et laissez décongeler pendant 4 heures au réfrigérateur. Au four à micro-ondes, versez les oignons dans un plat creux et laissez décongeler le temps indiqué en position de décongélation en remuant à mi-temps. Pour 100g : 1 minute 30. Pour 225g : 3 minutes., Oignons 100%., Valeur énergétique en Joules :  173Kj, Valeur énergétique en Kcal : 41kcal, Glucides : 7,9g, Lipides : 0,2g, Protides :1,2g, *24h dans un réfrigérateur. **3 jours dans le compartiment à glace d'un réfrigérateur. *** plusieurs mois dans le compartiment à -18°C d'un réfrigérateur*** ou dans un congélateur jusqu'à la date limite d'utilisation optimale. Attention: ne jamais recongeler un produit décongelé.]|"
2,04€ / Kg"|"
1,02 €"
2202|Petits pois doux extra-fins, surgelés|La barquette de 450g|[Origine : FRANCE, Pour redécouvrir le plaisir de consommer des légumes. Surgelés immédiatement après avoir été récoltés et triés, ces petits pois conservent toutes leurs saveurs et leur croquant., Sans décongélation préalable. DANS UNE CASSEROLE : Faites chauffer  une noisette de beurre dans une casserole  anti-adhésive et faites revenir les petits pois 2 à 3 minutes. Mouillez à hauteur des légumes et portez à ébullition. Couvrez et laissez cuire 6 à 7 minutes à feu doux. AU FOUR À MICRO-ONDES : Pour 200 g de légumes,  versez un demi-verre d'eau dans un plat creux adapté.  Ajoutez les petits pois et laissez cuire 6 minutes à puissance maximale (pour un four ayant une puissance restituée de 900 Watts). Salez à votre convenance. EN AUTOCUISEUR : Versez 2 verres d'eau salée dans la cocotte. Déposez les petits pois dans le panier vapeur et comptez 5 minutes à partir de la rotation de la soupape. Assaisonnez à votre convenance.  Casserole, micro-ondes, autocuiseur, Petits pois doux extrafins 100%., Valeur énergétique en Joules :  248Kj, Valeur énergétique en Kcal : 59Kc, Glucides : 5,5g, Lipides : 0,9g, Protides :5g, * 24 heures dans un réfrigérateur. ** 3 jours dans le compartiment à glace d'un réfrigérateur. *** Plusieurs mois dans, le compartiment à -18°C d'un réfrigérateur*** ou dans  un congélateur jusqu'à ladate limite d'utilisation optimale. Attention : ne jamais recongeler un produit décongelé.]|"
3,40€ / Kg"|"
1,53 €"
2203|Petits pois extra-fins|Le sachet de 1kg|[Origine : FRANCE, Pour redécouvrir le plaisir de consommer des légumes. Surgelés immédiatement après avoir été récoltés et triés, ces petits pois conservent toutes leurs saveurs et leur croquant., Sans décongélation préalable. Dans une casserole: 6 à 7 minutes à feu doux. Au four à micro-ondes: 6 minutes à puissance maximale. En autocuiseur: 5 minutes à partir de la rotation de la soupape., Petits pois doux extrafins 100%., Valeur énergétique en Joules :  330Kj, Valeur énergétique en Kcal : 78kcal, Glucides : 14g, Lipides : 0,1g, Protides :5,2g, *24h dans un réfrigérateur. **3 jours dans le compartiment à glace d'un réfrigérateur. *** plusieurs mois dans le compartiment à -18°C d'un réfrigérateur*** ou dans un congélateur jusqu'à la date limite d'utilisation optimale. Attention: ne jamais recongeler un produit décongelé.]|"
1,77€ / Kg"|"
1,77 €"
2204|Petits pois très fins, surgelés, certifié AB|Le sachet de 600g|[Origine : FRANCE, Sans décongélation préalable. A la casserole : dans une casserole d'eau bouillante salée, plongez la quantité nécessaire de petits pois. Laissez cuire 10 min à partir de la reprise du frémissement. Egouttez. A l'autocuiseur : versez deux verres d'eausalée dans l'autocuiseur, déposez les petits pois dans le panier en position haute. Fermez et laissez cuire 5 minutes à partir de la mise en rotation de la soupape. Au four à micro-ondes : déposez les petits pois dans un plat creux, ajoutez un demi-verre d'eau et couvrez. Laissez cuire 10 à 11 minutes en position cuisson., 100% petits pois issus de l'agriculture biologique., Valeur énergétique en Joules :  327kj, Valeur énergétique en Kcal : 78kcal, Glucides : 9g, Lipides : 0,9g, Protides :5,9g, 24 heures dans un réfrigérateur. 3 jours dans le compartiment à glace d'un réfrigérateur. Plusieurs mois à -18°C. Ne jamais recongeler un produit décongelé.]|"
4,58€ / Kg"|"
2,75 €"
2205|Petits pois très fins, surgelés, certifié AB|Le sachet de 600g|[Origine : FRANCE, Sans décongélation préalable. A la casserole : dans une casserole d'eau bouillante salée, plongez la quantité nécessaire de petits pois. Laissez cuire 10 min à partir de la reprise du frémissement. Egouttez. A l'autocuiseur : versez deux verres d'eausalée dans l'autocuiseur, déposez les petits pois dans le panier en position haute. Fermez et laissez cuire 5 minutes à partir de la mise en rotation de la soupape. Au four à micro-ondes : déposez les petits pois dans un plat creux, ajoutez un demi-verre d'eau et couvrez. Laissez cuire 10 à 11 minutes en position cuisson., 100% petits pois issus de l'agriculture biologique., Valeur énergétique en Joules :  327kj, Valeur énergétique en Kcal : 78kcal, Glucides : 9g, Lipides : 0,9g, Protides :5,9g, 24 heures dans un réfrigérateur. 3 jours dans le compartiment à glace d'un réfrigérateur. Plusieurs mois à -18°C. Ne jamais recongeler un produit décongelé.]|"
4,58€ / Kg"|"
2,75 €"
2206|Printanière de légumes|Le sachet de 1kg|[Origine : FRANCE, Pour redécouvrir le plaisir de consommer des légumes., Sans décongélation préalable. Dans une casserole : versez la printanière surgelée directement dans l'eau bouillante salée. Ramenez à ébullition et laissez cuire à découvert environ 10 minutes. Surveillez le croquant des légumes, égouttez, assaisonnezà votre goût et dégustez. En autocuiseur : versez 1 verre d'eau salée dans la cocotte. Déposez les légumes dans le panier vapeur et comptez 7 minutes à partir de la rotation de la soupape.  Casserole. Autocuiseur., Petits pois doux fins minimum 20%, pommes de terre entières minimum 20%, haricots mange-tout coupés minimum 16%, carottes minimum 16%, oignons émincés minimum 8%., Valeur énergétique en Joules :  238kj, Valeur énergétique en Kcal : 56kc, Glucides : 11,5g, Lipides : 0,1g, Protides :2,3g, *24 heures dans un réfrigérateur. **3 jours dans le compartiment à glace d'un réfrigérateur. ***Plusieurs mois dans le compartiment à -18°C d'un réfrigérateur*** ou dans un congélateur, jusqu'à la date limite d'utilisation optimale.]|"
1,71€ / Kg"|"
1,71 €"
2207|Purée de brocolis, surgelée|La boîte de 450g|[Origine : FRANCE, Purée de brocolis surgelée., Sans décongélation préalable. A la casserole : versez la quantité désirée de purée de brocolis dans une casserole et ajoutez une à deux cuillerées à soupe d'eau froide. Réchauffez à découvert et à feu moyen le temps indiqué, tout en remuant de tempsen temps. Pour 225 g : 4 min, pour 450 g : 9 min. Au micro-ondes : versez la quantité désirée de purée de brocolis dans un plat adapté, couvrez et laissez chauffer le temps indiqué (pour un four ayant une puissance restituée de 900 watts). Pour 225 g: 4 min, pour 450 g : 7 min., 100% brocolis., Valeur énergétique en Joules :  106kj, Valeur énergétique en Kcal : 25kcal, Glucides : 2,6g, Lipides : 0,1g, Protides :2,4g, 24 heures dans un réfrigérateur, 3 jours dans le compartiment à glace d'un réfrigérateur, plusieurs mois dans le compartiment à -18°C d'un réfrigérateur*** ou dans un congélateur jusqu'à la date limite d'utilisation optimale. Attention : ne jamais recongeler un produit décongelé.]|"
2,49€ / Kg"|"
1,12 €"
2208|Purée de carottes, surgelée|La barquette de 450g|[Origine : FRANCE, La purée est une façon simple et agréable de consommer des légumes. Elle est préparée à partir de légumes récoltés au meilleur moment de la saison. Les légumes sélectionnés sont alors préparés, cuits à la vapeur puis réduits en purée par affinage etenfin surgelés en portions de 5g environ., Sans décongélation. Dans une casserole : versez la purée de carotte dans une casserole et laissez cuire le temps indiqué à feu moyen. Pour 225g : 4 minutes, pour 450g : 9 minutes. Au four à micro-ondes : versez la purée de carotte dans un plat adaptéet laissez cuire en position cuisson le temps indiqué. Pour 225g : 4minutes*, pour 450g : 7 minutes* (*Temps indiqué pour un four ayant une puissance restituée de 900 watts). Les purées peuvent aussi bien se déguster avec de la viande qu'avec du poisson. Vous pouvez les agrémenter de crème fraîche, de sel, d'huile d'olive...  Casserole. Micro-ondes., Carottes. La Monoprix est garantie sans adjonction de sel, ni de matière grasse, sans additif ni colorant., Valeur énergétique en Joules :  134kj, Valeur énergétique en Kcal : 32kcal, Glucides : 5,4g, Lipides : 0,1g, Protides :1,1g, * 24 heures au réfrigérateur. ** 3 jours dans le compartiment à glace du réfrigérateur. *** Plusieurs mois dans le compartiment à -18°C d'un congélateur, dans la limite du délai optimal de conservation.]|"
2,18€ / Kg"|"
0,98 €"
2209|Purée de céleri, surgelée|La barquette de 450g|[Origine : FRANCE, La purée est une façon simple et agréable de consommer des légumes. Elle est préparée à partir de légumes récoltés au meilleur moment de la saison. Les légumes sélectionnés sont alors préparés, cuits à la vapeur puis réduits en purée par affinage etenfin surgelés en portions de 5 g environ. La purée MONOPRIX est garantie sans adjonction de sel, ni de matière grasse, sans additif, ni colorant., Sans décongélation. DANS UN CASSEROLE : versez la purée de céleri dans une casserole et laissez cuire le temps indiqué à feu moyen. Pour 225 g : 4 minutes, pour 450 g : 9 minutes. AU FOUR À MICRO-ONDES : versez la purée de céleri dans un plat adaptéet laissez cuire en position cuisson le temps indiqué. Pour 225 g : 4 minutes, pour 450 g : 7 minutes. (Temps indiqués pour un four ayant une puissance restituée de 900 watts). Les purées peuvent aussi bien se déguster avec de la viande qu'avec du poisson. Vous pouvez les agrémenter de crème fraîche, de sel, d'huile d'olive, Céleri raves, sans additifs, ni colorants, ni adjonction de sel, Valeur énergétique en Joules :  114Kj, Valeur énergétique en Kcal : 27kcal, Glucides : 2,8g, Lipides : 0,1g, Protides :1,5g, * 24 heures au réfrigérateur. ** 3 jours dans le compartiment à glace du réfrigérateur. *** plusieurs mois dans le compartiment à - 18°C d'un congélateur, dans la limite du délai optimal de conservation.  Attention : Ne jamais recongeler un produit décongelé.]|"
2,18€ / Kg"|"
0,98 €"
2210|Haricots verts extra-fins, surgelés|Le sachet de 1kg|[Origine : FRANCE, Avec la gamme 'Précuit Vapeur' Bonduelle, retrouvez dans votre assiette le goût et les qualités des légumes frais en seulement 3 minutes.Ces légumes ont été cueillis en France, précuits vapeur et surgelés dans la journée., Mode de préparation sans décongélation pour une portion de 150g. Prêt en 3 min (croquant), 5 min (fondant). A la poêle (recommandé par Bonduelle) : dans une poêle bien chaude avec un filet d'huile d'olive. A la casserole : dans une casserole d'eau bouillante salée, dès reprise de l'ébullition. Au micro-ondes : dans un plat adapté au four à micro-ondes recouvert d'un film alimentaire., Haricots verts. Traces possibles de céleri., Valeur énergétique en Joules :  132kj, Valeur énergétique en Kcal : 32kcal, Glucides : 3,9g, Lipides : 0,2g, Protides :2,0g, Réfrigérateur domestique : 24 heures. Dans le casier à glaçons de votre réfrigérateur : 3 jours. Congélateur *** à -18°C : plusieurs mois. Ne jamais recongeler un produit dégelé.]|"
3,00€ / Kg"|"
3,00 €"
2211|L'Epinard feuilles préservées|Le sachet de 750g|[Origine : FRANCE, Issus de variétés sélectionnées, cueillis à pleine maturité, les épinards sont lavés, égouttés avant d'être superposés feuille après feuille, soigneusement découpés en palets de 50g et surgelés., 1 personne = 3 palets d'épinards. A la poêle, 4 minutes (recommandé par Bonduelle) : placez les palets d'épinard encore surgelés dans une poêle bien chaude avec un filet d'huile. Couvrez et réchauffez à feu moyen 4 minutes en les retournant 1 fois. Au micro-ondes, 3 minutes : placez les palets d'épinard encore surgelés dans un plat adapté au four à micro-ondes, couvrez d'un film étirable. Pour 3 palets, réchauffez 3 min à puissance maximale (900W). Adaptez ce temps de cuisson à la puissance de votre four et au nombre de palets., Epinards en branches surgelés. Traces possibles de céleri., Valeur énergétique en Joules :  105kj, Valeur énergétique en Kcal : 25kcal, Glucides : 1,0g, Lipides : 0,4g, Protides :3,1g, Réfrigérateur domestique : 24h. Congélateur *** à -18°C : plusieurs mois. Dans le casier à glaçons de votre réfrigérateur : 3 jours. Ne jamais recongeler un produit dégelé.]|"
2,65€ / Kg"|"
1,99 €"
2212|Le brocoli petite fleurette, surgel{|Le sachet de 1k|[Origine : FRANCE, Avec la gamme 'Précuit Vapeur' Bonduelle, retrouvez dans votre assiette le goût et les qualités des légumes frais en seulement 3 minutes !, Prêt en 3 min : croquant ou 5 min : fondant. Mode de préparation sans décongélation pour une portion de 150g. Au micro-ondes (recommandé par Bonduelle) : dans un plat adapté au four à micro-ondes recouvert d'un film alimentaire. A la casserole : dansune casserole d'eau bouillante salée, dès reprise de l'ébullition. A la poêle : dans une poêle bien chaude avec un filet d'huile d'olive. Couvrir., Brocolis. Traces possibles de céleri., Valeur énergétique en Joules :  125kj, Valeur énergétique en Kcal : 30kcal, Glucides : 2,1g, Lipides : 0,6g, Protides :2,8g, Réfrigérateur domestique : 24 heures. Dans le casier à glaçons de votre réfrigérateur : 3 jours. Congélateur*** à -18°C : plusieurs fois. Ne jamais recongeler un produit dégelé.]|"
3,39€ / Kg"|"
3,39 €"
2213|Petit pois extra-fondant, précuit vapeur|Le sachet de 750g|[Origine : UNION EUROPEENNE]|"
4,11€ / Kg"|"
3,08 €"
2214|Duo haricots verts et pommes de terre|Le sachet de 900g|[Origine : FRANCE, Mélange de haricots verts et de pommes de terre préfrites, cuisiné, surgelé., 4 portions environ. Sans décongélation préalable. A la poêle : versez le duo haricots verts et pommes de terre cuisinés dans une poêle sans ajouter de matière grasse. Laisser cuire 10 à 12 minutes en remuant à mi-cuisson., 24 heures dans un réfrigérateur. 3 jours dans le compartiment à glace d'un réfrigérateur. Plusieurs mois dans le compartiment à -18°C d'un réfrigérateur*** ou dans un congélateur jusqu'à la date limite d'utilisation optimale. Ne jamais recongeler un produit décongelé.]|"
3,31€ / Kg"|"
2,98 €"
2215|Ecrasée de pommes de terre|Le sachet de 500g|[Origine : FRANCE, Ecrasée de pommes de terre à l'huile d'olive vierge extra 6% et aux herbes de Provence surgelée., Sans décongélation préalable. Au micro-ondes : versez la quantité désirée d'écrasée de pomme de terre dans un plat adapté. Couvrez et laissez réchauffer 3 minutes pour la moitié du sachet et 6 minutes pour la totalité du sachet en remuant à mi-cuisson. A la poêle : versez la quantité désirée dans une poêle chaude. Ajoutez 2 cuillères à soupe d'eau et laissez cuire 5 minutes pour la moitié du sachet ou ajoutez 4 cuillères à soupe d'eau et laissez cuire 8 minutes pour la totalité du sachet en remuant de temps en temps., Pommes de terre 87%, huile d'olive vierge extra 6%, beurre, crème (crème, gélifiant : carraghénanes), sel, herbes de Provence 0,2%, poivre., Valeur énergétique en Joules :  537kj, Valeur énergétique en Kcal : 129kcal, Glucides : 13g, Lipides : 7,4g, Protides :1,8g, A conserver 24h au réfrigérateur, 3 jours dans le compartiment à glace d'un réfrigérateur, plusieurs mois à -18°C dans un congélateur. Ne jamais recongeler un produit décongelé.]|"
4,02€ / Kg"|"
2,01 €"
2216|Epinards hachés, @ la crème fraîche|Le sachet de 600g|[Origine : FRANCE, Sans décongélation préalable. A la casserole : versez les épinards hachés à la crème dans une casserole. Réchauffez les à feu moyen, en remuant régulièrement. Pour 200 g : 4 minutes, pour 400 g : 8 minutes, pour 600 g : 12 minutes. Au micro-ondes : versez les épinards hachés à la crème dans un plat adapté. Réchauffez en position cuisson le temps indiqué, en remuant à mi temps (pour une puissance restituée de 900 watts), pour 200 g : 4 minutes, pour 400 g : 6 minutes, pour 600 g : 8 minutes., Epinard hachés 68% - eau - créme fraîche 7% - poudre de lait écrémé - amidon transformé de riz - protéines de lait - sel - beurre - amidon transformé de pommes de terre - arôme naturel - épaissant : gomme xanthane - muscade., Valeur énergétique en Joules :  185kj, Valeur énergétique en Kcal : 44kcal, Glucides : 3,7g, Lipides : 2,2g, Protides :1,7g, 24h dans un réfrigérateur, 3 jours dans le compartiment à glace d'un réfrigérateur, plusieurs mois dans le compartiment à -18°C du réfrigérateur*** ou dans un congélateur. Ne jamais recongeler un produit décongelé.]|"
2,32€ / Kg"|"
1,39 €"
2217|Galettes courgette et petits légumes, surgelées|La barquette de 300g|[Origine : FRANCE, Galettes de légumes, courgettes et petits légumes, préfrites, surgelées., Sans décongélation et sans ajout de matière grasse. Au four : préchauffez votre four à 210°C puis laissez cuire 12 à 15 minutes. A la poêle : 8 à 10 minutes à feu moyen en retournant régulièrement. Au micro-ondes : 1 minute 30 (1 pièce), 2 minutes 30(2 pièces) pour une puissance de 600 watts à couvert., Courgettes 40%, carottes 22%, petits pois 10%, oignons 10%, oeuf entier, huiles végétales de tournesol et de colza, fécule et amidon transformé de pomme de terre, lactosérum, arômes (dont blé et céleri), sel, fécule transformé de pomme de terre et amidon transformé de manioc, basilic, gélifiant E461, blanc d'oeuf en poudre, lactose, herbes de Provence, lait écrémé en poudre, épices. Traces de poisson., Valeur énergétique en Joules :  422Kj, Valeur énergétique en Kcal : 101Kcal, Glucides : 8,3g, Lipides : 4,9g, Protides :4,7g, A conserver 24h au réfrigérateur, 3 jours dans le compartiment à glace d'un réfrigérateur, plusieurs mois au congélateur à -18°C. Ne jamais recongeler un produit décongelé.]|"
6,83€ / Kg"|"
2,05 €"
2218|Galettes de légumes préfrites, choux-fleurs brocolis carottes|Les 8 portions de 37,5g|[Origine : FRANCE, 2 personnes. Convient aux végétariens. A consommer en accompagnement de viande ou de poisson grillé pour un menu léger. Sans décongélation préalable. A la poêle : déposez les galettes de légumes dans une poêle chaude sans ajout de matière grasse. Faites réchauffer à  feu moyen 8 à 10 minutes en les retournant régulièrement afin qu'elles dorent uniformément. Au four traditionnel : préchauffez votre four (th. 7-210°C). Déposez les galettes de légumes dans un plat et faites réchauffer 12 à 15 minutes. Retournez à mi-cuisson. Au four à micro-ondes : déposez et couvrez les galettes de légumes dans un plat adapté. Faites réchauffer 2 minutes 30 pour 2 galettes dans un four ayant une puissance restituée de 600 Watts., Chou-fleur 57%, brocolis 19%, carottes 10%, huiles végétales de palme et de tournesol, oeuf entier, fécule et amidon transformés de pomme de terre, lactosérum, fécule transformée de pomme de terre et amidon transformé de manioc, arômes (dont blé et céleri), sel, gélifiant : E461, lactose et lait écrémé en poudre, blanc d'oeuf en poudre, épices., Valeur énergétique en Joules :  290Kj, Valeur énergétique en Kcal : 69Kcal, Glucides : 5,6g, Lipides : 4,2g, Protides :2,3g, *24 heures dans un réfrigérateur. **3 jours dans le compartiment à glace d'un réfrigérateur. ***Plusieurs mois dans le compartiment à -18°C d'un réfrigérateur*** ou dans un congélateur jusqu'à la datelimite d'utilisation optimale. Attention : ne jamais recongeler un produit décongelé.]|"
6,83€ / Kg"|"
2,05 €"
2219|Gratin dauphinois, à la crème fraîche, surgelé|La barquette de 450g|[Origine : FRANCE, 2 personnes. Sans décongélation préalable. Au four à micro-ondes : retirez le film de la barquette et placez-la au micro-ondes sans couvrir. Réchauffez à puissance maximale : 750W : 12 à 13 minutes, 900W : 10 à 11 minutes. Ne jamais utiliser la position gril du four à micro-ondes. Au four traditionnel : préchauffez votre four à 210°C (th7) pendant 10 minutes environ. Retirez le film de la barquette et placez-la sur la grille au milieu du four. Réchauffez 40 minutes. Ne jamais passer sous le grildu four. Ces temps sont donnés à titre indicatif et sont à ajuster en fonction de la puissance de vos fours (micro-ondes ou traditionnel)., Pommes de terre 52%, eau, fromage emmental 7,4%, crème fraîche 5,7% (stabilisant : carraghénanes), poudre de lait écrémé, amidon transformé, farine de blé, sel, huile de tournesol, épices, arôme, épaississants : gomme guar, gomme xanthane, ail. Traces de poissons, crustacés, mollusques, oeufs, soja, fruits à coque, céleri, moutarde, sésame et lupin. Elaboré en France., Valeur énergétique en Joules :  414kj, Valeur énergétique en Kcal : 99kcal, Glucides : 11,8g, Lipides : 3,4g, Protides :4,1g, 24 heures dans un réfrigérateur. 3 jours dans le compartiment à glace du réfrigérateur. Plusieurs mois dans le compartiment à -18°C d'un réfrigérateur*** ou dans un congélateur jusqu'à la date limited'utilisation optimale. Ne jamais recongeler un produit décongelé.]|"
6,38€ / Kg"|"
2,87 €"
2220|Gratin de choux-fleurs, à la crème fraîche, surgelé|La barquette de 450g|[Origine : FRANCE, 2 personnes. Sans décongélation préalable. Au four à micro-ondes : retirez le film de la barquette et placez-la au micro-ondes sans couvrir. Réchauffez à puissance maximale : 750W : 12 à 13 minutes, 900W : 10 à 11 minutes. Ne jamais utiliser la position gril du four à micro-ondes. Au four traditionnel : préchauffez votre four à 210°C (th7) pendant 10 minutes environ. Retirez le film de la barquette et placez-la sur la grille au milieu du four. Réchauffez 40 minutes. Ne jamais passer sous le grildu four. Ces temps sont donnés à titre indicatif et sont à ajuster en fonction de la puissance de vos fours (micro-ondes ou traditionnel)., Choux-fleurs 53%, eau, crème fraîche 9,6% (stabilisant : carraghénanes), fromage emmental 8,8%, poudre de lait écrémé et entier, amidon transformé, farine de blé, ail, chapelure (farine de blé, sel, poudre à lever : carbonate acide d'ammonium), sel,huile végétale de tournesol, arôme, poivre, épaississants : gomme guar, gomme xanthane. Traces de poissons, crustacés, mollusques, oeufs, soja, fruits à coque, céleri, moutarde, sésame et lupin. Elaboré en France., Valeur énergétique en Joules :  435kJ, Valeur énergétique en Kcal : 104kcal, Glucides : 5,8g, Lipides : 6,4g, Protides :5,2g, 24 heures dans un réfrigérateur. 3 jours dans le compartiment à glace du réfrigérateur. Plusieurs mois dans le compartiment à -18°C d'un réfrigérateur*** ou dans un congélateur jusqu'à la date limited'utilisation optimale. Ne jamais recongeler un produit décongelé.]|"
6,84€ / Kg"|"
3,08 €"
2221|Gratins dauphinois, surgelés|La boîte de 4, 480g|[Origine : FRANCE, Préparation à base de pommes de terre, crème et fromage, cuite, surgelée., Sans décongélation préalable. Au micro-ondes : faites réchauffer à puissance maximale (900 watts) pendant 2 minutes 20 pour 1 mini gratin. Laissez reposer 1 minute avant de consommer. Au four traditionnel : préchauffez votre four à 210°C (th7) pendant 10 minutes. Puis faites réchauffer les mini gratins 20 à 25 minutes., Pommes de terre précuites 56%, crème 19%, eau, fromage emmental 7%, préparation pour sauce (lactosérum, fécule de pomme de terre transformé et amidon transformé de manioc, lactose, sel, lait écrémé en poudre, épices), jaune d'oeuf, lactose et protéines, fécule de pomme de terre, sel, arômes naturels, épaississants 412, E415, ail. Traces de blé et poisson., Valeur énergétique en Joules :  580kj, Valeur énergétique en Kcal : 139kcal, Glucides : 13g, Lipides : 7,7g, Protides :3,6g, A conserver 24h au réfrigérateur, 3 jours dans le compartiment à glace d'un réfrigérateur, plusieurs mois au congélateur à -18°C. Ne jamais recongeler un produit décongelé.]|"
6,85€ / Kg"|"
3,29 €"
2222|Poêlée Champêtre|Le sachet de 1kg|[Origine : BELGIQUE, Mélange surgelé de légumes et de champignons assaisonné., À la poêle : faites chauffer 1 cuillère d'huile végétale dans une poêle anti-adhésive. Versez la quantité désirée de produit encore surgelé. Laissez chauffer à feu doux à découvert en remuant régulièrement. Pour 200 g : 4 min 30. Pour 1000 g : 13 min. Au four à micro-ondes : versez la quantité désirée de produit encore surgelé dans un plat adapté au four à micro-ondes. Ne couvrez pas. Pour 200 g, faites cuire 5 min 30 pour un four ayant une puissance restituée de 750 W ou 4 min à 900 W. Pour 500g 11 min à 750 W ou 8 min à 900 W. Il est déconseillé de chauffer une quantité supérieure à 500 g au four à micro-ondes., Haricots verts très fins 33%, brocolis fleurettes 20%, champignons émincés 15%, poivrons rouges 15%, oignons 15%, huiles végétale de colza, oignons en poudre, sel, extrait de levure, céleri en poudre, sucre, aromates., Valeur énergétique en Joules :  137kj, Valeur énergétique en Kcal : 33kcal, Glucides : 3,2g, Lipides : 0,9g, Protides :1,7g, 24 heures dans un réfrigérateur, 3 jours dans le compartiment à glace d'un réfrigérateur, plusieurs mois dans le compartiment à -18°C d'un réfrigérateur*** ou dans un congélateur. Ne jamais recongelerun produit décongelé.]|"
3,08€ / Kg"|"
3,08 €"
2223|Poêlée de légumes grillés, surgelés|Le sachet de 450g|[Origine : FRANCE, Mélange de légumes grillés surgelés., 2 personnes. A la poêle : faites chauffer 1 cuillère d'huile végétale dans une poêle anti-adhésive. Versez la quantité désirée de produit encore surgelé dans la poêle. Laissez chauffer à feu doux à découvert en remuant régulièrement. Pour 200 g : 4 minutes 30. Pour 450 g : 11 minutes. Au micro-ondes : versez la quantité désirée de produit encore surgelé dans un plat adapté au four à micro-ondes. Ne couvrez pas. Faites cuire le temps conseillé en remuant à mi-cuisson. Pour 200 g : 5 minutes 30 à750 W / 4 minutes à 900 W. Pour 450 g : 11 minutes à 750 W / 8 minutes à 900 W., Courgettes grillées 24%, aubergines grillées 22%, poivrons jaunes grillés 18%, poivrons rouges grillés 18%, oignons grillés 15%, basilic, huile d'olive vierge extra, sel, poivre., Valeur énergétique en Joules :  191Kj, Valeur énergétique en Kcal : 46kcal, Glucides : 4,9g, Lipides : 1,4g, Protides :1,8g, * 24 heures dans un réfrigérateur. ** 3 jours dans le compartiment à glace d'un réfrigérateur. *** Plusieurs mois dans le compartiment à -18°C d'un réfrigérateur *** ou dans un congélateur jusqu'à ladate indiquée. Ne jamais recongeler un produit décongelé.]|"
6,84€ / Kg"|"
3,08 €"
2224|Purée cuisinée de pommes de terre|La boîte de 750g|[Origine : FRANCE]|"
2,60€ / Kg"|"
1,95 €"
2225|Ratatouille cuisinée, surgelée|La barquette de 450g|[Origine : FRANCE, Au four à micro-ondes : versez la ratatouille dans un plat adapté au four à micro-ondes. Pour 450g, faites chauffer pendant 8 à 9 minutes pour un four ayant une puissance restituée de 750 Watts. A la casserole : versez la ratatouille dans une casserole. Pour 450g, faites cuire à feu moyen 11 minutes environ, à couvert, en remuant régulièrement., Tomates 29%, courgettes 18%, aubergines préfrites 15% (aubergines, huile de tournesol), poivrons verts et rouges grillés 11% (poivrons rouges et verts, huile de tournesol), eau, oignons rissolés 5% (oignons, huile de tournesol), purée de tomates mi-réduite (tomates, acidifiant : E330), huile d'olive vierge extra 3,5%, purée de tomates double concentrée, pulpe d'ail, sucre, sel, amidon modifié de pomme de terre, paprika, extraits naturels d'épices et d'aromates. Présence possible de lait, gluten,crustacés, oeufs, poisson, céleri, moutarde., Valeur énergétique en Joules :  387Kj, Valeur énergétique en Kcal : 93Kcal, Glucides : 5,5g, Lipides : 6,9g, Protides :1,3g, 24 heures dans un réfrigérateur. 3 jours dans le compartiment à glace d'un réfrigérateur. Plusieurs mois dans le compartiment à -18°C d'un réfrigérateur*** ou dans un congélateur, jusqu'à la date limite d'utilisation optimale. Ne jamais recongeler un produit décongelé.]|"
4,18€ / Kg"|"
1,88 €"
2226|Galettes de légumes verts, Haricots verts & épinards et brocolis,surgelé|La boîte de 300g|[Origine : FRANCE, Traces possibles de moutarde, soja, gluten, cèleri, Valeur énergétique en Joules :  317kj, Valeur énergétique en Kcal : 76kcal, Glucides : 3,1g, Lipides : 4,2g, Protides :3,9g]|"
8,50€ / Kg"|"
2,55 €"
2227|La Méditerranéenne poêlée surgelée courgettes grillées, pommes de terre|Le sachet de 700g|[Origine : FRANCE, La Méditerranéenne est une délicieuse recette de poêlée de courgettes grillées, pommes de terre, brocolis, poivrons rouges, huile d'olive et romarin., A la poêle (7 min) sans ajouter de matière grasse : versez la quantité désirée dans une poêle chaude. Laissez réchauffer à feu moyen le temps indiqué, en remuant régulièrement. Au four à micro-ondes (5 min) : versez la quantité désirée dans un plat adapté au four à micro-ondes. Réchauffez 5 min au micro-ondes à 900W pour 2 portions., Courgettes grillées (20%), pommes de terre préfrites (huile de tournesol, stabilisant : E450) (18%), brocolis (18%), oignons (9%), eau, poivrons rouges préfrits (huile de tournesol) (7%), huile de tournesol et d'olive vierge extra (1,1%), farine de blé, bouillon de volaille (sel, arômes, graisse et viande de poule, amidon et maltodextrine de pommes de terre, épaississant : E414, gluten, céleri), sel, persil, ail, arôme naturel d'ail, romarin (0,05%). Traces possibles de lait, moutarde, soja., Valeur énergétique en Joules :  378Kj, Valeur énergétique en Kcal : 90Kc, Glucides : 11.9g, Lipides : 3.8g, Protides :2.2g, Réfrigérateur domestique : 24h. Congélateur *** à -18°C : plusieurs mois. Dans le casier à glaçons de votre réfrigérateur : 3 jours. Ne jamais recongeler un produit dégelé.]|"
5,43€ / Kg"|"
3,80 €"
2228|Poêlée à la catalane|Le sachet de 700g|[Origine : FRANCE, La Catalane est une délicieuse recette de poêlée de haricots plats d'Espagne, courgettes grillées, poivrons rouges et jaunes, aubergines, huile d'olive et thym., A la poêle : 7 min. Versez la quantité désirée dans une poêle chaude sans ajouter de matière grasse. Laissez réchauffer à feu moyen le temps indiqué, en remuant légèrement. Au four à micro-ondes : 5 min. Versez la quantité désirée dans un plat adaptéau four à micro-ondes. Réchauffez à puissance maximale le temps indiqué. 5 min au micro-ondes à 900W pour 2 portions. Adaptez le temps de cuisson à la portion réchauffée ainsi qu'à la puissance de votre four., Haricots verts plats (29%), courgettes grillées (16%), poivrons rouges et jaunes (12%), aubergines préfrites (huile de tournesol) (11%), oignons, eau, huile de colza, farine de blé, huile d'olive vierge extra (0,4%), pulpe d'ail, persil, sel, concentré de tomate, thym (0,1%), maltodextrine de pomme de terre, jus concentrés de légumes (tomate, courgette, aubergine, carotte, poivron, oignon, fenouil, ail), cumin, poivre, extrait de levure, sel, extraits d'épices et d'aromates. Traces possibles decéleri et de lait. Sans colorant, sans conservateur., Réfrigérateur domestique : 24h. Congélateur *** à -18°C : plusieurs mois. Dans le casier à glaçons de votre réfrigérateur : 3 jours. Ne jamais recongeler un produit dégelé.]|"
5,29€ / Kg"|"
3,70 €"
2229|Poêlée La Champêtre|Le sachet de 950g|[Origine : UNION EUROPEENNE]|"
3,89€ / Kg"|"
3,70 €"
2230|Poêlée La Parisienne aux pommes de terre, champignons de Paris e t lardons fumés, surgelé|Le sachet de 700g|[Origine : FRANCE, La Parisienne est une délicieuse recette de poêlée de haricots verts, pommes de terre, carottes, champignons de Paris et de lardons fumés., Sans décongélation. Au four à micro-ondes : versez la quantité désirée dans un plat adapté au four à micro-ondes. Réchauffez 5 minutes au micro-ondes à 900W pour 2 portions. A la poêle : verser la quantité désirée dans une poêle chaude sans ajouter de matière grasse. Laissez réchauffer à feu moyen le temps indiqué en remuant régulièrement., Haricots verts (24%), pommes de terre préfrites (huile de tournesol, stabilisant : E450) (21%), carottes (80%), oignons, Champignons de Paris (7%), lardons fumés (poitrine de porc, sel, dextrose de blé, acidifiant : E262, conservateurs : E316, E250 (7%), eau, huile de tournesol farine de blé, sel, persil, ciboulette, ail, bouillon de volaille (sel, arômes, graisse et viande de poule, amidon et maltodextrine de pomme de terre, épaississant : E414, gluten, céleri), arôme naturel, romarin, arôme naturel poivre. Traces possibles de lait, de moutarde et de soja., Valeur énergétique en Joules :  319kj, Valeur énergétique en Kcal : 77kcal, Glucides : 6,9g, Lipides : 3,4g, Protides :2,6g, Réfrigérateur domestique : 24 heures. Dans le casier à glaçons de votre réfrigérateur : 3 jours. Congélateur *** à -18°C : plusieurs mois. Ne jamais recongeler un produit décongelé.]|"
5,16€ / Kg"|"
3,61 €"
2231|Poelee la rustique, pommes de terre, champignons de paris et bolets|Le sachet de 700g|[Origine : FRANCE, Valeur énergétique en Joules :  386kj, Valeur énergétique en Kcal : 92kcal, Glucides : 11,8g, Lipides : 3,3g, Protides :2,4g]|"
5,29€ / Kg"|"
3,70 €"
2234|Purée 4 saveurs|Le sachet de 720g|[Origine : UNION EUROPEENNE, La purée 4 saveurs est une recette unique, fruit d'un subtil mélange de haricots verts, de courgettes, d'épinards et de pois, finement relevée d'une pointe de crème.]|"
4,24€ / Kg"|"
3,05 €"
2235|Epinards en branches à la crème fraîche, surgelés|La boîte de 500g|[Origine : FRANCE]|"
4,42€ / Kg"|"
2,21 €"
2236|Epinards hachés à la crème fraîche|La barquette de 600g|[Origine : FRANCE]|"
3,43€ / Kg"|"
2,06 €"
2237|Epinards haches a la creme fraiche - sachet de 900g|Le sachet de 900g|[Origine : FRANCE, Notre recette est le mariage harmonieux de l'épinard et de la crème fraîche., Epinards 71%, eau, crème fraîche 10,7%, farine de blé, lait écrémé en poudre, sel, extraits d'épices (dont muscade)., Valeur énergétique en Joules :  270kj, Valeur énergétique en Kcal : 65kcal, Glucides : 3,5g, Lipides : 4,5g, Protides :3g, -21¢]|"
3,38€ / Kg"|"
3,08 €"
2238|Soupe potirons & chataignes 600g|Le sachet de 600g|[Origine : FRANCE, Notre chef a imaginé pour vous une recette gourmande : la douceur de la châtaigne et du potiron, agrémentée d'une pointe de crème fraîche., Eau, potiron 18,4%, courge, pommes de terre, châtaignes 6%, crème fraîche 6%, amidon transformé, sucre, sel, extrait de levure. Teneur en sel : 0,4%. Cuisiné sans colorant, sans conservateur, sans huile de palme., Valeur énergétique en Joules :  210kj, Valeur énergétique en Kcal : 50kcal, Glucides : 7,5g, Lipides : 1,5g, Protides :1g, -21¢]|"
5,05€ / Kg"|"
3,08 €"
2239|Choux-fleurs, carottes, pois gourmands et courgettes, cuisson vapeur|La boîte de 400g|[Origine : ALLEMAGNE, Découvrez cette sélection de légumes du jardin: choux-fleurs et jeunes carottes accompagnés de courgette et pois croquants en gousse, le tout délicatement assaisonné.  Cuisson vapeur: Les légumes cuisent à la vapeur dans leur sachet en quelques minutes au micro-ondes. Délicatement assaisonnés, leur goût et leur saveur sont parfaitement restitués., Préparation au micro-ondes: pour un résultat optimal. Inutile de décongeler. Placez le(s) sachet(s), sans le(s) percer, sur une assiette adaptée au micro-ondes la face imprimée tournée vers le haut. Chauffez selon le tableau. Sortez l'assiette du micro-ondes et laissez reposer quelques instants. Tenez le(s) sachet(s) par une extrémité et ouvrez-le(s) à l'aide de ciseaux. Mélangez bien l'assaisonnement et les légumes afin qu'ils se marient parfaitement. Attention, le contenu et le(s) sachet(s) sont très chauds. Préparation à la casserole: versez le contenu du sachet ou des sachets dans une casserole avec 1 à 2 cuillèrées d'eau, laissez cuire à feu moyen 3 à 4 mn pour un sachet, 5 à 6mn pour deux sachets.  Ne jamais recongeler un produit décongelé., Au réfrigérateur: +/- 24 heures. Dans le compartiment à glace: 1 semaine. Au congélateur à -18°C: plusieurs mois.]|"
7,28€ / Kg"|##
2240|Epinards à la provençale, cuisson vapeur|La barquette de 400g|[Origine : ALLEMAGNE, Découvrez cette recette pleine de soleil: des feuilles d'épinards accompagnées de tomates délicatement relevées à l'ail et à l'huile d'olive. Cuisson vapeur: Les légumes cuisent à la vapeur dans leur sachet en quelques minutes au micro-ondes. Délicatement assaisonnés, leur goût et leur saveur sont parfaitement restitués., Préparation au micro-ondes: pour un résultat optimal. Inutile de décongeler. Placez le(s) sachet(s), sans le(s) percer, sur une assiette adaptée au micro-ondes la face imprimée tournée vers le haut. Chauffez selon le tableau. Sortez l'assiette du micro-ondes et laissez reposer quelques instants. Tenez le(s) sachet(s) par une extrémité et ouvrez-le(s) à l'aide de ciseaux. Mélangez bien l'assaisonnement et les légumes afin qu'ils se marient parfaitement. Attention, le contenu et le(s) sachet(s) sont très chauds. Préparation à la casserole: versez le contenu du sachet ou des sachets dans une casserole avec 1 à 2 cuillèrées d'eau, laissez cuire à feu moyen 3 à 4 mn pour un sachet, 5 à 6mn pour deux sachets.  Ne jamais recongeler un produit décongelé., Au réfrigérateur: +/- 24 heures. Dans le compartiment à glace: 1 semaine. Au congélateur à -18°C: plusieurs mois.]|"
8,63€ / Kg"|"
3,45 €"
2241|Ail coupé surgelé|Le pot de 100g|[Origine : FRANCE, L'ail est traditionnellement employé pour stimuler la circulation. Les régions où il est utilisé abondamment sont réputées présenter moins de désordres cardio-vasculaires., Pour conserver toutes leurs qualités, replacez immédiatement vos herbes au congélateur., ail, huile de tournesol et de colza (5% max), A conserver 24 heures au réfrigérateur, 3 jours dans un compartiment à glace du réfrigérateur, plusieurs mois à -18° C dans un congélateur ***. Ne jamais recongeler un produit décongelé.]|"
26,70€ / Kg"|"
2,67 €"
2242|Aneth|La boîte de 50g|[Origine : FRANCE, aneth, huile de tournesol et de colza (5% max), -18]|"
42,20€ / Kg"|"
2,11 €"
2243|Basilic ciselé surgelé|Le pot de 50g|[Origine : FRANCE, Bouchon doseur., Retirer la languette de sécurité. Tourner le bouchon jusqu'à l'ouverture souhaitée. Saupoudrer sans décongélation préalable. Refermer jusqu'au cran de sécurité et replacer immédiatement la boîte au congélateur. Ne pas congeler un produit décongelé., basilic, huile de tournesol et de colza (5% max), Congélateur (-18°C).]|"
48,40€ / Kg"|"
2,42 €"
2244|Ciboulette ciselée surgelé|Le pot de 50g|[Origine : FRANCE, Retirer la languette de sécurité. Tourner le bouchon jusqu'à l'ouverture souhaitée. Saupoudrer sans décongélation préalable. Refermer jusqu'au cran de sécurité et replacer immédiatement la boîte au congélateur. Ne pas congeler un produit décongelé., ciboulette, huile de tournesol et de colza (5% max), Congélateur (-18°C).]|"
48,40€ / Kg"|"
2,42 €"
2245|Coriandre ciselé surgelé|Le pot de 50g|[Origine : FRANCE, Bouchon doseur., Retirer la languette de sécurité. Tourner le bouchon jusqu'à l'ouverture souhaitée. Saupoudrer sans décongélation préalable. Refermer jusqu'au cran de sécurité et replacer immédiatement la boîte au congélateur. Ne pas congeler un produit décongelé., coriandre, huile de tournesol et de colza (5% max), Congélateur (-18°C).]|"
46,40€ / Kg"|"
2,32 €"
2246|Echalote coupée surgelé|Le pot de 100g|[Origine : FRANCE, L'échalote est naturellement source de provitamine A dont nous avons tous besoin, un peu chaque jour, petits et grands, tout au long de notre vie., Pour conserver toutes leurs qualités, replacez immédiatement vos herbes au congélateur., échalote, huile de tournesol et de colza (5% max), A conserver 24 heures au réfrigérateur, 3 jours dans un compartiment à glace du réfrigérateur, plusieurs mois à -18° C dans un congélateur ***. Ne jamais recongeler un produit décongelé.]|"
25,80€ / Kg"|"
2,58 €"
2247|Persil ciselé surgelé|Le pot de 50g|[Origine : FRANCE, Bouchon doseur., Retirer la languette de sécurité. Tourner le bouchon jusqu'à l'ouverture souhaitée. Saupoudrer sans décongélation préalable. Refermer jusqu'au cran de sécurité et replacer immédiatement la boîte au congélateur. Ne pas congeler un produit décongelé., persil, huile de tournesol et de colza (5% max), Congélateur (-18°C).]|"
39,00€ / Kg"|"
1,95 €"
2250|Aiguillettes de poulet polenta aux champignons|La barquette de 300g|[Origine : FRANCE, Plat cuisiné à base de polenta cuisinée au champignons, d'une sauce aux deux moutardes, et de morceaux d'aiguillettes de poulet traité en salaison cuit rôti, surgelé., 1 personne. Sans décongélation préalable. Décollez le coin de l'opercule sur la barquette. Réchauffez 5 minutes pour un four ayant une puissance restituée de 900 Watts. Retirez l'opercule de la barquette et laissez reposer 1 à 2 minutes avant de déguster. Au four traditionnel : préchauffez votre four à 180°C (th. 6). Retirez l'opercule de la barquette. Faites réchauffer 25 à 30 minutes sur une grille à mi-hauteur. La température ne doit pas dépasser 200°C (th. 6-7). Ne jamais passer la barquettesous le grill du four., Polenta aux champignon 59% (lait demi-écrémé, crème fraiche, champignons cuisinés 8,4% (champignons de Paris 3,2%, pholiote 2,4%, pleurote 2,4%, beurre, persil, ail, sel, extrait de poivre), semoule de maïs 7,2%, fromage à pâte dure, échalote, huiled'olive vierge extra, ail, sel, extrait de poivre), sauce 21% (crème fraiche, eau, extrait de volaille (eau, os et viande de poulet), échalote, vin blanc Muscadet, moutarde de Dijon 1,1% (eau, graines de moutarde, vinaigre d'alcool, sel, acidifiant :acide citrique), moutarde, vinaigre d'alcool, sel, acidifiant : acide citrique), moutarde à l'ancienne 0,29% (eau, graines de moutarde, vinaigre de vin, sel), huile d'olive vierge extra, amidon transformé de riz ou de maïs ou de manioc, sel, concentré d'oignon (jus concentré d'oignon, huile de tournesol), épaississants : gomme xanthane et gomme guar, extrait de poivre, glucose), morceaux d'aiguillettes de poulet traité en saison cuit rôti 20% (filet de poulet 17%, eau, sel, amidon transformé demanioc, amidon de pomme de terre ou de manioc, dextrose, lactose)., Valeur énergétique en Joules :  754kj, Valeur énergétique en Kcal : 181kcal, Glucides : 10g, Lipides : 7,3g, Protides :7,6g, 24 heures dans un réfrigérateur. 3 jours dans le compartiment à glace d'un réfrigérateur. Plusieurs mois dans le compartiment à -18°C d'un réfrigérateur*** ou dans un congélateur jusqu'à la date limite optimale. Ne jamais recongeler un produit décongelé.]|"
11,30€ / Kg"|"
3,39 €"
2251|Colin d'Alaska à l'oseille sans arêtes, surgelés|La boîte de 400g|[Origine : FRANCE, Filets de colin d'Alaska accompagnés d'une sauce à l'oseille surgelés., Sans décongélation. Au bain-marie : nous vous recommandons ce mode de préparation. Plongez les sachets encore surgelés dans une casserole d'eau bouillante. Laissez cuire dans l'eau frémissante pendant 20 min. Agitez les sachets délicatement avant deles ouvrir puis déposez le contenu sur une assiette. Au micro-ondes : percez de quelques trous le dessus des sachets. Placez les sur un plat adapté au four à micro-ondes. Couvrez et faites cuire à puissance maximale : 8 min pour 1 sachet, 15 min pourles 2 sachets., Filet de colin d'Alaska 50% (Theragra chalcogramma), crème fraîche, eau, beurre, vin blanc (dont sulfites), oseille 3,5%, fumet de poisson aromatisé (maltodextrine, sel, farine de blé, poisson 7,8%, sucre, légumes (poireau, oignon), crème, extrait delevure, huile d'olive vierge extra, arôme naturel (dont crustacés), lactose, crevette, épice et aromates, extrait naturel de vin blanc, graines de céleri), échalote, amidon transformé de riz, poudre de lait écrémé, vinaigre d'alcool coloré (vinaigred'alcool, colorant : E150c), arôme naturel, sel, arôme naturel de poivre., Valeur énergétique en Joules :  577kj, Valeur énergétique en Kcal : 139kcal, Glucides : 0,9g, Lipides : 9,4g, Protides :12,6g, 24h dans un réfrigérateur, 3 jours dans le compartiment à glace d'un réfrigérateur, plusieurs mois dans le compartiment à -18°C d'un réfrigérateur*** ou dans un congélateur. Ne jamais recongeler un produit décongelé.]|"
7,70€ / Kg"|"
3,08 €"
2252|Colin d'Alaska à la Bordelaise sans arêtes, surgelés|La boîte de 400g|[Origine : FRANCE, Filets de colin d'Alaska en sauce surgelés., Sans décongélation. Au four traditionnel : préchauffez votre four à 180°C (th6). Retirez le film plastique de la barquette et placez la sur une grille à mi-hauteur du four. Laissez cuire 45 à 50 min à chaleur tournante. Ne jamais passer sous le grildu four. Au micro-ondes : retirez le film plastique de la barquette. Placez celle-ci au micro-ondes. Couvrez et faites cuire 12 à 13 min environ à 900 watts. Ne jamais utiliser la position gril du micro-ondes. Qualité sans arêtes. Malgré les contrôles effectués sur nos poissons, il peut arriver qu'exceptionnellement un fragment d'arête subsiste dans nos produits., Filet de colin d'Alaska 55% (Theragra chalcogramma), oignon, crème fraîche, eau, huile végétale de tournesol, chapelure de couverture 1,5% (farine de blé, eau, huile et matière grasse végétale de colza, sucre, gluten de blé, levure, sel, farine de seigle, son, dextrose, malt d'orge, farine de fève), chapelure (farine de blé, sel), persil, vin blanc concentré 0,9%, arôme et arôme de fumée (dont crustacés, poisson, lait), sel, arômes naturels., Valeur énergétique en Joules :  473kj, Valeur énergétique en Kcal : 113k, Glucides : 4,7g, Lipides : 4,8g, Protides :11,8g, 24h dans un réfrigérateur, 3 jours dans le compartiment à glace d'un réfrigérateur, plusieurs mois dans le compartiment à -18°C d'un réfrigérateur*** ou dans un congélateur. Ne jamais recongeler un produit décongelé.]|"
7,70€ / Kg"|"
3,08 €"
2253|Colin d'Alaska à la Provençale sans arêtes, surgelés|La boîte de 450g|[Origine : FRANCE, Filets de colin d'Alaska accompagnés d'une sauce à base de tomates, poivrons et oignons surgelés., Sans décongélation. Au bain-marie : nous vous recommandons ce mode de préparation. Plongez les sachets encore surgelés dans une casserole d'eau bouillante. Laissez cuire dans l'eau frémissante pendant 20 min. Agitez les sachets délicatement avant deles ouvrir puis déposez le contenu sur une assiette. Au micro-ondes : percez de quelques trous le dessus des sachets. Placez les sur un plat adapté au four à micro-ondes. Couvrez et faites cuire à puissance maximale : 8 min pour 1 sachet, 15 min pourles 2 sachets. Qualité sans arêtes. Malgré les contrôles effectués sur nos poissons, il peut arriver qu'exceptionnellement un fragment d'arête subsiste dans nos produits., Filet de colin d'Alaska 48% (Theragra chalcogramma), tomates pelée concassée 30% (tomate, jus de tomate), poivrons rouges et jaunes 6,8%, oignon 3,6%, préparation d'aromates et de légumes (huile végétale de tournesol, plantes aromatiques 20% (basilic, origan, persil), légumes 14% (poivron rouge, oignon), ail, sel, fécule de pomme de terre, sucre, épices, colorant E160c), fenouil, olive noire (olive, eau, sel), amidon transformé de manioc, purée de tomate double concentrée 0,8%, huile d'olive vierge extra, basilic, sucre, purée d'ail, colorant E160c, sel., Valeur énergétique en Joules :  302kj, Valeur énergétique en Kcal : 72kcal, Glucides : 1,1g, Lipides : 2,2g, Protides :11,4g, 24h dans un réfrigérateur, 3 jours dans le compartiment à glace d'un réfrigérateur, plusieurs mois dans le compartiment à -18°C d'un réfrigérateur*** ou dans un congélateur. Ne jamais recongeler un produit décongelé.]|"
6,84€ / Kg"|"
3,08 €"
2254|Colin d'Alaska et riz basmati, carotte et courgette|La barquette de 300g|[Origine : FRANCE, Plat préparé surgelé à base de riz basmati et de poisson blanc en sauce., Pour 1 personne. Au four à micro-ondes : (sans décongélation). Décoller le coin de l'opercule sur la barquette. Réchauffer 5 minutes pour un four ayant une puissance restituée de 900 Watts. Retirer l'opercule de la barquette et laisser reposer 1 à 2minutes avant de déguster., Sauce 36,3% (eau, crème fraîche liquide, vin blanc, courgette 6%, céleri, carotte 5,8%, échalote, beurre, amidon transformé, lait écrémé en poudre, fumet de poisson aromatisé (lactose, sel, extraits de poissons, arômes naturels, épices et aromates),farine de blé, sel, huile de tournesol, vinaigre d'alcool, épaississants : E415, E412, cerfeuil, arômes naturels (dont lait), extrait de poivre, colorants : E161b, E160c, glucose), riz basmati cuit 32,2% (riz basmati, eau, sel), poisson blanc 25%, carotte 3,2%, courgette 3,2%. Traces de crustacés, mollusques, oeuf, fruits à coque, moutarde, grains de sésame et soja., Valeur énergétique en Joules :  396Kj, Valeur énergétique en Kcal : 94kcal, Glucides : 11g, Lipides : 3g, Protides :5,5g, 24 heures dans un réfrigérateur, 3 jours dans le compartiment à glace d'un réfrigérateur, plusieurs mois dans le compartiment à -18°C d'un réfrigérateur*** ou dans un congélateur jusqu'à la date limite d'utilisation optimale. Ne jamais recongeler un produit décongelé.]|"
6,83€ / Kg"|"
2,05 €"
2255|Couscous merguez poulet, surgelé|La barquette de 300g|[Origine : FRANCE, Couscous merguez et poulet, surgelé., Pour 1 personne. Au four à micro-ondes : (sans décongélation). Décoller le coin de l'opercule sur la barquette. Réchauffer 6 minutes pour un four ayant une puissance restituée de 750 Watts. Retirer l'opercule de la barquette et laisser reposer 1 à 2minutes avant de déguster., Semoule cuisinée 35% (eau, semoule de blé dur 15%, huile d'olive vierge extra, huile de tournesol, sel, extrait de poivre), sauce (jus de cuisson (eau, carottes, courgettes, navets, poivrons rouges, céleri, pois chiches), pulpe de tomates pelées en dés (tomates, jus de tomates, acidifiant : E330), double concentré de tomates, huile d'olive vierge extra, oignons, huile de tournesol, fond de poulet réduit (os et viande de poulet, eau, oignons, carottes), eau, ail, Raz El Hanout (épices, sel, oignons en poudre, sucre), sel, paprika, arôme naturel (céleri), amidon transformé de maïs, manioc ou riz, cumin, harissa (piment, ail, coriandre, carvi, sel), cannelle, poivre de Cayenne), légumes 20% (carottes, courgettes, navets, poivrons rouges, céleri, pois chiches), merguez 8% (viande de boeuf, viande de mouton, gras de mouton, épices, extraits d'épices, sel, dextrose de blé, colorant : E162, conservateur : E250), poulet cuit saumuré 6,7% (poulet (5,3%), saumure (eau, sel, dextrose de tapioca,lactose, amidon de tapioca)). Présence possible de crustacés, poissons, mollusques, oeufs, soja, fruits à coque, sésame, moutarde., Valeur énergétique en Joules :  542kj, Valeur énergétique en Kcal : 129kcal, Glucides : 13g, Lipides : 5,4g, Protides :6,4g, 24 heures dans un réfrigérateur, 3 jours dans le compartiment à glace d'un réfrigérateur, plusieurs mois dans le compartiment à -18°C d'un réfrigérateur*** ou dans un congélateur jusqu'à la date limite d'utilisation optimale. Ne jamais recongeler un produit décongelé.]|"
6,83€ / Kg"|"
2,05 €"
2256|Gratin savoyard au reblochon, à la crème fraîche|La barquette de 300g|[Origine : FRANCE, Plat surgelé à base de pommes de terre sautées préfrites, lardons cuits fumés et oignons préfrits accompagnés d'une sauce à base de fromages et de crème fraîche., Pour 1 personne. Au four à micro-ondes : (sans décongélation). Décoller le coin de l'opercule sur la barquette. Réchauffer 5 minutes pour un four ayant une puissance restituée de 750 Watts. Retirer l'opercule de la barquette et laisser reposer 1 à 2minutes avant de déguster., Pommes de terre sautées préfrites 45% (pomme de terre, huile végétale de tournesol, dextrose), sauce 42% (eau, crème fraîche liquide 19%, crème de reblochon fondu 12% (reblochon 75%, beurre, sel de fonte : E331, sel), emmental fondu 10% (emmental 50%, eau, poudre de lactosérum, beurre, sel de fonte : E331, arôme naturel, sel), crème en poudre, amidon transformé, farine de blé, sel, arôme naturel (dont lait), huile végétale de tournesol, épaississants : E415, E412, glucose, poivre blanc), lardonscuits fumés 7% (poitrine de porc 95%, sel, dextrose, conservateurs : E316, E250), oignon préfrits 5% (oignon, huile végétale de colza). Traces de crustacés, poissons, mollusques, oeufs, fruits à coque, céleri, moutarde, soja et sésame., Valeur énergétique en Joules :  592kj, Valeur énergétique en Kcal : 142kcal, Glucides : 12,5g, Lipides : 8g, Protides :4,2g, 24 heures dans un réfrigérateur, 3 jours dans le compartiment à glace d'un réfrigérateur, plusieurs mois dans le compartiment à -18°C d'un réfrigérateur*** ou dans un congélateur jusqu'à la date limite d'utilisation optimale. Ne jamais recongeler un produit décongelé.]|"
6,83€ / Kg"|"
2,05 €"
2257|Hachis parmentier, surgelé|La barquette de 300g|[Origine : LUXEMBOURG, Hachis parmentier surgelé., Préparation sans décongélation. Au four à micro-ondes : enlevez le couvercle de la barquette. Posez la barquette surgelée dans le micro-ondes et chauffez pendant 7 à 8 minutes pour une puissance restituée de 750 Watts. Laissez reposer le produit 1 minute avant de le déguster., Flocons de pommes de terre réhydratées 48% (eau, pommes de terre, émulsifiants : E471, stabilisant : E450, extrait de curcuma, conservateur : disulfites de sodium, acidifiant : E330, antioxygène : E304), viande de boeuf 15%, eau, lait entier, carottes, oignons, chapelures (farine de blé, levure, sel, matière grasse végétale de colza), vin blanc (conservateur : anhydride sulfureux, semoule de blé dur, arômes naturels (dont lait, blé), amidon transformé de pommes de terre, sel, crème fraîche, beurre concentré, huile végétale de tournesol, ail, épices et aromates. Contient des sulfites., Valeur énergétique en Joules :  426kj, Valeur énergétique en Kcal : 102kcal, Glucides : 10g, Lipides : 3,8g, Protides :5,6g]|"
6,83€ / Kg"|"
2,05 €"
2258|Lasagnes au fromage de chèvre et épinards|La barquette de 300g|[Origine : LUXEMBOURG, Lasagnes chèvre épinards, surgelées., 1 part. Au four à micro-ondes (sans décongélation) : enlevez le couvercle de la barquette. Posez la barquette surgelée dans le micro-ondes et chauffez pendant 7 à 8 minutes pour une puissance restituée de 750 Watts. Laissez reposer le produit 1 minute avant de le déguster., Eau, fromage de chèvre 20%, semoule de blé dur 14%, épinards 7.6 %, matières grasses végétales (matières grasses végétales de colza, eau, émulsifiant : mono et diglycérides d'acides gras, sel, arôme, acidifiant : acide citrique, colorant : bêta-carotène), blanc d'oeufs, farine de blé, oeufs, lait écrémé en poudre, fromages (lait de vache, ferments lactiques, présure, sel, conservateur : lysosyme d'oeuf, protéines d'oeuf), amidon transformé de pomme de terre, sel, bouillon de légumes aromatisé (sel, légumes et extraits de légumes (carottes, poireaux, céleris, navets), maltodextrine de blé, graisse de volaille, extrait d'aromate, arôme, curcuma), macis, arôme., Valeur énergétique en Joules :  629Kj, Valeur énergétique en Kcal : 151kcal, Glucides : 13g, Lipides : 7,5g, Protides :6,9g, 24 heures dans un réfrigérateur. 3 jours dans le compartiments à glace d'un réfrigérateur. Plusieurs mois dans le compartiment à -18°C d'un réfrigérateur*** ou dans un congélateur jusqu'à la date limite d'utilisation optimale. Ne jamais recongeler un produit décongelé.]|"
6,83€ / Kg"|"
2,05 €"
2259|Lasagnes au saumon et aux épinards, surgelées|La barquette de 300g|[Origine : LUXEMBOURG, Lasagnes au saumon et aux épinards, surgelées., Préparation sans décongélation. Au four à micro-ondes : enlevez le couvercle de la barquette. Posez la barquette surgelée dans le micro-ondes et chauffez pendant 7 à 8 minutes pour une puissance restituée de 750 Watts. Laissez reposer le produit 1 minute avant de le déguster., Lait écrémé réhydraté (eau, poudre de lait écrémé), eau, épinards 11%, saumon 10% (Oncorhynchus keta), semoule de blé dur, légumes 7,1% (carottes, céleri, poireaux), crème fraîche, emmental râpé 3,3%, oignons, concentré de tomate, beurre, blancs d'oeuf, amidon transformé de pomme de terre, vin blanc (contient sulfites), échalotes, oeufs, huile de tournesol, farine de blé tendre, margarine (matière grasse de colza et huile de colza, eau, émulsifiant E471, correcteur d'acidité E330, arôme naturel), sel, ail, arômes (contient poisson), vinaigre d'alcool de blé, arôme naturel (contient poisson), poivre, aneth, muscade, curcuma, laurier., Valeur énergétique en Joules :  493kj, Valeur énergétique en Kcal : 118kcal, Glucides : 12,1g, Lipides : 4,9g, Protides :5,4g]|"
6,83€ / Kg"|"
2,05 €"
2260|Lasagnes bolognaises à la viande de boeuf, surgelées|La barquette de 300g|[Origine : ITALIE, Au micro-ondes (sans décongélation) : décollez le coin de l'opercule sur la barquette. Réchauffez 6 minutes pour un four ayant une puissance restituée de 900 Watts. Retirez l'opercule de la barquette et laissez reposer 1 à 2 minutes avant de déguster., Valeur énergétique en Joules :  482kj, Valeur énergétique en Kcal : 115kcal, Glucides : 11g, Lipides : 5,2g, Protides :5,3g, 24 heures dans un réfrigérateur, 3 jours dans le compartiment à glace d'un réfrigérateur, plusieurs mois à -18°C d'un réfrigérateur*** ou dans un congélateur. Ne jamais recongeler un produit décongelé.]|"
6,83€ / Kg"|"
2,05 €"
2261|Moussaka à la viande de boeuf|La barquette de 300g|[Origine : FRANCE, Gratin d'aubergine à la viande bovine surgelé., 1 personnes. Au micro-ondes (sans décongélation) : décollez le coin de l'opercule sur la barquette. Réchauffez 7 minutes pour un four ayant une puissance restituée de 900 watts. Retirez l'opercule de la barquette et laissez reposer 1 à 2 minutes avant de déguster., Aubergines préfrites 24% (aubergines, huile de tournesol), eau, tomates pelées concassées 19% (tomates, jus de tomates), viandes bovine cuite 13%, oignons 5,9%, purée de tomates double concentrée, carottes, fromage mozzarella 1,4%, pommes de terre déshydratées (pomme de terre déshydratées, émulsifiant E471, conservateur E304), lait écrémé en poudre, farine de blé, crème fraîche, jus aromatisé de veau (amidon transformé de pomme de terre, sel, farine de blé, légumes, extrait de levure, arôme naturel, viande de veau, sucre, huile de tournesol, aromate), fromage cheddar 0,6% (lait pasteurisé, sel, ferments lactiques, présure, amidon de pomme de terre), arômes naturels (dont lait), amidon transformé de riz, amidon transformé de maïs, sucre, ail, fromage emmental (lait pasteurisé, sel, ferments lactiques, présure, amidon de pomme de terre), margarine végétale (huiles et graisses de palme et colza, eau, sel, émulsifiant E471, correcteur d'acidité E330), basilic, arôme naturel de poivre, sel,thym, muscade., Valeur énergétique en Joules :  552Kj, Valeur énergétique en Kcal : 133Kcal, Glucides : 6,2g, Lipides : 9.2g, Protides :5,2g, 24h dans un réfrigérateur, 3 jours dans le compartiment à glace d'un réfrigérateur, plusieurs mois dans le compartiment à -18°C d'un réfrigérateur*** ou dans un congélateur. Ne jamais recongeler un produit décongelé.]|"
6,83€ / Kg"|"
2,05 €"
2264|Noix de Saint-Jacques, poireaux cuisinés et trio de riz assortis|La barquette de 300g|[Origine : FRANCE, Plat cuisiné à base d'un mélange de trois riz, de poireaux cuisinés et noix de Saint-Jacques, surgelé., 1 personne. Sans décongélation préalable. Au four micro-ondes : mise en garde : ne jamais utiliser la position grill de votre four à micro-ondes. Décollez le coin de l'opercule. Réchauffez 6 minutes 30 pour un four ayant une puissance restituée de 900 Watts. Laissez reposer 1 à 2 minutes et retirez l'opercule avant de déguster., Mélange de riz cuits 36% (riz long cuit 26% (eau, riz long étuvé, sel), riz rouge cuit 7% (eau, riz rouge, sel), riz sauvage cuit 2% (eau, riz sauvage, sel), beurre), poireaux cuisinés 269% (poireaux 20%, crème fraîche, vin blanc, eau, beurre, amidontransformé de maïs de riz ou de manioc, sel, extrait de poivre). Noix de Saint-Jacques*16% (Zygochlamys patagonica, origine Argentine (ZA) ou Chlamys opercularis, origine France (CF) ou Royaume-Uni (CRU) ou Irlande (CI), ou Argopecten purpuratus, origine Chili (AC) ou Pérou (AP) : voir les lettres figurant en fin du numéro de lot. Crème fraiche, eau, vin blanc, beurre, échalote, amidon transformé de maïs, de riz ou de manioc, jus de citron, ciboulette, fumet de poisson aromatisé (lactose, sel,extrait de poisson, arômes naturels, épices et aromates), sel, huile de tournesol, vinaigre d'alcool, extrait de poivre, épaississants : gomme xanthane et gomme guar, fond de légumes (concentré de légumes (carottes, oignons, poireaux), épice), colorants : lutéine et extrait de paprika, glucose., Valeur énergétique en Joules :  460kj, Valeur énergétique en Kcal : 110kcal, Glucides : 12g, Lipides : 4,8g, Protides :4,1g, 24 heures dans un réfrigérateur. 3 jours dans le compartiment à glace d'un réfrigérateur. Plusieurs mois dans le compartiment à -18°C d'un réfrigérateur*** ou dans un congélateur jusqu'à la date limite optimale. Ne jamais recongeler un produit décongelé.]|"
11,30€ / Kg"|"
3,39 €"
2265|Penne au poulet sauce champignons, à la crème fraîche|La barquette de 300g|[Origine : FRANCE, Une gamme de plats cuisinés Monoprix pour varier vos repas au quotidien., Préparation sans décongélation. Au four à micro-ondes : réchauffez à la puissance maximale durant 6 minutes pour un four ayant une puissance restituée de 900 watts (7 minutes pour un four ayant une puissance restituée de 750 watts). Ne jamais utiliser la position gril de votre four à micro ondes. Au four traditionnel : préchauffez votre four 15 minutes environ (th.6 - 180°C). Retirez l'opercule de la barquette. Réchauffez le plat environ 20 à 25 minutes sur une grille à mi-hauteur. La température ne doit pas dépasser 200°C (th.6/7). Ne jamais passer la barquette sous le gril du four.  Micro-ondes. Four., Pâte penne cuite 48% (eau, semoule de blé dur), sauce 42% (crème fraîche, eau, champignons émincés cuits 6% (champignons, sel, huile de tournesol, amidon de riz), vin blanc (antioxygène : E220), oignon, champignons 2.4% (champignons de Paris, pleurotes, pholiote, shiitakes, bolets jaunes, bolets bai, cèpes), farine de blé, huile d'olive vierge extra, poudre de lait entier, amidon modifié de riz, sel, cèpe déshydraté 0.4%, ail, poudre de cèpe, huile de tournesol, extrait de levure, épaississants: E412 et E415 (contient du blé), mélange de fromages râpés, arôme naturel emmental, poivre blanc), filet de poulet 10% (poulet, eau, sel, amidon de riz)., Valeur énergétique en Joules :  544Kj, Valeur énergétique en Kcal : 129Kc, Glucides : 15g, Lipides : 4.1g, Protides :8.1g, *24 heures dans un réfrigérateur. **3 jours dans le compartiment à glace du réfrigérateur. ***Plusieurs mois dans le compartiment à -18°C d'un réfrigérateur*** ou d'un congélateur jusqu'à la date limite d'utilisation optimale.]|"
6,83€ / Kg"|"
2,05 €"
2266|Poisson blanc à la bordelaise et son riz|La barquette de 300g|[Origine : FRANCE, Riz, sauce au vin blanc et poisson blanc, surgelés., Pour 1 personne. Au four à micro-ondes : (sans décongélation). Décoller le coin de l'opercule sur la barquette. Réchauffer 7 minutes pour un four ayant une puissance restituée de 750 Watts. Retirer l'opercule de la barquette et laisser reposer 1 à 2minutes avant de déguster., Riz cuit 35% (eau, riz 13%, sel), sauce au vin blanc 28% (échalotes, matière grasse de colza (matière grasse de colza, émulsifiant : E471), beurre, chapelure (farine de blé, sel, levure, dextrose de blé), vin blanc 2,6%, jus de citron, eau, oignons,purée de tomates (tomates, sel, acidifiant : E330), ail, persil, sel, fond de sauce (fumet de poisson (cabillaud, eau, sel), maltodextrine de blé, huile de tournesol, vin blanc, oignons en poudre, amidon de riz), extrait de poivre, colorants : E160cet E161b, arôme naturel), poisson blanc 25%, légumes (brocolis, tomates). Présence possible de crustacés, mollusques, oeuf, soja, fruits à coque, sésame, céleri, moutarde., Valeur énergétique en Joules :  650kj, Valeur énergétique en Kcal : 155kcal, Glucides : 15g, Lipides : 8g, Protides :5,5g, 24 heures dans un réfrigérateur, 3 jours dans le compartiment à glace d'un réfrigérateur, plusieurs mois dans le compartiment à -18°C d'un réfrigérateur*** ou dans un congélateur jusqu'à la date limite d'utilisation optimale. Ne jamais recongeler un produit décongelé.]|"
6,83€ / Kg"|"
2,05 €"
2267|Poulet au curry et riz basmati aux épices douces|La barquette de 300g|[Origine : FRANCE, Plat cuisiné surgelé à base de riz basmati, sauce à la coco et au curry et poulet saumuré., Pour 1 personne. Au four à micro-ondes : (sans décongélation). Décoller le coin de l'opercule sur la barquette. Réchauffer 6 minutes pour un four ayant une puissance restituée de 900 Watts. Retirer l'opercule de la barquette et laisser reposer 1 à 2minutes avant de déguster., Riz basmati cuit 51% (riz basmati, eau, sel), sauce 32% (eau, crème fraîche liquide, fond de poulet (eau, os et viande de poulet, oignon en poudre, concentré de carotte, plantes aromatiques, graisse de poulet, sel), tomate pelée concassée (tomate, jus de tomate, acidifiant : E330), compote de pommes (pomme 85%, sirop de glucose-fructose, antioxydant E300), lait de coco en poudre 4,7% (lait de noix de coco, maltodextrines, caséinates de sodium, antiagglomérant : E341), oignon, beurre, purée de citron jaune sucrée (citron jaune, sucre), lait entier en poudre, ail, huile végétale de tournesol, sel, amidon transformé, curry 0,4% (mélange d'épices (paprika, coriandre, piments, poivre, gingembre, cumin, curcuma), aromates (ail en poudre (dont sulfites), oignons en poudre), sel, extrait de levure, arôme, fenugrec), pâte de curry 0,4% (huile végétale de colza, sel, coriandre, cumin, curcuma, eau, purée de tomate, piment, gingembre, ail, amidon de maïs, tamarin, épices (dont moutarde), acidifiants : E260, E330, E270, sucre), épaississants : E415, E412, glucose, citronnelle en poudre, colorant : E150a, extrait de poivre), morceaux de poulet saumuré 15% (filet de poulet 85%, eau, sel), raisins réhydratés 2% (raisin (dont sulfites), huile végétale de tournesol, eau). Traces de gluten, crustacés, poissons, mollusques, oeufs, fruits à coque, céleri, soja et sésame., Valeur énergétique en Joules :  567kj, Valeur énergétique en Kcal : 135kcal, Glucides : 17g, Lipides : 4,3g, Protides :6,7g, 24 heures dans un réfrigérateur, 3 jours dans le compartiment à glace d'un réfrigérateur, plusieurs mois dans le compartiment à -18°C d'un réfrigérateur*** ou dans un congélateur jusqu'à la date limite d'utilisation optimale. Ne jamais recongeler un produit décongelé.]|"
6,83€ / Kg"|"
2,05 €"
2268|Filet de colin d'Alaska à la Parisienne|L'étui de 400g|[Origine : COMM. ECON EUROPEENN, Des ingrédients cuisinés simplement ! Respect des ressources marines. 1,5% de Mat. Gr., Au four micro-ondes : déposer le sachet encore surgelé sur une assiette et le percer de 4 à 5 trous à l'aide d'un couteau. Réchauffer 5 à 6 min à 750 W pour une portion ou 9 à 10 min pour deux. Laisser reposer 1 minute, puis ouvrir le sachet et verser dans une assiette. Au bain-marie : plonger le sachet encore surgelé dans l'eau frémissante et laisser cuire 20 à 22 min. Laisser reposer 1 minute, puis ouvrir le sachet et verser dans une assiette., Filets de Colin d'Alaska (50%), poisson sauvage pêché dans l'Océan Pacifique Nord-Est, accompagnés d'une savoureuse sauce à la Parisienne (50%) : eau, champignons de Paris 9,3%, crème fraîche légère 6,3% (dont amidon transformé, pectine), tomates 1,8%, farine de blé, Vermouth 1,2%, oignons 1,1%, amidon transformé, arômes naturels, huile de tournesol, persil 0,2%, sucre, sel, ail 0,1%, vinaigre d'alcool, colorant naturel : caramel, thym. Teneur en sel : 0,6%. Sans huile de palme et sans matièresgrasses hydrogénées. Sans arômes, édulcorants ou colorants artificiels. Sans exhausteurs de goût., Valeur énergétique en Joules :  280Kj, Valeur énergétique en Kcal : 65Kcal, Glucides : 5g, Lipides : 1,5g, Protides :7,5g, 24h dans un réfrigérateur. 3 jours dans le compartiment à glace d'un réfrigérateur. Plusieurs mois dans le compartiment à -18°C d'un réfrigérateur 3*** ou dans un congélateur. Et ce, au moins jusqu'àla date indiquée sur le paquet. Ne pas recongeler ce produit après décongélation.]|"
11,78€ / Kg"|"
4,71 €"
2269|Filet de Colin d'Alaska au beurre citron; surgele|La boîte de 2, 400g|[Origine : COMM. ECON EUROPEENN, Filets de Colin d'Alaska, poisson sauvage pêché en Océan Pacifique Nord accompagnés d'une savoureuse sauce au beurre citron., Au four micro-ondes : déposer le sachet encore surgelé sur une assiette et le percer de 4-5 trous à l'aide d'un couteau. Réchauffer 5-6 minutes à 650W pour une portion ou 9-10 minutes pour deux. Laisser reposer 1 minute, puis ouvrir le sachet et verser dans une assiette. Au bain-marie : plonger le sachet encore surgelé dans l'eau frémissante et laisser cuire 20-22 minutes. Laisser reposer 1 minute, puis ouvrir le sachet et verser dans une assiette. Les temps de cuisson sont des moyennes, ils peuvent varier selon les équipements., Alaska pollock fillet 50%, eau, crème fraîche 16%, jus de citron 1,9%, amidon, beurre 1,5%, échalotes, vin blanc 1,5%, arômes naturels (dont blé, crustacés, céleri), sel, épice. Teneur en sel 0,5%, Valeur énergétique en Joules :  420kj, Valeur énergétique en Kcal : 100kcal, Glucides : 3g, Lipides : 6g, Protides :8,5g, A conserver 24 heures dans un réfrigérateur. 3 jours dans le compartiment à glace d'un réfrigérateur. Plusieurs mois dans le compartiment à -18°C d'un réfrigérateur 3*** ou dans un congélateur. Ne pascongeler ce produit après décongélation.]|"
11,98€ / Kg"|"
4,79 €"
2270|Filets de colin d'Alaska, à la provençale|La barquette de 400g|[Origine : COMMUNAUT EUROPEENNE, Chez Findus, nous nous imposons des règles exigeantes pour participer à la préservation du poisson pour les générations futures.Nous nous efforçons de respecter 10 principes pour approvisionner tout notre poisson, qu'il soit sauvage ou d'élevage, etpour promouvoir le respect des ressources marines., Au four micro-ondes : déposer le sachet encore surgelé sur une assiette et le percer de 4 à 5 trous à l'aide d'un couteau. Réchauffer 5 à 6 min à 650W pour une portion ou 9 à 10 min pour deux. Laisser reposer 1 minute, puis ouvrir le sachet et verserdans une assiette. Au bain-marie : plonger le sachet encore surgelé dans l'eau frémissante et laisser cuire 20 à 22 min. Laisser reposer 1 minute, puis ouvrir le sachet et verser dans une assiette. Les temps de cuisson sont des moyennes, ils peuventvarier selon les équipements. Bien qu'un soin tout particulier ait été pris pour enlever toutes les arêtes, quelques-unes peuvent exceptionnellement se trouver dans ce produit. Ne pas recongeler ce produit après décongélation., Filets de colin d'Alaska, poisson sauvage pêché en Océan Pacifique Nord  accompagnés d'une savoureuse sauce à la provençale : eau, tomates 7%, oignons, concentré de tomate 3,4%, poivrons rouges 2,9%, courgettes 2,9%, poireaux, huile d'olive vierge extra 2,2%, amidon transformé, aromates 0,8%, sucre, arômes naturels (dont céleri), ail, épices. Teneur en sel : 0,6%. Sans huile de palme et sans matières grasses hydrogénées. Sans arômes, édulcorants ou colorants artificiels. Sans exhausteurs de goût., 24 h dans un réfrigérateur. 3 jours dans le compartiment à glace d'un réfrigérateur. Plusieurs mois dans le compartiment à -18°C d'un réfrigérateur 3*** ou dans un congélateur. Et ce, au moins jusqu'àla date indiquée sur le paquet.]|"
10,63€ / Kg"|"
4,25 €"
2271|Poisson à la bordelaise|La barquette de 400g|[Origine : COMMUNAUT EUROPEENNE, Le poisson à la Bordelaise est une recette appréciée par toute la famille pour ses alliances douces et acides de chapelure cuisinée aux oignons et au persil finement émincés sublimant ainsi le Colin d'Alaska. Cette savoureuse recette s'intègre parfaitement dans un repas équilibré avec une salade de chou-fleur et poivrons rouges en entrée, un yaourt et des litchis en dessert !, 45 minutes environ au four traditionnel. Préchauffez votre four à 200°C (thermostat 6) pendant 15 minutes. Placez votre barquette encore surgelée sur la grille à mi-hauteur du four. Laissez cuire 40 à 45 minutes. Ne jamais placer la barquette sur larésistance du four. Ne jamais utiliser l'option gril du four. 10 minutes environ au micro-ondes. Placez la barquette encore surgelé au micro-ondes. Faites chauffer pendant 10 à 11 minutes, puissance 750W. Attendez 1 à 2 minutes avant de servir. Ces temps sont donnés à titre indicatif. Il convient de les adapter à votre équipement., Morceaux de filets de Colin d'Alaska 75%, matières grasses végétales (dont émulsifiants : mono et diglycérides d'acides gras, arôme, vitamines A & D), chapelure 6% (farine de blé, eau, levure, sel), eau, oignons 2%, persil 1%, sel, acidifiant : acidecitrique, extrait de paprika, extrait d'ail. Teneur en sel : 0.7%., 24h dans un réfrigérateur;3 jours dans le compartiment à glace d'un réfrigérateur;Plusieurs mois dans le compartiment à -18°C d'un réfrigérateur 3*** ou dans un congélateur. Et ce, au moins jusqu'à ladate indiquée sur le paquet.]|"
10,63€ / Kg"|"
4,25 €"
2272|Saumon de Norvège à l'oseille, crème fraîche légère et échalotes|La barquette 400g|[Origine : FRANCE, Qualité sans arête et sans peau. Surgelé directement après la découpe e filet afin de préserver la fraîcheur, la texture et le goût., 6min30 au micro-ondes (conseillé) : faire chauffer la barquette au micro-ondes sans l'ouvrir ni la percer. L'opercule gonflera légèrement sous l'effet de la vapeur pour s'ouvrir en douceur. Pour 1 barquette : 6 min 30 à 850 Watts. Pour 2 barquettes :11 min à 850 Watts. 12 min à la casserole : sortir le produit encore congelé de la barquette plastique. Le mettre dans une casserole avec 3 cuillères à soupe d'eau (6 cuillères pour 2 portions). Couvrir et réchauffer à feu doux pendant 12 min. Remuer régulièrement le poisson et la sauce., Saumon de Norvège 49%, sauce à l'oseille 38% (eau, crème fraîche légère 12%, échalotes 3,5%, oseille 2,5%, beurre, jus de citron à base de concentré, vermouth, lait écrémé en poudre, basilic), eau, amidon de maïs, sel, extrait d'épice. Cette recettecontient : poisson, lait. Sans huile de palme., Valeur énergétique en Joules :  482kj, Valeur énergétique en Kcal : 1115kcal, Glucides : 3,1g, Lipides : 6,9g, Protides :10,1g, A conserver 24 heures au réfrigérateur, 3 jours dans le compartiment à glace du réfrigérateur, plusieurs mois à -18°C dans un congélateur***. Ne jamais recongeler un produit décongelé.]|"
14,98€ / Kg"|"
5,99 €"
2273|Saumon et fondue de poireaux, à la crème fraîche et estragon|La barquette de 400g|[Origine : FRANCE, Qualité sans arête et sans peau. Surgelé directement après la découpe e filet afin de préserver la fraîcheur, la texture et le goût., 6min30 au micro-ondes (conseillé) : faire chauffer la barquette au micro-ondes sans l'ouvrir ni la percer. L'opercule gonflera légèrement sous l'effet de la vapeur pour s'ouvrir en douceur. Pour 1 barquette : 6 min 30 à 850 Watts. Pour 2 barquettes :11 min à 850 Watts. 13 min à la casserole : sortir le produit encore congelé de la barquette plastique. Le mettre dans une casserole avec 3 cuillères à soupe d'eau (6 cuillères pour 2 portions). Couvrir et réchauffer à feu doux pendant 13 min. Remuer régulièrement le poisson et la sauce., Saumon de Norvège 49%, fondue de poireaux 48,5% (crème fraîche 16%, poireaux 15,5%, eau, échalotes 3,5%, beurre 2%, vermouth 1%, amidon de maïs, sel, extrait d'épice, ciboulette, estragon 0,05%, curcuma), carottes, jus de citron à base de concentré.Cette recette contient : poisson, lait. Sans huile de palme., Valeur énergétique en Joules :  719kj, Valeur énergétique en Kcal : 173kcal, Glucides : 1,8g, Lipides : 13,5g, Protides :10,8g, A conserver 24 heures au réfrigérateur, 3 jours dans le compartiment à glace du réfrigérateur, plusieurs mois à -18°C dans un congélateur***. Ne jamais recongeler un produit décongelé.]|"
15,98€ / Kg"|"
6,39 €"
2274|Brandade de morue parmentier à l'huile d'olive et aux fines herbes|La boîte de 450g|[Origine : FRANCE, Un bon goût de morue et d'huile d'olive. Une purée de pommes de terre épaisse et fondante assaisonnée aux fines herbes. Une fine chapelure pour un effet gratiné au four comme au micro-ondes., Sortez la barquette de l'étui et retirez le film protecteur. Sans décongélation préalable, placez la brandade dans l'enceinte appropriée. Rapide :  au micro-ondes : réchauffez le temps indiqué en fonction de la puissance de votre micro-ondes : 900W 10min, 750W 12min, 650W 14min. Gourmande : au four traditionnel : préchauffez votre four durant 10 minutes thermostat 7 (210°C). Placez la barquette sur une grille à mi-hauteur du four et laisser réchauffer pendant 30 à 35 minutes* à chaleur tournante, 35 à 40 minutes* pour un four traditionnel. *Bien respecter les temps et les températures de réchauffage. Ne pas utiliser la fonction grill. Lorsque vous ouvrez le four pour y poser ou y retirer le produit, utilisez des gants isolant pour ne pas vous brûler. Ce produit est élaboré à base de poisson, il pourrait donc exceptionnellement contenir des arêtes., Eau, morue 23% (cabillaud, sel), pommes de terre préfrites 11% (pommes de terre, huile de tournesol, dextrose, stabilisant : E450i), flocons de pomme de terre 9% (pommes de terre, émulsifiant : E471, extrait d'épices), crème fraîche 5%, huile d'olive1,4%, chapelure 1,3% (farine de blé, farine de blé complète, levure, sel), amidon modifié, ail, oeuf entier en poudre, ciboulette 0,3%, persil 0,2%, arôme naturel. Traces possibles de : céleri, sésame, mollusque, crustacés, soja, fruits à coque, arachide., Valeur énergétique en Joules :  440kj, Valeur énergétique en Kcal : 105kcal, Glucides : 12,2g, Lipides : 3,9g, Protides :4,6g, **Réfrigérateur (casier à glaçons) : 3 à 4 jours. ***Compartiment -18°C d'un réfrigérateur : jusqu'à la date figurant sur l'emballage. **** Congélateur : jusqu'à la date figurant sur l'emballage. Ne jamais recongeler un produit décongelé.]|"
8,36€ / Kg"|"
3,76 €"
2275|Hachis parmentier|La boite de 1Kg|[Origine : LUXEMBOURG, Hachis parmentier surgelé., Au four : attention, la température ne doit pas dépasser 200°C. Préchauffez votre four à 180°C (th6). Sortir la barquette de son étui carton et retirez le film plastique. Enfournez le produit sur une grille à mi hauteur. Au four traditionnel : laissez réchauffer 55 minutes environ. Au four à air pulsé : laissez réchauffer 50 minutes environ. Au micro-ondes : retirez le film plastique de la barquette et laissez réchauffer à 750 watts pendant 18-20 minutes environ. Laissez reposer 30 secondes avant de sortir du micro-ondes., Flocons de pommes de terre réhydratées 48% (eau, pommes de terre, émulsifiants : E471, stabilisant : E450, extrait de curcuma, conservateur : disulfite de sodium, acidifiant : E330, antioxygène : E304), viande de boeuf 15%, eau, lait entier, carottes, oignons, chapelures (farine de blé, levure, sel, matière grasse végétale de colza), vin blanc (conservateur : anhydride sulfureux), semoule de blé dur, arômes naturels (dont lait, blé), amidon transformé de pomme de terre, sel, crème fraîche, beurre concentré, huile végétale de tournesol, ail, épices et aromates. Contient des sulfites., Valeur énergétique en Joules :  426kj, Valeur énergétique en Kcal : 102kcal, Glucides : 10g, Lipides : 3,8g, Protides :5,6g, 24 heures dans un réfrigérateur. 3 jours dans le compartiment à glace du réfrigérateur. Plusieurs mois dans le compartiment à -18°C d'un réfrigérateur*** ou dans un congélateur jusqu'à la date limited'utilisation optimale. Ne jamais recongeler un produit décongelé.]|"
3,29€ / Kg"|"
3,29 €"
2276|Lasagnes bolognaises à la viande de boeuf|La barquette de 1kg|[Origine : ITALIE, Au four traditionnel : réchauffez votre barquette dans un four préchauffé à 180°C (la température ne doit pas dépasser 200°C). Enlevez le film plastique de la barquette et placez la dans votre four à mi-hauteur. Laissez cuire pendant 45-50 minutes (45 minutes pour un four à chaleur tournante). Au micro-ondes : sortez la barquette de son étui carton et retirez le film plastique. Laissez réchauffer 15 minutes à 900 Watts. Laissez reposer quelques instants avant de servir., Valeur énergétique en Joules :  482kj, Valeur énergétique en Kcal : 115kcal, Glucides : 11g, Lipides : 5,2g, Protides :5,3g, 24 heures dans un réfrigérateur, 3 jours dans le compartiment à glace d'un réfrigérateur, plusieurs mois à -18°C d'un réfrigérateur*** ou dans un congélateur. Ne jamais recongeler un produit décongelé.]|"
4,58€ / Kg"|"
4,58 €"
2277|Lasagnes bolognaises à la viande de boeuf, surgelées|La barquette de 600g|[Origine : ITALIE, Au four traditionnel : réchauffez votre barquette dans un four préchauffé à 180°C (la température ne doit pas dépasser 200°C). Enlevez le film plastique de la barquette et placez la dans votre four à mi-hauteur. Laissez cuire pendant 40-45 minutes (40 minutes pour un four à chaleur tournante). Au micro-ondes : sortez la barquette de son étui carton et retirez le film plastique. Laissez réchauffer 15 minutes à 900 Watts. Laissez reposer quelques instants avant de servir., Valeur énergétique en Joules :  482kj, Valeur énergétique en Kcal : 115kcal, Glucides : 11g, Lipides : 5,2g, Protides :5,3g, 24 heures dans un réfrigérateur, 3 jours dans le compartiment à glace d'un réfrigérateur, plusieurs mois à -18°C d'un réfrigérateur*** ou dans un congélateur. Ne jamais recongeler un produit décongelé.]|"
4,97€ / Kg"|"
2,98 €"
2278|Lasagnes chèvre épinards|La barquette de 600g|[Origine : LUXEMBOURG, Lasagnes chèvre épinards surgelées., Au four : mise en garde : la température du four ne doit pas excéder 200°C. Préchauffez votre four à 180°C (th 6). Sortez la barquette de son étui carton et retirez le film plastique. 2 parts. Enfournez le produit sur une grille à mi-hauteur. Au fourtraditionnel : laissez réchauffer 45-50 minutes environ. Au four à air pulsé : laissez réchauffer 45 minutes environ. Au four à micro-ondes : retirez le film plastique de la barquette et laissez réchauffer à 750 watts pendant 12-14 minutes environ.Laissez reposer 30 secondes avant de sortir du micro-ondes. Conseil : couvrir le produit pendant le réchauffage. Attention : selon les marques et types de four, contrôler les valeurs indiquées ci-dessus. Avant dégustation, appréciez la cuisson., Eau, fromage de chèvre 19%, semoule de blé dur 15%, épinards 7.5%, matières grasses végétales (matières grasses végétales de colza, eau, émulsifiant : mono et diglycérides d'acides gras, sel, arôme, acidifiant : acide citrique, colorant : bêta-carotène), blanc d'oeuf, farine de blé, oeuf, lait écrémé en poudre, fromages (lait de vache, ferments lactiques, présure, sel, conservateur : lysosyme d'oeuf, protéines d'oeuf), amidon transformé de pomme de terre, sel, bouillon de légumes aromatisé (sel,légumes et extraits de légumes (carottes, poireaux, céleris, navets), maltodextrines de blé, graisse de volaille, extrait d'aromate, arôme, curcuma), macis, arôme., Valeur énergétique en Joules :  629Kj, Valeur énergétique en Kcal : 151KCal, Glucides : 13g, Lipides : 7,5g, Protides :6,9g, 24 heures dans un réfrigérateur. 3 jours dans le compartiment à glace d'un réfrigérateur. Plusieurs mois dans le compartiment à -18°C d'un réfrigérateur*** ou dans un congélateur jusqu'à la date limite d'utilisation optimale. Ne jamais recongeler un produit décongelé.]|"
6,38€ / Kg"|"
3,83 €"
2279|Paella aux fruits de mer|Le sachet de 1kg|[Origine : FRANCE, Préparation culinaire surgelée composée de riz, fruits de mer, de poulet et de colin d'Alaska., A la poêle : faites chauffer dans une poêle anti-adhésive. Versez la quantité désirée de produit encore surgelé dans la poêle. Faites réchauffer à feu moyen de 10 à 12 minutes en remuant de temps en temps. Au micro-ondes (pour un four ayant une puissance restituée de 750 W) : versez la quantité désirée de produit encore surgelé dans un plat adapté au four à micro-ondes. Couvrez. Faites cuire le temps conseillé à puissance maximale en remuant à mi cuisson. Pour 500 g : 7 minutes. Pour 1 kg : 14 minutes., Riz jaune cuit 45% (riz blanc, eau, curcuma), légumes 13% (petits pois, poivrons rouges, tomates), fruits de mer 11% (crevettes, moules, calamars), filet de poulet baratté 8% (filet de poulet 96%, amidon de tapioca, sel), colin d'Alaska 5,5% (theragra chalcogramma), eau, oignons, chorizo 3% (viande et graisse de porc, sel, protéines de lait, épices, arôme fumé, arôme naturel, antioxydant : E301, conservateur : E250, colorants : E160a, E160c, ferments), huile végétale de colza, épices et aromates, sel, maltodextrine, extrait de levure, poudre de tomates, poudre de crevettes, extraits de poisson et de moules, poudre de poisson, algue marine, amidon transformé de pomme de terre, arôme, poudre de crabe., Valeur énergétique en Joules :  512Kj, Valeur énergétique en Kcal : 122kcal, Glucides : 15g, Lipides : 3,8g, Protides :6,4g, 24 heures dans un réfrigérateur. 3 jours dans le compartiment à glace d'un réfrigérateur. Plusieurs mois dans le compartiment à -18°C d'un réfrigérateur *** ou dans un congélateur jusqu'à la date indiquée. Ne jamais recongeler un produit décongelé.]|"
4,04€ / Kg"|"
4,04 €"
2280|Poêlée à la Landaise, pommes de terre, haricots verts, gésiers et filets de canard|Le sachet de 900g|[Origine : FRANCE, Poêlée à base de pommes de terre, haricots verts, gésiers et filets de canard, champignons, surgelée., Préparation sans décongélation préalable. A la poêle : versez la quantité désirée dans une poêle anti adhésive chaude sans ajouter de matière grasse. Laissez réchauffer à feu moyen environ 12/15 min en remuant régulièrement., Pommes de terre préfrites 50% (pommes de terre, huile végétale de tournesol, dextrose), haricots verts 16%, lardons cuits fumés 8% (poitrine de porc, sel, dextrose, arôme, acidifiant : E330, conservateurs : E316, E250), champignons de Paris 6,7%, émincé de gésiers de canard maigre 6% (gésier de canard maigre, conservateur E250, arômes (dont céleri), sel, extrait d'épice, antioxydant E301), oignons crus 5%, filet de canard cuit traité en salaison 2% (filet de canard sans peau, eau, dextrose, sel,amidon transformé de manioc, conservateur E250, antioxygène E301), graisse de canard, huile végétale de tournesol, persil, ail en poudre, sel, poivre., Valeur énergétique en Joules :  584kj, Valeur énergétique en Kcal : 140kcal, Glucides : 13g, Lipides : 6,8g, Protides :5,5g, 24h dans un réfrigérateur, 3 jours dans le compartiment à glace d'un réfrigérateur, plusieurs mois dans le compartiment à -18°C d'un réfrigérateur*** ou dans un congélateur. Ne jamais recongeler un produit décongelé.]|"
5,71€ / Kg"|"
5,14 €"
2281|Poêlée de farfalles, saumon, colin d'Alaska et épinards, à la crème|Le sachet de 900g|[Origine : FRANCE, Poêlée de pâtes aux épinards, saumon et colin d'Alaska surgelée., A la poêle (mode de préparation recommandé) : bien agiter le sachet avant ouverture. Versez le produit dans une poêle antiadhésive chaude. Faites cuire à feu moyen 7 à 8 minutes à couvert en remuant régulièrement. Au four à micro-ondes (pour un fourayant une puissance restituée de 900 watts) : versez la quantité souhaitée de produit dans un plat adapté. Faites cuire le temps indiqué à couvert et à puissance maximale en remuant toutes les 5 minutes environ. Pour 450 g : 9 à 10 minutes. Pour 900g : 14 à 15 minutes., Pâtes Farfalle précuites 36% (eau, semoule de blé dur), épinards en branche 14%, eau, saumon 7,1% (Salmo salar), colin d'Alaska 7,1% (Theragra chalcogramma), crème fraîche 6,9%, tomates 5,5%, échalotes, beurre, vin blanc concentré, fumet de poisson aromatisé [maltodextrine, sel, farine de blé, poisson, sucre, légumes (poireau, oignon, céleri), crème, extrait de levure, huile d'olive vierge extra, arôme naturel (dont crustacés), lactose, crevette, épice et aromates, extrait de vin blanc], amidonstransformés de riz et de maïs, jus de citron à base de concentré, poudre de lait entier, huile végétale de tournesol, sel, vinaigre d'alcool, arôme naturel, thym, épices, colorants : E100, E160c, E120, fécule, maltodextrine., Valeur énergétique en Joules :  538kj, Valeur énergétique en Kcal : 128kcal, Glucides : 16,4g, Lipides : 4,4g, Protides :4,5g, 24 heures dans un réfrigérateur, 3 jours dans le compartiment à glace d'un réfrigérateur, plusieurs mois dans le compartiment à -18°C d'un réfrigérateur*** ou dans un congélateur. Ne jamais recongelerun produit décongelé.]|"
5,71€ / Kg"|"
5,14 €"
2282|Poêlée de pâtes au poulet et légumes du soleil|Le sachet de 900g|[Origine : BELGIQUE, Mélange à base de pâtes, de légumes et de poulet surgelé., A la poêle : ajoutez 2 cuillères à soupe d'huile dans une poêle chaude, versez la quantité de produit désirée, faites cuire 10 à 12 minutes sur un feu moyen en remuant de temps en temps. Au micro-ondes (pour un four ayant une puissance restituée de 750W) : déposez la quantité désirée du produit surgelé dans un plat adapté. Couvrez. Faites cuire pendant 10 minutes à puissance maximale (6 minutes pour la moitié du sachet), en remuant à mi cuisson et avant de servir., Pâtes 33% (eau, farine de blé dur, oeufs), filet de poulet baratté 15% (poulet 96%, sel, maltodextrine, sirop de glucose), tomates cerise 12%, aubergines préfrites 10% (aubergines, huile de tournesol), courgettes préfrites 10% (courgettes, huile de tournesol), oignons préfrits (oignon, huile de tournesol), tomates séchées 3%, huile d'olive 1,9%, fromages (lait, présure, ferments lactiques, colorant : annato, conservateur : nitrate de sodium), épices et aromates, purée de tomate, sel, pignon de pin, extrait de levure, maltodextrine, amidon de riz., Valeur énergétique en Joules :  506Kj, Valeur énergétique en Kcal : 120KCal, Glucides : 13,5g, Lipides : 3,6g, Protides :7,6g, 24 heures dans un réfrigérateur. 3 jours dans le compartiment à glace d'un réfrigérateur. Plusieurs mois dans le compartiment à -18°C d'un réfrigérateur *** ou dans un congélateur jusqu'à la date indiquée. Ne jamais recongeler un produit décongelé.]|"
5,38€ / Kg"|"
4,84 €"
2283|Poêlée Thaï au poulet et aux légumes, surgelée|Le sachet de 900g|[Origine : FRANCE, Plat cuisiné à base d'un mélange de légumes, de spaghetti et de poulet cuit traité en salaison, surgelé., Sans décongélation. A la poêle : versez la quantité de produit dans une grande poêle chaude et faites réchauffer 10 à 12 minutes pour la totalité du sachet (8 à 9 minutes pour la moitié) en remuant régulièrement. Au four à micro-ondes (pour un four ayant une puissance restituée de 800 watts) : versez la quantité désirée dans un plat adapté au micro-ondes (non métallique) et faites réchauffer 12 min pour la totalité du sachet (6 min pour la moitié). Remuez à mi-cuisson. Laissez reposer 1 à 2 minavant de servir., Mélange de légumes 49% (poivrons rouges, carottes, épinards, tomates, pois mange tout, petits pois), spaghetti précuits 27% (eau, semoule de blé dur, colorant : curcuma), émincés de poulet rôti traités en salaison 14% (filet de poulet, eau, sel, dextrose, lactose (lait), amidon de tapioca), eau, fond de sauce (piment vert, échalote, galangal, plantes aromatiques (citronnelle, feuille de citron), sauce de poisson (eau, anchois, sel, sucre), purée de feuilles de citron, huile de tournesol, racinede coriandre, purée d'ail, eau, jus de citron concentré, épices, sel), pâte de curry (huile de colza, sel, coriandre, cumin, curcuma, eau, purée de tomates, piment, gingembre, ail, amidon de maïs, tamarin, épices (dont moutarde), conservateur : acideacétique, acidifiants : acide lactique et acide citrique, sucre), huile de tournesol, miel, lait de coco en poudre (lait de noix de coco, maltodextrines de tapioca, caséinates de sodium (lait)), graisse de poulet purifiée (graisse de poulet, antioxydant : extrait de romarin), fond de poulet réduit (os et viande de poulet, eau, oignon, carotte), sel, amidon transformé de riz ou de maïs, coriandre, cumin moulu, épaississants : gomme xanthane et gomme de guar., Valeur énergétique en Joules :  449kj, Valeur énergétique en Kcal : 107kcal, Glucides : 10g, Lipides : 2,3g, Protides :9,4g, 24h dans un réfrigérateur, 3 jours dans le compartiment à glace d'un réfrigérateur, plusieurs mois à -18°C au congélateur. Ne jamais recongeler un produit décongelé.]|"
5,43€ / Kg"|"
4,89 €"
2284|Polenta crémeuse|Le sachet de 750g|[Origine : FRANCE, Plat cuisiné à base de crème fraîche, de semoule de maïs, d'huile d'olive extra vierge 1,9% et de beurre, surgelé., Cet emballage contient 5 portions environ. Au four à micro-ondes (pour un four ayant une puissance restituée de 750 Watts) : pour 7 à 8 galets (1 personne). Placez la quantité de galets dans un plat adapté (non métallique). Laissez réchauffer 3 à 4 minutes. Mélangez bien et laissez reposer 1 minute avant de déguster., Eau, crème fraîche 27%, semoule de maïs 16%, lait demi-écrémé, échalote, huile d'olive extra vierge 1,9%, beurre 0,81%, sel, ail, extrait de poivre, concentré de jus de carotte, fond de légumes (concentrés de légumes (carotte, oignon, poireau), eau,épice)., Valeur énergétique en Joules :  722kj, Valeur énergétique en Kcal : 173kcal, Glucides : 16g, Lipides : 11g, Protides :2,3g, 24 heures dans un réfrigérateur. 3 jours dans le compartiment à glace d'un réfrigérateur. Plusieurs mois dans le compartiment à -18°C d'un réfrigérateur*** ou dans un congélateur jusqu'à la date limite d'utilisation optimale. Ne jamais recongeler un produit décongelé.]|"
5,48€ / Kg"|"
4,11 €"
2285|Risotto crémeux|Le sachet de 750g|[Origine : FRANCE, Plat cuisiné à base de riz, de crème fraîche, de fromages, de beurre et d'huile d'olive extra vierge 0,32%, surgelé., Cet emballage contient 3 portions environ. Au four à micro-ondes (pour un four ayant une puissance restituée de 900 Watts) : placez la quantité de produit dans un plat adapté (non métallique). Laissez réchauffer 13 à 14 minutes pour la totalité du sachet. Remuez à mi-cuisson et laissez reposer 1 minute avant de déguster. A la poêle : versez la quantité de produit dans un poêle bien chaude et faites réchauffer à feu moyen sans ajout de matière grasse pendant 7 à 8 minutes pour la totalité du sachet en remuant régulièrement., Riz St-Andrea cuit 57% (eau, riz), crème fraîche 16%, eau, fromage à pâte dure 6%, vin blanc Muscadet, emmental 2,4% (lait de vache, sel, ferments, coagulant, amidon de pomme de terre), oignon 2,2%, beurre 0,65%, sel, amidon transformé de riz ou de maïs ou de manioc, huile d'olive extra vierge 0,32%, protéines de lait, épaississants : gomme xanthane, gomme guar, arôme naturel (dont lait), colorants : lutéine et extrait de paprika, concentré d'oignon (jus concentré d'oignon, huile de tournesol),extrait de poivre, glucose., Valeur énergétique en Joules :  759kj, Valeur énergétique en Kcal : 181kcal, Glucides : 21g, Lipides : 8,7g, Protides :4,4g, 24 heures dans un réfrigérateur. 3 jours dans le compartiment à glace d'un réfrigérateur. Plusieurs mois dans le compartiment à -18°C d'un réfrigérateur*** ou dans un congélateur jusqu'à la date limite d'utilisation optimale. Ne jamais recongeler un produit décongelé.]|"
5,48€ / Kg"|"
4,11 €"
2286|Hachis parmentier|La boite de 1,2kg|[Origine : FRANCE, Une recette traditionnelle revisitée avec gourmandise par notre chef., Au micro-ondes : retirez le film protecteur et placez la barquette encore surgelée au micro-ondes. Faites chauffer pendant 15 à 17 min, puissance 650 W. Attendez 2 min avant de servir. Au four traditionnel : préchauffez votre four à 180°C. Retirez labarquette de son emballage plastique et posez la dans le four, sur une grille à mi-hauteur. Laissez cuire 50 à 55 min. Attendez 2 min avant de servir. Ne jamais placer la barquette directement sur la résistance du four. Ne jamais utiliser l'option grill du four., Eau, viande hachée pur boeuf 18%, oignons 14%, flocons de pommes de terre 7,9% (dont émulsifiant : mono et diglycérides d'acides gras, curcuma), chapelure (farine de blé, levure, sel), lait en poudre 2,7%, beurre, emmental, vin blanc, amidon, ail, sel, concentré de tomates, aromates (dont persil 0,1%), arôme naturel, jus concentré d'oignons, épices (dont muscade), maltodextrines, huile de tournesol, protéines de lait. Teneur en sel : 0,6%. Sans colorant, sans conservateur, sans huile de palme. Boeuf français, né, élevé, abattu en France., Valeur énergétique en Joules :  520kj, Valeur énergétique en Kcal : 120kcal, Glucides : 14g, Lipides : 4,5g, Protides :5,5g, 24h dans un réfrigérateur, 3 jours dans le compartiment à glace d'un réfrigérateur, plusieurs mois à -18°C  d'un réfrigérateur*** ou dans un congélateur. Ne pas recongeler un produit décongelé.]|"
5,37€ / Kg"|"
6,44 €"
2287|Hachis parmentier|La boîte de 600g|[Origine : FRANCE, Une recette traditionnelle revisitée avec gourmandise par notre chef., Au micro-ondes : retirez le film protecteur et placez la barquette encore surgelée au micro-ondes. Faites chauffer pendant 15 à 17 min, puissance 650 W. Attendez 2 min avant de servir. Au four traditionnel : préchauffez votre four à 180°C. Retirez labarquette de son emballage plastique et posez la dans le four, sur une grille à mi-hauteur. Laissez cuire 50 à 55 min. Attendez 2 min avant de servir. Ne jamais placer la barquette directement sur la résistance du four. Ne jamais utiliser l'option grill du four., Eau, viande hachée pur boeuf 18%, oignons 14%, flocons de pommes de terre 7,9% (dont émulsifiant : mono et diglycérides d'acides gras, curcuma), chapelure (farine de blé, levure, sel), lait en poudre 2,7%, beurre, emmental, vin blanc, amidon, ail, sel, concentré de tomates, aromates (dont persil 0,1%), arôme naturel, jus concentré d'oignons, épices (dont muscade), maltodextrines, huile de tournesol, protéines de lait. Teneur en sel : 0,6%. Sans colorant, sans conservateur, sans huile de palme. Boeuf français, né, élevé, abattu en France., 24h dans un réfrigérateur, 3 jours dans le compartiment à glace d'un réfrigérateur, plusieurs mois à -18°C  d'un réfrigérateur*** ou dans un congélateur. Ne pas recongeler un produit décongelé.]|"
6,68€ / Kg"|"
4,01 €"
2288|Lasagnes à la bolognaise|La boite de 1,2Kg|[Origine : FRANCE, Une recette traditionnelle revisitée avec gourmandise par notre chef., Au micro-ondes : retirez le film protecteur et placez la barquette encore surgelée au micro-ondes. Faites chauffer pendant 14 à 16 min, puissance 650 W. Attendez 2 min avant de servir. Au four traditionnel : préchauffez votre four à 180°C. Retirez labarquette de son emballage plastique et posez la dans le four, sur une grille à mi-hauteur. Laissez cuire 45 à 50 min. Attendez 2 min avant de servir. Ne jamais placer la barquette directement sur la résistance du four. Ne jamais utiliser l'option grill du four., Béchamel 23% (eau, lait en poudre, farine de blé, amidon, sel, macis), eau, pâtes cuites 17% (semoule de blé dur, eau, oeufs en poudre, sel), viande hachée pur boeuf 11,5%, oignons, concentré de tomates 7,2%, carottes, emmental 2,8%, amidon, huile d'olive vierge extra, farine de blé, ail, sel, arômes naturels, sucre, vin rouge, huile de tournesol, aromates (dont basilic 0,07%), épices. Teneur en sel : 0,7%. Sans colorant, sans conservateur, sans huile de palme. Boeuf français né, élevé et abattuen France., Valeur énergétique en Joules :  540kj, Valeur énergétique en Kcal : 130kcal, Glucides : 15g, Lipides : 4,5g, Protides :6g, 24h dans un réfrigérateur, 3 jours dans le compartiment à glace d'un réfrigérateur, plusieurs mois à -18°C  d'un réfrigérateur*** ou dans un congélateur. Ne pas recongeler un produit décongelé.]|"
5,83€ / Kg"|"
6,99 €"
2289|Lasagnes bolognaise, pur boeuf|La boite de 600g|[Origine : FRANCE, Une recette traditionnelle revisitée avec gourmandise par notre chef., Au micro-ondes : retirez le film protecteur et placez la barquette encore surgelée au micro-ondes. Faites chauffer pendant 14 à 16 min, puissance 650 W. Attendez 2 min avant de servir. Au four traditionnel : préchauffez votre four à 180°C. Retirez labarquette de son emballage plastique et posez la dans le four, sur une grille à mi-hauteur. Laissez cuire 45 à 50 min. Attendez 2 min avant de servir. Ne jamais placer la barquette directement sur la résistance du four. Ne jamais utiliser l'option grill du four., Béchamel 23% (eau, lait en poudre, farine de blé, amidon, sel, macis), eau, pâtes cuites 17% (semoule de blé dur, eau, oeufs en poudre, sel), viande hachée pur boeuf 11,5%, oignons, concentré de tomates 7,2%, carottes, emmental 2,8%, amidon, huile d'olive vierge extra, farine de blé, ail, sel, arômes naturels, sucre, vin rouge, huile de tournesol, aromates (dont basilic 0,07%), épices. Teneur en sel : 0,7%. Sans colorant, sans conservateur, sans huile de palme. Boeuf français né, élevé et abattuen France., Valeur énergétique en Joules :  500kj, Valeur énergétique en Kcal : 120kcal, Glucides : 13g, Lipides : 4,5g, Protides :5,5g, 24h dans un réfrigérateur, 3 jours dans le compartiment à glace d'un réfrigérateur, plusieurs mois à -18°C  d'un réfrigérateur*** ou dans un congélateur. Ne pas recongeler un produit décongelé.]|"
6,85€ / Kg"|"
4,11 €"
2290|Moussaka|La boîte de 1,2kg|[Origine : FRANCE]|"
6,09€ / Kg"|"
7,31 €"
2291|Moussaka, pur boeuf|La boite de 600g|[Origine : FRANCE, Une recette traditionnelle revisitée avec gourmandise par notre chef., Au micro-ondes : retirez le film protecteur et placez la barquette encore surgelée au micro-ondes. Faites chauffer pendant 14 à 16 min, puissance 650 W. Attendez 2 min avant de servir. Au four traditionnel : préchauffez votre four à 180°C. Retirez labarquette de son emballage plastique et posez la dans le four, sur une grille à mi-hauteur. Laissez cuire 50 à 55 min. Attendez 2 min avant de servir. Ne jamais placer la barquette directement sur la résistance du four. Ne jamais utiliser l'option grill du four., Tomates 20%, aubergines préfrites 19% (aubergines, huile de tournesol), eau, viande hachée pur boeuf 14%, oignons, concentré de tomate, amidon, fromages (dont emmental 1,3%), carottes, lait en poudre, ail, crème fraîche 1%, farine de blé, huile d'olive vierge extra 0,7%, aromates (dont thym 0,07%), céleri, arômes naturels, sel, sucre, épices (dont macis). Teneur en sel 0,7%. Sans colorant, sans conservateur, sans huile de palme. Boeuf français né, élevé et abattu en France., Valeur énergétique en Joules :  520kj, Valeur énergétique en Kcal : 130kcal, Glucides : 7g, Lipides : 8,5g, Protides :4,5g, 24h dans un réfrigérateur, 3 jours dans le compartiment à glace d'un réfrigérateur, plusieurs mois à -18°C  d'un réfrigérateur*** ou dans un congélateur. Ne pas recongeler un produit décongelé.]|"
8,05€ / Kg"|"
4,83 €"
2292|Tagliatelles fraîches à la carbonara|Le sachet de 1,4Kg|[Origine : FRANCE, Valeur énergétique en Joules :  600kj, Valeur énergétique en Kcal : 140kcal, Glucides : 19g, Lipides : 5g, Protides :6g]|"
5,34€ / Kg"|"
7,47 €"
2293|Paella royale, volaille fruits de mer et chorizo|La boite dev 940g|[Origine : FRANCE, Valeur énergétique en Joules :  567kj, Valeur énergétique en Kcal : 135kcal, Glucides : 13g, Lipides : 5g, Protides :9g]|"
4,96€ / Kg"|"
4,66 €"
2294|Chili con carne boeuf riz|Le sachet de 900g|[Origine : FRANCE]|"
6,40€ / Kg"|"
5,76 €"
2295|Colin d'Alaska et petites Saint-Jacques pommes de terre en persillade, surgelés|Le sachet de 900g|[Origine : FRANCE, Colin d'Alaska et petites St Jacques pommes de terre en persillade., Pour 3/4 personnes. A la poêle : verser 1 cuillère à soupe d'huile dans une poêle. Verser le contenu du sachet dans la poêle chaude. Réchauffer environ 14 minutes à feu vif en remuant de temps en temps., Pommes de terre rissolées et petites carottes 55,3% : pommes de terre préfrites 44,5% (pomme de terre, huile de tournesol, dextrose), carottes 10,8%. Sauce persillée 23,7% : eau, huile de colza, crème fraîche légère, emmental, ail 1%, persil 0,7%, ciboulette 0,6%, sel, amidon de maïs, extrait d'épice. Colin d'Alaska et St Jacques 21% : Colin d'Alaska 14%, noix de St Jacques 7% (A* : Zygochlamys patagonica d'Argentine, B* : Chlamys nobilis du Viêt Nam, C* : Argopecten Purpuratus du Pérou, D* : Chlamys Opercularis d'Islande) *pour l'espèce et l'origine se reporter au n° de lot. Cette recette contient : poisson, mollusques, lait. Elle est préparée dans un atelier qui utilise : crustacés, soja, oeuf, moutarde, céleri contenant du gluten., Valeur énergétique en Joules :  553kj, Valeur énergétique en Kcal : 132kcal, Glucides : 13,7g, Lipides : 6,2g, Protides :5,4g, *24 heures dans un réfrigérateur. **3 jours dans le compartiment à glace d'un réfrigérateur. ***Plusieurs mois à -18°C au congélateur jusqu'à la date optimale indiquée sur l'emballage. Une fois décongelé, ce produit ne devra pas être recongelé.]|"
7,49€ / Kg"|"
6,74 €"
2296|Pâtes Radiatori sauce tomates parmesan et asperges|Le sachet de 600g|[Origine : FRANCE]|"
6,33€ / Kg"|"
3,80 €"
2297|Pates Rigatoni sauce crème gorgonzola et cêpes|Le sachet de 600g|[Origine : FRANCE]|"
6,33€ / Kg"|"
3,80 €"
2298|Penne au Saumon à la crème, tomates et basilic, plat surgelé|Le sachet de 900g|[Origine : FRANCE, 3/4 personnes. A la poêle (12 min) : dans une poêle chaude, mettre 2 cuillères à soupe d'eau, verser le sachet et faire réchauffer avec un couvercle pendant 6 min à feu vif puis 6 min à feu moyen en remuant régulièrement pour obtenir une sauce onctueuse., Penne et tomates marinées 53,5% : penne rigate 38% (eau, semoule de blé dur), tomates 13%, tomates séchées 2,5% (tomates, huile de colza, sel, origan, ail). Sauce à la crème et basilic 31,5% : eau, crème fraîche 9,5%, épinards à la crème (épinards, crème 0,4%, eau, lait en poudre, farine de blé, beurre, noix de muscade), échalotes, huile d'olive, amidon de maïs, basilic 0,9%, fumet de poisson (chair de poisson, jus de poisson, sel), ail, sel, jus de citron, extraits d'épices, poivre. Saumon atlantique 15%. Informations destinées aux personnes allergiques : cette recette contient : poisson, lait, blé. Elle est préparé dans un atelier qui utilise : crustacés, mollusques, soja, oeuf, moutarde, céleri. Pourcentages exprimés sur le total de la recette., Valeur énergétique en Joules :  557kj, Valeur énergétique en Kcal : 132kcal, Glucides : 19g, Lipides : 4,1g, Protides :4,4g, *24 heures dans un réfrigérateur, **3 jours dans le compartiment à glace d'un réfrigérateur, ***plusieurs mois dans le compartiment à -18°C d'un réfrigérateur ou dans un congélateur. Une fois décongelé, ce produit ne devra pas être recongelé.]|"
7,20€ / Kg"|"
6,48 €"
2299|Petites Escalopes de Volailles à la crème et aux champignons, avec des farfalles, plat surgelé|Le sachet de 900g|[Origine : FRANCE, Marie aime les recettes onctueuses comme celles cuisinées à la maison., 4 personnes. Mettre 1/2 verre d'eau dans une poêle chaude. Verser le contenu du sachet dans la poêle. Faire réchauffer avec un couvercle 5min à feu vif, puis 7min à feu moyen toujours à couvert, en remuant régulièrement., Farfallini cuits 38% (eau, semoule de blé dur), aiguillette de poulet cuite 18,5% (poulet 95%, maltodextrine, dextrose, sel), eau, champignons 14%, crème fraîche 11%, ail, amidon transformé, arômes naturels, sel, coriandre, gélifiant : pectine, dextrose, poivre, paprika. Fabriqué dans un atelier qui utilise : poisson, crustacés, mollusques, soja, oeuf, moutarde, céleri., Valeur énergétique en Joules :  511kj, Valeur énergétique en Kcal : 121kcal, Glucides : 14,9g, Lipides : 3,3g, Protides :8,0g, A conserver 24 heures au réfrigérateur, 3 jours dans le compartiment à glace du réfrigérateur, plusieurs mois à -18°C dans un congélateur***. Ne jamais recongeler un produit décongelé.]|"
6,54€ / Kg"|"
5,89 €"
2300|Poêlée à la paysanne saucisse Fumée|Le sachet de 900g|[Origine : FRANCE, Pommes de terre pré frites 50% (pommes de terre, huile végétale, dextrose), mini saucisses fumées 15,5% (viande et gras de porc, sel, lactose, dextrose, épices, émulsifiant : e450, conservateurs : acide ascorbique et e 250), oignons pré frits (huilevégétale), haricots verts, eau, arômes naturels (gluten d'orge), persil, caramel aromatique (sucre, sirop de glucose et de fructose, eau). fabriqué dans un atelier qui utilise : poisson, crustacés, mollusques, soja, oeuf, lait, moutarde, céleri., Dans une poêle chaude mettre 2 cuillères à soupe d'eau, verser le sachet et réchauffer sans couvercle pendant 9 min à feu vif puis 3 min à feu moyen, Conseils de conservation :    *    24 heures dans un réfrigérateur   **   3 jours dans le compartiment à glace d'un réfrigérateur ***  plusieurs mois à -18°c au congélateur jusqu'à la date optimale indiquée sur l'emballage. une fois décongelé, ce produit ne devra pas être recongelé.]|"
6,37€ / Kg"|"
5,73 €"
2303|Poêlée à la savoyarde au reblochon AOC de Savoie|Le sachet de 900g|[Origine : FRANCE, 3/4 pers. Dans une poêle chaude mettre 2 cuillères à soupe d'eau, et faire réchauffer avec un couvercle 6 min à feu vif et 6 min à feu moyen jusqu'à obtention d'une suce crémeuse., Valeur énergétique en Joules :  563kj, Valeur énergétique en Kcal : 135kcal, Glucides : 12,4g, Lipides : 7,3g, Protides :4,2g, *24 heures dans un réfrigérateur. **3 jours dans le compartiment à glace d'un réfrigérateur. ***Plusieurs mois à -18°C au congélateur jusqu'à la date optimale. Une fois décongelé, ce produit ne devrapas être recongelé.]|"
6,51€ / Kg"|"
5,86 €"
2304|Risotto au poulet, champignons à la crème, plat surgelé|Le sachet de 900g|[Origine : FRANCE, Dans une poêle chaude, mettre 2 cuillères à soupe d'eau, verser le sachet et faire réchauffer avec un couvercle pendant 6 min à feu vif puis 6 min à feu moyen en remuant régulièrement pour obtenir une sauce crémeuse., Riz cuit 46% (eau, riz), vin blanc 2%, échalotes 1,5%, sel, huile de colza, champignons 14%, escalopes de poulet marinées et cuites 12% (filet de poulet, sel, sucre, jus de citron), crème fraîche 10%, eau, emmental, mozzarella, amidon de maïs, ail, jus de champignon, huile de tournesol, fond de volaille (amidon de maïs, graisse de poulet, sel, poulet, jaune d'oeuf, oignons, lait en poudre, céleri, herbes et épices), persil, coriandre, poivre, paprika. Contient : oeuf, lait, céleri, sulfites. Peut contenir : poisson, crustacés, mollusques, soja, moutarde, céréales contenant du gluten., Valeur énergétique en Joules :  488kj, Valeur énergétique en Kcal : 116kcal, Glucides : 14g, Lipides : 4,7g, Protides :4,1g, 24h dans un réfrigérateur, 3 jours dans le compartiment à glace d'un réfrigérateur, plusieurs mois dans un congélateur à -18°C. Ne jamais recongeler un produit décongelé.]|"
6,51€ / Kg"|"
5,86 €"
2305|Riz cantonais et crevettes|Le paquet de 900g|[Origine : FRANCE, Marie aime parfumer son riz cantonais aux 5 épices  pour emmener toute la famille en Asie ! Marie aime cuisiner sans artifice, juste pour le plaisir du goût  Bref, Marie aime la même cuisine que vous !, Poêle : mettre une cuillère à soupe d'huile dans une poêle. Verser le contenu du sachet dans la poêle chaude. Réchauffer 7 min à feu vif puis 5 min à feu moyen en mélangeant régulièrement. Ne pas recongeler un produit décongelé., Riz blanc cuit 53,5%, eau, crevettes 6% (dont sel, antioxygène : acide citrique), petits pois, carottes, omelette 5,5% (oeuf entier, huile végétale, eau, sel, poivre, épaississant : gomme xanthane, antioxygène : acide ascorbique, curcuma, paprika, acidifiant : E331), jambon 4,5% (jambon de porc, couenne, eau, gélatine, sel, lactose, stabilisants : carraghénanes, E450, sirop de glucose, dextrose, conservateurs : E316, E250, lait), sauce poisson (anchois, sel, sucre, colorant : caramel E160c), huile végétale, arômes naturels, épices 0,17% (dont gingembre, coriandre, cannelle, badiane, girofle). Fabriqué dans un atelier qui utilise : mollusques, soja, moutarde, céleri, céréales contenant gluten., Valeur énergétique en Joules :  461Kj, Valeur énergétique en Kcal : 109Kc, Glucides : 18.1g, Lipides : 2.2g, Protides :4.2g, *24 heures dans un réfrigérateur. **3 jours dans le compartiment à glaçon de votre réfrigérateur. Jusqu'à la date limite dans votre congélateur.]|"
5,54€ / Kg"|"
4,99 €"
2306|Calamars à la romaine, surgelés|Le sachet de 500g|[Origine : ESPAGNE, Anneaux d'encornet géant à la romaine préfrits surgelés., 4 personnes. A la friteuse : sans décongeler, faites frire pendant 4 à 5 minutes. Au four : sans décongeler, préchauffez le four à 200°C, placez les anneaux sur la plaque du four et faites réchauffer pendant 10 à 12 minutes., Anneaux d'encornet géant 40%, farine de blé, eau, huile végétale de tournesol, sel, stabilisants : E450, E451, E452, amidon de maïs, poudres à lever : E450, E500, arôme naturel de citron, levure, épaississant : E412, ail, dextrine, colorant : E101., Valeur énergétique en Joules :  780kj, Valeur énergétique en Kcal : 186kcal, Glucides : 22g, Lipides : 7,8g, Protides :6,4g, 24 heures dans un réfrigérateur. 3 jours dans le compartiment à glace d'un réfrigérateur. Plusieurs mois dans le compartiment à -18°C d'un réfrigérateur*** ou dans un congélateur jusqu'à la date limite d'utilisation optimale. Ne jamais recongeler un produit décongelé.]|"
6,48€ / Kg"|"
3,24 €"
2307|Crevettes géantes tigrées, élevées au Vietnam, crues et entières|La barquette de 400g|[Origine : INDE, Sélectionnées avec la plus grande rigueur, ces crevettes tropicales d'Asie, communément connues sous le nom de 'Black Tiger', sont originaires des régions côtières de l'Océan Indien et de l'Océan Pacifique. Elevées en Asie, ces crevettes à la chair ferme et fondante sont idéales pour être consommées cuites en entrée ou en plat principal, froides ou chaudes., Décongélation : sortez les crevettes de leur étui carton et déposez-les sur une assiette. Laissez décongeler 3 à 4 heures au réfrigérateur. A utiliser comme un produit frais ensuite. Cuisson sans décongélation : sortez les crevettes de leur étui carton et faites-les cuire selon l'un des modes d'emploi proposés ci-dessous : au court-bouillon : portez à ébullition une casserole d'eau et faites cuire les crevettes 4 à 5 minutes dans une eau frémissante. Egouttez-les et refroidissez-les rapidement.A la poêle : faites sauter les crevettes 7-8 minutes dans une poêle chaude dans laquelle vous aurez préalablement ajouté de l'huile. Au four traditionnel : préchauffez votre four à 240°C (th.8). Déposez les crevettes dans un plat adapté et badigeonnez-les d'huile. Laissez cuire 10 minutes environ. Vous pouvez terminer la cuisson 2 minutes en mode gril., Crevettes, antioxydant:E223(disulfite de sodium). Produit cru à cuire à coeur., Valeur énergétique en Joules :  405Kj, Valeur énergétique en Kcal : 96Kcal, Glucides : 0,2g, Lipides : 1,1g, Protides :21,1g, *24 heures dans un réfrigérateur. **3 jours dans le compartiment à glace d'un réfrigérateur. ***Plusieurs mois dans le compartiment a -18°C d'un réfrigérateur*** ou dans un congélateur jusqu'à la datelimite d'utilisation optimale. Attention : ne jamais recongeler un produit décongelé.]|"
20,35€ / Kg"|"
8,14 €"
2308|Crevettes nordiques, cuites et décortiquées|Le sachet de 200g|[Origine : DANEMARK, Ces crevettes sauvages pêchées dans les eaux du Groenland se prêteront à toutes vos envies. Légèrement salées, elles sont délicieuses assaisonnées ou nature, en apéritif ou en plat., Décongélation au réfrigérateur : de 5 à 8 heures. Décongélation rapide : plongez le sachet environ 15 à 30min. dans l'eau froide. Attention, ne pas décongeler au four à micro-ondes ou à l'eau chaude sous peine d'altérer les qualités du produits., Crevettes nordiques décortiquées (pandalus borealis), eau, sel. Pêchées dans l'océan Atlantique Nord-Ouest et Nord-Est., Valeur énergétique en Joules :  326Kj, Valeur énergétique en Kcal : 78KCal, Glucides : 0g, Lipides : 1g, Protides :17g, *24 heures dans un réfrigérateur **3 jours dans le compartiment à glace d'un réfrigérateur. ***Plusieurs mois dans le compartiment à -18°C d'un réfrigérateur 3*** ou dans un congélateur jusqu'à la date limite d'utilisation optimale.]|"
19,50€ / Kg"|"
3,90 €"
2309|Moules à la marinière, surgelées|Le sachet de 400g|[Origine : FRANCE, Moules décoquillées du Pacifique, à la marinière, surgelées., A la poêle : versez les moules dans une poêle anti-adhésive et faites cuire 9 minutes à feu doux en remuant régulièrement. Au four à micro-ondes : versez les moules dans un plat adapté (non métallique) et faites cuire 9 minutes à puissance maximale pour un four de 750 Watts. Remuez à mi-cuisson., Moules du Pacifique décoquillées 85%, eau, vin blanc 4% (contient sulfites), oignons 1,7%, beurre, amidon transformé de maïs, riz, ou de manioc, pâte d'ail (ail, sel, acidifiant : acide citrique, conservateur : disulfite de sodium), arômes naturels (contient crustacés et poissons), huile de tournesol, persil, carottes, jus de moules cuisiné (jus de moules, plantes aromatiques, vin blanc, épices), sucre, farine de blé, poivre blanc, piment de Cayenne., Valeur énergétique en Joules :  433kj, Valeur énergétique en Kcal : 103kcal, Glucides : 6,3g, Lipides : 2,8g, Protides :13g, 24 heures dans un réfrigérateur. 3 jours dans le compartiment à glace d'un réfrigérateur. Plusieurs mois dans le compartiment à -18°C d'un réfrigérateur*** ou dans un congélateur jusqu'à la date limite d'utilisation optimale. Ne jamais recongeler un produit décongelé.]|"
9,25€ / Kg"|"
3,70 €"
2310|Noix de coquilles Saint-Jacques, sans corail, origine France|Le sachet de 300g|[Origine : FRANCE, Décongeler les noix une demi journéeau réfrigérateur en les disposant bien espacées sur une assiette, A conserver 24 heures au réfrigérateur, 3 jours dans le compartiment à glace du réfrigérateur, plusieurs mois à -18°C dans un congélateur*** et à consommer de préférence avant la date indiquée sur lesachet. Attention : ne jamais recongeler un produit décongelé.]|"
51,47€ / Kg"|"
15,44 €"
2311|Noix de Saint-Jacques, avec corail, origine Pérou|Le sachet de 400g|[Origine : PEROU, Monoprix vous propose une gamme de noix de Saint-Jacques et délicatement  parfumées. Idéales poêlées accompagnées d'une sauce, ou pour agrémenter un velouté., Décongeler les noix une demi journée au réfrigérateur en les disposant bien espacées dans une assiette., 100% de Saint-Jacques avec corail (Argopecten purpuratus) élevées au Pérou, Valeur énergétique en Joules :  409kj, Valeur énergétique en Kcal : 96kcal, Glucides : 4,3g, Lipides : 0,8g, Protides :18g, 24h dans un réfrigérateur. 3 jours dans le compartiment à glace d'un réfrigérateur. Plusieurs mois dans le compartiment à -18°C. d'un réfrigérateur*** ou dans un congélateur jusqu'à la date limite d'utilisation optimale. Ne jamais recongeler un produit décongelé.]|"
24,48€ / Kg"|"
9,79 €"
2312|Noix de Saint Jacques, sans corail, calibre moyen|Le sachet de 400g|[Origine : CANADA, Monoprix vous propose une gamme de noix de Saint jacques bien blanches et délicatement parfumées., A déguster poêlées, flambées, marinées (en carpaccio) ou en papillotes. Attention: ne jamais recongeler un produit décongelé., 100% noix de saint jacques sans corail (Placopecten magellanicus) pêchées en Atlantique Nord-Ouest. Origine: Canda., Valeur énergétique en Joules :  300Kj, Valeur énergétique en Kcal : 71kcal, Glucides : traces, Lipides : 0,3g, Protides :17g, *24 heures dans un réfrigérateur. ** 3 jours dans le compartiment à glace d'un réfrigérateur.. *** plusieurs mois dans le compartiment à -18°C d'un réfrigérateur *** ou dans un congélateur jusqu'à ladate limite d'utilisation optimale.]|"
41,08€ / Kg"|"
16,43 €"
2313|Noix St Jacques sans corail, origine Argentine|Le sachet de 300g|[Origine : FRANCE]|"
31,77€ / Kg"|"
9,53 €"
2316|Petits gratins de Saint-Jacques à la bretonne, surgelés|La barquette de 300g|[Origine : FRANCE, Barquettes individuelles micro-ondables. Les noix de St-Jacques sont préparées avec une sauce cuisinée à base de champignons, de carottes et d'oignons rissolés avec une pointe de Vermouth.Versé dans une petite barquette et recouvert d'une fine couchede chapelure et d'emmental, le tout est doré au four comme au micro-ondes. Il n'y a plus qu'à réchauffer  et le tour est joué !, Au micro-ondes : sortez la barquette de l'étui et retirez lui son film protecteur. Placez la barquette encore surgelée dans votre four et couvrez d'une cloche. Réchauffez le temps indiqué en fonction de la puissance de votre four à micro-ondes : 1 barquette : 900W 4min, 750W 5min, 2 barquettes : 900W 6min, 750W 8 min. Prolongez le réchauffage de quelques minutes si nécessaire. Au four traditionnel : préchauffez votre four pendant 10min th 6 (180°C). Sortez la barquette de l'étui et retirez le film protecteur. Sans la décongeler, placez la barquette au four sur une grille à mi-hauteur. Laissez réchauffer pendant 25 à 30 minutes.**Bien respecter les temps et les températures de réchauffage. Ne pas utiliser sur la position grill., Eau, noix de Saint-Jacques 30% (Chlamys Opercularis Iles Féroé - Ecosse*, Argopecten Purpuratus Chili, Pérou*, Chlamys Nobilis Vietnam*, Zygochlamys Patagonica Argentine*), crème fraiche 9,8%, oignons 3%, champignons 3%, carottes 3%, amidon modifié,vermouth 2%, vin blanc 2% (sulfites), beurre, matières grasses végétales non hydrogénées, arômes (crustacés, poissons), fumet de poisson (cabillaud, eau, fibre de chicorée, sel, huile de tournesol, oignon en poudre, vin blanc, amide de maïs), chapelure 1% (farine de blé, sel, levure) emmental 1%, dextrose, lait entier en poudre, Brandy 0,6%, lactose, sel, ciboulette, persil, protéines de lait, épaississants : gommes guar et xanthane, poivre. Traces possibles de moutarde, oeuf, lupin, soja, céleri, arachide, fruits à coque., Valeur énergétique en Joules :  480kj, Valeur énergétique en Kcal : 115kcal, Glucides : 7,8g, Lipides : 6,2g, Protides :7,0g, **Réfrigérateur (casier à glaçon) : 3 à 4 jours. ***Compartiment -18°C d'un réfrigérateur : jusqu'à la date figurant sur l'emballage. ****Congélateur : jusqu'à la date figurant sur l'emballage. Ne jamais recongeler un produit décongelé.]|"
16,80€ / Kg"|"
5,04 €"
2317|Bâtonnets panés de colin d'Alaska, 100% filets, sans arêtes, surgelés|Les 15 bâtonnets, 450g|[Origine : ALLEMAGNE, Bâtonnets panés préfrits de colin d'Alaska surgelés sans arêtes., Sans décongélation. A la poêle : avec ou sans matière grasse, faites dorer à feu vif chaque côté de vos portions panées pendant 1 minute puis laissez cuire à feu doux pendant 5 à 6 minutes en les retournant de temps en temps. Au four : faites préchauffer votre four pendant 10 min th6/7 (environ 180°C). Déposez vos portions panées sur la plaque de votre four et laissez cuire 10 à 12 min. Malgré un soin tout particulier pour enlever toutes les arêtes, quelques unes peuvent subsister dans le produit. Nous vous invitons à vérifier les bouchées destinées aux enfants en bas âge., Filets de colin d'Alaska (Theragra chalcogramma) pêché dans l'Ocean Pacifique 65%, enrobage 35% (chapelure (farine de blé, eau, sel, levure, épices (curcuma, paprika)), eau, farine de blé, eau, amidon transformé de maïs, sel, farine de graines de caroube, huile de tournesol., Valeur énergétique en Joules :  728Kj, Valeur énergétique en Kcal : 174kcal, Glucides : 14g, Lipides : 7,5g, Protides :12g, 24h dans un réfrigérateur, 3 jours dans le compartiment à glace d'un réfrigérateur, plusieurs mois à -18°C au congélateur. Ne jamais recongeler un produit décongelé.]|"
5,27€ / Kg"|"
2,37 €"
2318|Coeurs de filet de merlu blanc du Cap, sans arêtes, surgelés|La barquette de 400g|[Origine : AFRIQUE, Coeurs de filets de Merlu Blanc du Cap surgelés, sans arêtes., A la poêle : dans un mélange de beurre et d'huile, faites dorer à feu vif pendant 1 min sur chaque face, les filets encore surgelés, puis 4 min à feu moyen par face. Au micro-ondes : déposez les filets encore gelés dans un plat et laissez cuire 6 minà puissance maximale. Au court bouillon : plongez les filets encore gelés dans un court bouillon froid. Portez à ébullition et laissez frémir 8 min environ. Au four : préchauffez le four à 200° (th6/7). Mettez les filets dans un plat. Laissez cuire15 à 20 min selon la taille des filets. Malgré un soin tout particulier pour enlever toutes les arêtes, quelques unes peuvent exceptionnellement se retrouver dans ce produit. Nous vous invitons à vérifier les bouchées destinées aux enfants en bas âge., Coeurs de filets de merlu blanc du Cap., Valeur énergétique en Joules :  319Kj, Valeur énergétique en Kcal : 75KCal, Glucides : 0,5g, Lipides : 1g, Protides :16g, 24h dans un réfrigérateur, 3 jours dans le compartiment à glace d'un réfrigérateur, plusieurs mois dans un congélateur. Ne jamais recongeler un produit décongelé.]|"
12,33€ / Kg"|"
4,93 €"
2319|Coeurs de filet de merlu blanc du Cap, sans arêtes, surgelés|La barquette de 400g|[Origine : AFRIQUE, Coeurs de filets de Merlu Blanc du Cap surgelés, sans arêtes., A la poêle : dans un mélange de beurre et d'huile, faites dorer à feu vif pendant 1 min sur chaque face, les filets encore surgelés, puis 4 min à feu moyen par face. Au micro-ondes : déposez les filets encore gelés dans un plat et laissez cuire 6 minà puissance maximale. Au court bouillon : plongez les filets encore gelés dans un court bouillon froid. Portez à ébullition et laissez frémir 8 min environ. Au four : préchauffez le four à 200° (th6/7). Mettez les filets dans un plat. Laissez cuire15 à 20 min selon la taille des filets. Malgré un soin tout particulier pour enlever toutes les arêtes, quelques unes peuvent exceptionnellement se retrouver dans ce produit. Nous vous invitons à vérifier les bouchées destinées aux enfants en bas âge., Coeurs de filets de merlu blanc du Cap., Valeur énergétique en Joules :  319Kj, Valeur énergétique en Kcal : 75KCal, Glucides : 0,5g, Lipides : 1g, Protides :16g, 24h dans un réfrigérateur, 3 jours dans le compartiment à glace d'un réfrigérateur, plusieurs mois dans un congélateur. Ne jamais recongeler un produit décongelé.]|"
12,33€ / Kg"|"
4,93 €"
2320|Coeurs de filet de saumon, sans arêtes, surgelés|La barquette de 300g|[Origine : ROYAUME UNI, Pavés de saumon atlantique (Salmo salar) surgelés, sans arêtes., Atlantique, A la poêle : retirez les coeurs de filet de saumon de leur sachet. Placez les encore surgelés dans une poêle dans laquelle vous aurez préalablement fait fondre du beurre ou chauffer un peu d'huile. Faites dorer chaque face 4 à 5 min. Salez, poivrez et servez. Au micro-ondes : retirez les coeurs de filet de saumon de leur sachet et mettez les dans un plat adapté au micro-ondes. Laissez cuire à puissance max 3 min environ (5 min environ pour 2 pavés). Au court bouillon : retirez les coeurs de filet de saumon de leur sachet. Placez les encore surgelés dans un court bouillon, portez à ébullition et laissez cuire dans une eau frémissante pendant 11 à 13 minutes. Egouttez et servez. En papillote au four traditionnel : retirez les coeurs de filetde saumon de leur sachet et placez les dans une feuille de papier aluminium afin de former une papillote. Préchauffez votre four à th6/7 (180°C) pendant 10 min. Placez les papillotes dans votre four et laissez cuire 13 à 15 min. Salez, poivrez et servez. Nature au bain-marie : plongez les sachets dans une casserole d'eau frémissante et laissez cuire 12 à 14 min. Retirez les sachets de l'eau et ouvrez les avec une paire de ciseaux. Sortez les coeurs de filet de saumon de leur sachet. Salez, poivrez et servez. Qualité sans arêtes. Malgré les contrôles effectués sur nos poissons, il peut arriver qu'exceptionnellement un fragment d'arête subsiste dans nos produits. Nous vous invitons à vérifier les bouchées destinées aux enfants en bas âge., Saumon Atlantique., Valeur énergétique en Joules :  969kj, Valeur énergétique en Kcal : 233kcal, Glucides : 0g, Lipides : 17g, Protides :20g, 24h dans un réfrigérateur, 3 jours dans le compartiment à glace d'un réfrigérateur, plusieurs mois dans le compartiment à -18°C d'un réfrigérateur*** ou dans un congélateur. Ne jamais recongeler un produit décongelé.]|"
18,90€ / Kg"|"
5,67 €"
2321|Coeurs de filets de cabillaud, sans arêtes, surgelés|La barquette de 300g|[Origine : CHINE, Retirez le coeur de filet de cabillaud de son sachet. Au court-bouillon : mettez les coeurs de filets encore surgelés dans un court-bouillon. Portez à ébullition et laissez frémir 9 à 12 minutes. Egouttez. A la poêle : salez, poivrez et farinez les coeurs de filets encore surgelés. Faites chauffer un peu de matière grasse dans une poêle. Faites dorer les coeurs de filets 4 à 5 minutes sur chaque face. Le 'petit truc' des grands chefs. Parsemez vos coeurs de filets de cabillaud poêlés de gros selde Guérande. Au four à micro ondes : salez et poivrez les coeurs de filet encore surgelés. Mettez-les dans un récipient adapté. Couvrez et laissez cuire à puissance maximum, environ 3 minutes pour 1 filet, 5 minutes pour 2 filets, pour un four ayantune puissance restituée de 750W. Au four : en papillote. Mettez les filets dans un papier aluminium afin de former une papillote. Préchauffez votre four pendant 10 minutes (Th.6 - 180°C). Placez les papillotes dans votre four et laissez cuire 10 à 12 minutes. Assaisonnez.  Court-bouillon. Poêle. Micro-ondes. Four., 100% filets de Cabillaud (Gadus morhua morhua) péché dans l'Océan Atlantique Nord-Est., Valeur énergétique en Joules :  325Kj, Valeur énergétique en Kcal : 77Kc, Glucides : 0g, Lipides : 0.5g, Protides :18g, *24 heures dans un réfrigérateur. **3 jours dans le compartiment à glace d'un réfrigérateur. ***Plusieurs mois dans le compartiment à -18°C d'un réfrigérateur*** ou dans un congélateur jusqu'à la datelimite d'utilisation optimale.]|"
15,67€ / Kg"|"
4,70 €"
2322|Croquettes panées de poisson, à l'ail et fines herbes, surgelées|La barquette de 300g|[Origine : ALLEMAGNE, Sans décongélation préalable. A la poêle : faites chauffer un peu d'huile et une noisette de beurre puis déposez les croquettes panées. Laissez dorer à feu doux 6 à 8 minutes en les retournant de temps à autre. A la friteuse : plongez les croquettespanées dans l'huile préalablement chauffée à 180°C. Laissez cuire pendant 6 à 8 minutes environ., Chair de poissons blancs 51%, eau, farine de blé, flocons de pomme de terre, ail 2,7% (ail, acidifiant : acide citrique), huile de tournesol, fines herbes 1,8% (persil et ciboulette), farine de pois, sel, amidon transformé de maïs, levure, épices (curcuma et paprika), épaississant : farine de graines de caroube., Valeur énergétique en Joules :  762Kj, Valeur énergétique en Kcal : 181kcal, Glucides : 25g, Lipides : 3,5g, Protides :11g, 24h dans un réfrigérateur, 3 jours dans le compartiment à glace d'un réfrigérateur, plusieurs mois à -18°C au congélateur. Ne jamais recongeler un produit décongelé.]|"
7,90€ / Kg"|"
2,37 €"
2323|Dos de Cabillaud, pêché en Océan Pacifique, sans arêtes, congelés|Le sachet de 600g|[Origine : CHINE, 100% dos de cabillaud pêché en Océan Pacifique, Valeur énergétique en Joules :  332Kj, Valeur énergétique en Kcal : 78Kcal, Glucides : 0g, Lipides : 0,7g, Protides :18g]|"
13,62€ / Kg"|"
8,17 €"
2324|Filets de colin d'Alaska, grillés à l'huile d'olive et aromates|Les 2 filets, 240g|[Origine : FRANCE, Sans décongélation préalable, sans ajout de matière grasse et après avoir retiré l'emballage plastique. Four traditionnel : préchauffez votre four (th.6 - 180°C) puis faites cuire vos filets de colin 20 à 25 minutes. Four à micro-ondes : pour un filet comptez 3 minutes à 3 minutes 30 (pour 2 filets : 6 minutes à 6 minutes 30) pour un four ayant une puissance restituée de 750 Watts.  Four. Micro-ondes., Filets de lieu de l'Alaska 90% (Theragra chalcogramma, origine : Océan Pacifique), matières grasses de tournesol et de palmiste, huile d'olive vierge extra 2.1%, aromates 1.5% (basilic, ail, romarin, échalote, herbes de Provence, oignon), maltodextrine de pomme de terre, sel, arômes, amidon modifié de pomme de terre, protéines de lait, dextrose de blé, poisson déshydraté, acidifiant : E330, matière grasse hydrogénée de coco, sirop de glucose de blé, émulsifiant : E472b, poivre. Présence possiblede gluten de blé., Valeur énergétique en Joules :  491Kj, Valeur énergétique en Kcal : 117Kc, Glucides : 0.8g, Lipides : 6g, Protides :15g, *24 heures dans un réfrigérateur. **3 jours dans le compartiment à glace d'un réfrigérateur. ***Plusieurs mois dans le compartiment à -18°C d'un réfrigérateur*** ou dans un congélateur jusqu'à la datelimite d'utilisation optimale.]|"
12,83€ / Kg"|"
3,08 €"
2325|Filets de colin d'Alaska, grillés à la provençale|Les 2 filets, 240g|[Origine : FRANCE, Sans décongélation préalable, sans ajout de matière grasse et après avoir retiré l'emballage plastique. Four traditionnel : préchauffez votre four (th.6 - 180°C) puis faites cuire vos filets de colin 20 à 25 minutes. Four à micro-ondes : pour un filet comptez 3 minutes à 3 minutes 30 (pour 2 filets : 6 minutes à 6 minutes 30) pour un four ayant une puissance restituée de 750 Watts.  Four. Micro-ondes., Filets de lieu de l'Alaska 90% (Theragra chalcogramma, origine : Océan Pacifique), coulis de tomate 2,1% (tomates 1,9%, huile de tournesol, oignon, sucre, sel, basilic), maltodextrine de pomme de terre, huiles de palme et de tournesol, huile d'olivevierge extra 0,6%, basilic 0,6%, tomates séchées broyées marinées 0,4% (tomates séchées 0,2%, huile de tournesol, huile d'olive vierge extra, vinaigre de Xérès, aromates, sel, acidifiant : E330), arômes (céleri, lactose), sel, fumet de poisson aromatisé (arôme (lactose), maltodextrine de pomme de terre, fécule de pomme de terre, épices & aromates (dont céleri), poisson déshydraté, acidifiant : E330 (blé)), amidon transformé de pomme de terre, gélifiant : E407a., Valeur énergétique en Joules :  388Kj, Valeur énergétique en Kcal : 92Kc, Glucides : 2.9g, Lipides : 1.8g, Protides :16g, *24 heures dans un réfrigérateur. **3 jours dans le compartiment à glace d'un réfrigérateur. ***Plusieurs mois dans le compartiment à -18°C d'un réfrigérateur*** ou dans un congélateur jusqu'à la datelimite d'utilisation optimale.]|"
12,83€ / Kg"|"
3,08 €"
2326|Filets de colin d'Alaska, grillés en persillage|Les 2 filets, 240g|[Origine : FRANCE, Sans décongélation préalable, sans ajout de matière grasse et après avoir retiré l'emballage plastique. Four traditionnel : préchauffez votre four (th.6 - 180°C) puis faites cuire vos filets de colin 15 à 18 minutes. Four à micro-ondes : pour un filet comptez 3 minutes à 3 minutes 30 (pour 2 filets : 6 minutes à 6 minutes 30) pour un four ayant une puissance restituée de 750 watts.  Four. Micro-ondes., Filets de lieu de l'Alaska 83% (Theragra chalcogramma, origine : Océan Pacifique), matières grasses de tournesol et de palmiste, huiles de palme et de tournesol, aromates 1% (basilic, ail 0.2%, persil 0.17%, origan, romarin, thym), huile d'olive vierge extra, fond de volaille aromatisé (arômes naturels (lait), sel, épice et aromate, graisse et viande de volaille, sucre), sel, arôme. Présence possible de gluten de blé., Valeur énergétique en Joules :  621Kj, Valeur énergétique en Kcal : 149Kc, Glucides : 1.7g, Lipides : 9.1g, Protides :15g, *24 heures dans un réfrigérateur. ** 3 jours dans le compartiment à glace d'un réfrigérateur. *** Plusieurs mois dans le compartiment à -18°C d'un réfrigérateur*** ou dans un congélateur jusqu'à la date limite d'utilisation optimale.]|"
12,83€ / Kg"|"
3,08 €"
2327|Filets de colin d'Alaska, pêché en Océan Pacifique, sans arêtes, surgelés|La barquette de 600g|[Origine : ETATS-UNIS AMERIQUE, Filets de colin d'Alaska (Theragra chalcogramma) pêché en Océan Pacifiqe, sans arête, surgelés. Monoprix vous propose une large gamme de filets de poisson nature, à cuisiner selon votre goût., Cuisson sans décongélation : au four traditionnel préchauffé à 210°C (Th. 7) : sur une grille à mi-hauteur, faites-les cuire 10 à 15min. environ. Au four à micro-ondes (900W) : déposez les filets dans un plat adapté et couvrez-les. Faites-les cuire àpuissance maximale : 1 à 2 minutes pour 1 filet, 3 à 4  minutes pour 2 filets. Au court-bouillon : portez à ébullition une casserole d'eau et faites cuire les filets de colin d'Alaska 4 à 6 minutes dans une eau frémissante. Décongélation : sur une assiette, pendant plusieurs heures au réfrigérateur puis utilisez-les comme un produit frais., 100% filets de colin d'Alaska (Theragra chalcogramma) pêché en Océan Pacifique., Valeur énergétique en Joules :  289Kj, Valeur énergétique en Kcal : 68Kcal, Glucides : 1,3g, Lipides : <0,1g, Protides :15,5g, *24 heures dans un réfrigérateur. **3 jours dans le compartiment à glace d'un réfrigérateur. ***Plusieurs mois dans le compartiment à -18°C d'un réfrigérateur*** ou dans un congélateur jusqu'à la datelimite d'utilisation optimale. Attention : ne jamais recongeler un produit décongelé.]|"
9,88€ / Kg"|"
5,93 €"
2328|Filets de dorade- sébaste pêchée en Océan Atlantique Nord- Est, surgelés|Le sachet de 600g|[Origine : FRANCE, 100% filets de dorade-sébaste (Sebastes marinus ou Sebastes mentella) pêchée en Océan Atlantique Nord-Est,Présence possible de mollusques et crustacés., Valeur énergétique en Joules :  348kj, Valeur énergétique en Kcal : 82kcal, Glucides : 0,1g, Lipides : 0,3g, Protides :17,1g]|"
11,83€ / Kg"|"
7,10 €"
2329|Filets meunière préfrits de colin d'Alaska, surgelés|Les 4 filets, 400g|[Origine : FRANCE, Sans décongélation préalable, sans ajout de matière grasse. A la poêle : faites cuire vos filets 10 à 12 minutes à feu moyen. Retournez-les à mi-cuisson. Au four traditionnel : préchauffez votre four (th7-210°C) puis faites cuire 12 à 15 minutes., Filets de colin d'Alaska 80% (Theragra chalcogramma). Enrobage 20% : farine de blé, huiles végétales (tournesol, colza), eau, amidon transformé de blé, sel, arômes, sucre, épaississants : gomme guar, gomme xanthane, méthylcellulose, lactose et protéines de lait, dextrose, poudres à lever : diphosphate disodique, carbonate acide de sodium, amidon transformé de tapioca, persil. Traces d'oeuf., Valeur énergétique en Joules :  701Kj, Valeur énergétique en Kcal : 167kcal, Glucides : 10g, Lipides : 8,2g, Protides :13g, *24 heures dans un réfrigérateur. **3 jours dans le compartiment à glace d'un réfrigérateur. ***Plusieurs mois dans le compartiment à -18°C d'un réfrigérateur*** . Ne jamais recongeler un produit décongelé.]|"
12,50€ / Kg"|"
5,00 €"
2330|Hachés de colin d'Alaska, persil et ciboulette|La boite de 4 pièces, 400g|[Origine : FRANCE, Préparation à base de filets de colin d'Alaska qualité sans arête, persil et ciboulette, surgelée., Pacifique, A la poêle : faire fondre une noix de beurre et cuire les portions 9 min à feu moyen en les retournant régulièrement. L'utilisation du four à micro-ondes est déconseillée pour la cuisson de ce produit. Malgré toute l'attention apportée à la préparation de ce haché de poisson, une arête peut exceptionnellement se retrouver dans le produit., Filets de Colin d'Alaska (Theragra chalcogramma) qualité sans arête pêché en Océan Pacifique 84%, huiles végétales (tournesol, tournesol oléique), farine de blé, persil 1%, sel, ciboulette 0,4%, oignon. Traces de crustacés, mollusques, lait, oeufs etsoja., Valeur énergétique en Joules :  539kj, Valeur énergétique en Kcal : 129kcal, Glucides : 3,1g, Lipides : 6,7g, Protides :14g, 24 heures dans un réfrigérateur, 3 jours dans le compartiment à glace d'un réfrigérateur, plusieurs mois dans le compartiment à -18°C d'un réfrigérateur*** ou dans un congélateur. Ne jamais recongelerun produit décongelé.]|"
10,28€ / Kg"|"
4,11 €"
2331|Steaks de thon albacore nature sans arêtes, surgelés|Les 2 steaks, 250g|[Origine : PAYS-BAS, Monoprix vous propose des steaks de thon nature à la chair ferme et dense. Il sont surgelés en mer et emballés sous vide en sachets individuels afin de préserver toute la fraîcheur du poisson. Les thons sont issus d'une pêche sélective à la traîne (ligne à laquelle sont accrochés des hameçons)., Sans décongélation préalable. A la poêle : retirez les steaks de leur sachet. Placez-les encore surgelés dans une poêle avec un peu de matières grasses. Faites dorer chaque face 4 à 5 minutes. Assaisonnez à votre convenance et servez. Au bain-marie :plongez les steaks dans une casserole d'eau frémissante et laissez-les cuire 10 à 12 minutes. Retirez les sachets de l'eau et sortez les steaks de leur sachet. Assaisonnez à votre convenance et servez. Au four traditionnel : préchauffez votre four pendant 10 minutes (180°C, th6). Retirez les steaks de leur sachet. Placez-les dans une feuille de papier aluminium ou papier cuisson pour former une papillote dans votre four à mi-hauteur et laissez cuire 10 à 12 minutes. Assaisonnez à votre convenance et servez. Malgré un soin tout particulier pour enlever toutes les arêtes, quelques-unes peuvent exceptionnellement se retrouver dans ce produit. Nous vous invitons à vérifier les bouchées destinées aux enfants en bas-âge., 100% thon albacore., Valeur énergétique en Joules :  436kj, Valeur énergétique en Kcal : 103kcal, Glucides : 0,1g, Lipides : 0,7g, Protides :24g, *24 heures dans un réfrigérateur. **3 jours dans le compartiment à glace d'un réfrigérateur. ***plusieurs mois dans le compartiment à -18°C d'un réfrigérateur *** ou dans un congélateur jusqu'à la date limite d'utilisation optimale. Attention : ne jamais recongeler un produit décongelé.]|"
18,96€ / Kg"|"
4,74 €"
2332|Tranches de filet de cabillaud|Les 4 tranches, 400g|[Origine : FRANCE, Tranches nature de filets de cabillaud surgelées., Atlantique, Sans décongélation préalable. A la poêle : retirez les tranches du film avant cuisson. Salez, poivrez et farinez les tranches. Faites fondre une noix de beurre dans un peu d'huile et faites cuire les tranches 6 à 8 minutes à feu doux de chaque côté.Servez les telles quelles avec un quartier de citron ou un légume de votre choix. Au micro-ondes : salez, poivrez et déposez les tranches encore surgelées dans un plat adapté au four micro-ondes. Couvrez et laissez cuire à puissance maximale 3 à 4 minutes pour une tranche, 5 à 6 minutes pour 2 tranches, 8 à 10 minutes pour 4 tranches. Au court bouillon : retirez les tranches du film avant cuisson. Placez les tranches dans un court bouillon froid. Portez à ébullition et laissez frémir 10 à 15 minutes. Egouttez. Malgré un soin tout particulier pour enlever toutes les arêtes, quelques uns peuvent exceptionnellement se retrouver dans ce produit. Nous vous invitons à vérifier les bouchées destinées aux enfants en bas âge., 100% filets de cabillaud (Gadus morhua, pêché en Atlantique Nord Est (A) ou Gadus macrocephalus pêché dans l'Océan Pacifique (B)). Voir les lettres indiquées au niveau du N° de lot., Valeur énergétique en Joules :  345Kj, Valeur énergétique en Kcal : 81Kcal, Glucides : 0g, Lipides : 0,6g, Protides :19g, 24 heures dans un réfrigérateur. 3 jours dans le compartiment à glace du réfrigérateur. Plusieurs mois dans le compartiment à -18°C d'un réfrigérateur*** ou dans un congélateur jusqu'à la date limited'utilisation optimale. Ne jamais recongeler un produit décongelé.]|"
12,50€ / Kg"|"
5,00 €"
2333|Tranches de filets de colin d'Alaska, sans arêtes, surgelée|Les 2 filets, 200g|[Origine : FRANCE, Pour votre forme, Monoprix vous propose une gamme de poissons nature et panés. Le sachet fraîcheur garantit au poisson toute sa finesse et une meilleure conservation., Préparation : sans décongélation préalable. A la poêle : faites chauffer un peu d'huile agrémentée d'une noisette de beurre et faites cuire les tranches à feu doux 6 à 8 minutes environ en prenant soin de les retourner de temps à autre. Au court-bouillon : portez le court-bouillon à ébullition, ajoutez un bouquet garni et un trait d'huile. Plongez les tranches 10 à 15 minutes à partir de la reprise du frémissement. Egouttez. Servez les tranches accompagnées de beurre fondu, de crème fraîche, ouarrosées d'un filet de citron. Au four à micro ondes : retirez les tranches des sachets avant cuisson. Déposez les tranches dans un plat non métallique. Salez, poivrez, sans ajouter de matière grasse, couvrez et laissez cuire à puissance maximale 4 à5 minutes environ par portion.  Poêle. Court-bouillon. Micro-ondes., 100% filets de colin d'Alaska (Theragra chalcogramma) péché en Océan Pacifique., Valeur énergétique en Joules :  322Kj, Valeur énergétique en Kcal : 76Kc, Glucides : 0g, Lipides : 0.9g, Protides :17g, *24 heures dans un réfrigérateur. **3 jours dans le compartiment à glace du réfrigérateur. ***Plusieurs mois dans le compartiment à -18°C d'un congélateur, dans la limite du délai optimal de conservation.]|"
11,30€ / Kg"|"
2,26 €"
2334|Tranches de filets de colin d'Alaska, sans arêtes, surgelées|Les 4 tranches, 400g|[Origine : FRANCE, Pour votre forme, Monoprix vous propose une gamme de poissons nature et panés. Le sachet fraîcheur garantit au poisson toute sa finesse et une meilleure conservation., Préparation : sans décongélation préalable. A la poêle : faîtes chauffer un peu d'huile agrémentée d'une noisette de beurre et faites cuire les tranches à feu doux 6 à 8 minutes environ en prenant soin de les retourner de temps à autre. Au court-bouillon : portez le court-bouillon à ébullition, ajoutez un bouquet garni et un trait d'huile. Plongez les tranches 10 à 15 minutes à partir de la reprise du frémissement. Egouttez. Servez les tranches accompagnées de beurre, de crème fraîche, ou arrosées d'un filet de citron. Au four à micro-ondes : déposez les tranches dans un plat non métallique. Salez, poivrez, sans ajouter de matière grasse, couvrez et laissez cuire à puissance maximale 4 à 5 minutes environ par portion., 100% filets de colin d'Alaska (Theragra chalcogramma) pêché en océan Pacifique., Valeur énergétique en Joules :  322Kj, Valeur énergétique en Kcal : 76KCal, Glucides : 0g, Lipides : 0,9g, Protides :17g, *24 heures dans un réfrigérateur **3 jours dans le compartiment à glace du réfrigérateur. ***Plusieurs mois dans le compartiment à -18°C d'un congélateur, dans la limite du délai optimal de conservation.]|"
8,23€ / Kg"|"
3,29 €"
2335|Tranches panées de cabillaud|Les 8 tranches, 400g|[Origine : ALLEMAGNE, Tranches panées préfrites de cabillaud surgelées sans arêtes., Sans décongélation préalable. A la poêle : avec ou sans matière grasse, faites dorer à feu vif chaque côté de vos portions panées pendant 1 minute puis laissez les cuire à feu doux pendant 4 à 5 minutes en les retournant de temps en temps. Au four :faites préchauffer votre four pendant 10 minutes à 250°C. Déposez vos portions panées sur la plaque de votre four et laissez cuire 15 à 20 minutes Malgré un soin tout particulier pour enlever toutes les arêtes, quelques unes peuvent exceptionnellement se retrouver dans ce produit. Nous vous invitons à vérifier les bouchées destinées aux enfants en bas âge., Filets de cabillaud 70%, farine de blé, huile de tournesol, eau, amidon de pomme de terre, sel, levure, extrait de malt d'orge, épices (poivre, paprika, curcuma)., Valeur énergétique en Joules :  705Kj, Valeur énergétique en Kcal : 168Kcal, Glucides : 14g, Lipides : 6,8g, Protides :12g, 24 heures dans un réfrigérateur. 3 jours dans le compartiment à glace du réfrigérateur. Plusieurs mois dans le compartiment à -18°C d'un réfrigérateur*** ou dans un congélateur jusqu'à la date limited'utilisation optimale. Ne jamais recongeler un produit décongelé.]|"
9,50€ / Kg"|"
3,80 €"
2336|Tranches panées de colin d'Alaska, préfrites sans arête, surgelées|Le paquet de 8 tranches, 400g|[Origine : ALLEMAGNE, Pour votre forme, Monoprix vous propose une gamme de poissons natures et panés qualité sans arête., Sans décongélation au préalable. A la poêle (avec ou sans ajout de matière grasse) : faites dorer à feu vif chaque côté de vos portions panées pendant 1 minute puis laissez-les cuire à feu doux pendant 5 à 6 minutes, en les retournant régulièrement.Au four traditionnel : préchauffez votre four à 210°C (th.7) pendant 10 minutes. Déposez vos portions panées dans un plat adapté et laissez-les cuire 15 à 16 minutes., Filet de colin d'Alaska (Theragra chalcogramma) 72%, panure 28% (farine de blé, huile de colza, eau, amidon de pomme de terre, sel, gluten de blé, amidon transformé de maïs, levure, épices : curcuma, paprika, poudres à lever : E450, E500)., Valeur énergétique en Joules :  788kj, Valeur énergétique en Kcal : 188kcal, Glucides : 13g, Lipides : 9g, Protides :13g, *24 heures dans un réfrigérateur. **3 jours dans le compartiment à glace d'un réfrigérateur. ***Plusieurs mois dans le compartiment à -18°C d'un réfrigérateur *** ou dans un congélateur jusqu'à la date limite d'utilisation optimale. Attention : ne jamais recongeler un produit décongelé.]|"
6,68€ / Kg"|"
2,67 €"
2337|4 filets panes de Colin lieu|La boite de 400g|[Origine : FRANCE, Nos filets panés sont préfrits à l'huile de colza, une huile naturellement riche en oméga 3, acide gras essentiel au bon fonctionnement du système cardiovasculaire., A la poêle (recommandé par Findus) sans ajouter de matière grasse : faites cuire les filets panés dans une poêle chaude 14 min à feu moyen. Retournez de temps en temps. Au four : préchauffez à 220°C. Placez les filets panés sur une plaque au milieu de votre four. Laissez cuire 16 min. Retournez à mi cuisson. Les temps de cuisson sont des moyennes pour du poisson pané encore surgelé et peuvent varier selon les appareils. Bien qu'un soin tout particulier ait été pris pour enlever toutes les arêtes, quelques unes peuvent exceptionnellement se trouver dans ce produit., Filets de Colin (lieu) sans arêtes 65%. Panure 35% : farine de blé 16%, huiles végétales (colza 9%, coprah), eau, amidon, levure, sel, épices, arôme naturel). Teneur en sel 0,6% Cuisiné sans colorant, sans conservateur, sans huile de palme., Valeur énergétique en Joules :  880kj, Valeur énergétique en Kcal : 210kcal, Glucides : 14g, Lipides : 11g, Protides :14g, 24h dans un réfrigérateur, 3 jours dans le compartiment à glace d'un réfrigérateur, plusieurs mois à -18°C dans un congélateur. Ne pas recongeler un produit décongelé.]|"
15,08€ / Kg"|"
6,03 €"
2338|4 panes de colin, 100% filet|La boite de 204g|[Origine : FRANCE, Nos tranches panées contiennent désormais 6,5% de MG, juste ce qu'il faut pour vous permettre de les cuire sans ajouter d'huile dans votre poêle et sans éclaboussure., A la poêle : notre recommandation pour une Cuisson Equilibre. Sans ajouter de matière grasse, faites cuire les panés dans une poêle chaude 7 min à feu doux. Retournez à mi-cuisson. Au four : préchauffez à 200°C. Placez les panés sur une plaque et laissez cuire 10 min. Retournez à mi-cuisson. Les temps de cuisson sont des moyennes pour du poisson pané encore surgelé et peuvent varier selon les appareils. Bien qu'un soin tout particulier ait été pris pour enlever toutes les arêtes, quelques-unes peuvent exceptionnellement se trouver dans ce produit., Filets de Colin (lieu)* ou de Colin d'Alaska* 63,2%. Panure 36,8% : farine de blé 16%, eau, huile de colza 6%, amidons, amidon transformé, levure, sel, épices. Teneur en sel : 0,6%. *Reportez-vous aux lettres du numéro de lot pour savoir avec quel poisson sont préparés vos panés : SAI : Colin (lieu) (Pollachius virens) pêché en Atlantique Nord-est. AP : Colin d'Alaska (Theragra chalcogramma) pêché dans l'Océan Pacifique Nord., Valeur énergétique en Joules :  720kj, Valeur énergétique en Kcal : 170kcal, Glucides : 16g, Lipides : 6,5g, Protides :12g, 24 heures dans un réfrigérateur. 3 jours dans le compartiment à glace d'un réfrigérateur. Plusieurs mois dans le compartiment à -18°C d'un réfrigérateur 3*** ou dans un congélateur. Ne pas recongelerce produit après décongélation.]|"
16,62€ / Kg"|"
3,39 €"
2339|Croustibat, 18 batonnets|La boite de 550g|[Origine : FRANCE, Findus met tout en oeuvre pour vous proposer des produits conciliant goût et qualité nutritionnelle. Nos poissons panés sont préparés avec de l'huile de colza.Avec 8,5% de matière grasse, ces poissons panés contiennent juste ce qu'il faut pour vous permettre de les cuire sans ajouter d'huile dans votre poêle et sans éclaboussure. Une fois cuisinés, les bâtonnets Croustibat sont bien croustillants et dorés !, A la poêle (notre recommandation pour une Cuisson Equilibre) : sans ajouter de matière grasse, faites cuire les bâtonnets dans une poêle chaude 7 min à feu moyen. Retournez de temps en temps lors de la cuisson. Au four : préchauffez à 200°C. Placez les bâtonnets sur une plaque et laissez cuire 9 min. Retournez à mi-cuisson., Chair hachée de poisson blanc** 60%, panure 40% (farine de blé 19%, eau, huiles végétales (colza 6,8%, coprah), amidon, levure, sel, épices, arôme naturel). Teneur en sel : 0,9%. **Reportez-vous aux lettres du numéro de lot sur le rabat latéral poursavoir avec quel poisson sont préparés vos bâtonnets : MER : Merlu blanc (Merluccius productus) pêché dans l'Océan Pacifique Nord-Est. AP : Colin d'Alaska (Theragra chalcogramma) pêché dans l'Océan Pacifique Nord., Valeur énergétique en Joules :  800Kj, Valeur énergétique en Kcal : 190Kcal, Glucides : 17g, Lipides : 8,5g, Protides :12g, 24 h dans un réfrigérateur. 3 jours dans le compartiment à glace d'un réfrigérateur. Plusieurs mois dans le compartiment à -18°C d'un réfrigérateur 3 étoiles ou dans un congélateur, et ce, jusqu'à ladate indiquée sur la boîte. Ne pas le recongeler ce produit après décongélation.]|"
8,27€ / Kg"|"
4,55 €"
2340|Dos de cabillaud|La boîte de 4, 440g|[Origine : FRANCE]|"
21,05€ / Kg"|"
9,26 €"
2341|Filet de Cabillaud, pêché au large de la Norvège, surgelés|L'étui de 4, 400g|[Origine : FRANCE, Chez Findus, nous nous imposons des règles exigeantes pour participer à la préservation du poisson pour les générations futures. Nous nous efforçons de respecter 10 principes pour approvisionner tout notre poisson, qu'il soit sauvage ou d'élevage, etpour promouvoir le respect des ressources marines., Findus recommande le micro-ondes pour une Cuisson Equilibre. Pour une Cuisson Gourmande, Findus recommande de cuire le poisson à la poêle après l'avoir décongelé. Au micro-ondes (750 W) : percez les sachets de quelques trous, disposez-les dans un plat adapté. Laissez cuire 2 min 30 à 3 min pour 1 sachet et 5 à 6 min pour 2 sachets. A la poêle : sans décongélation : ôtez les sachets. Faites cuire les filets dans un peu de matière grasse, à feu doux, pendant 6 à 7 minutes. Retournez à mi-cuisson.Après décongélation : ôtez les sachets. Tamponnez légèrement les filets avec du papier absorbant. Faites cuire les filets dans un peu de matière grasse, à feu doux, pendant 3 à 4 min. Retournez à mi-cuisson et arrosez régulièrement. Pour décongeler votre poisson, laissez-le 12h au réfrigérateur ou quelques minutes sous un filet d'eau froide. Au court-bouillon : nous vous recommandons un court-bouillon au vin blanc pour poissons et crustacés. Otez les sachets. Dans une casserole, versez 2 litresd'eau, ajoutez le court-bouillon et mélangez. Ajoutez les filets. Portez à ébullition puis baissez le feu et laissez frémir 3 à 4 min. Au four : préchauffez à 180°C. Otez les sachets et disposez les filets dans un plat. Arrosez d'un filet d'huile etd'un jus de citron, saupoudrez de fines herbes, enfournez à mi-hauteur et laissez cuire 12 à 13 min. Les temps de cuisson sont des moyennes et peuvent varier selon les appareils. Bien qu'un soin tout particulier ait été pris pour enlever toutes les a, Filet de Cabillaud (Gadus morhua) pêché dans l'océan Atlantique Nord-est., Valeur énergétique en Joules :  340kj, Valeur énergétique en Kcal : 80kcal, Glucides : 0g, Lipides : 0,7g, Protides :18g, 24 heures dans un réfrigérateur. 3 jours dans le compartiment à glace d'un réfrigérateur. Plusieurs mois dans le compartiment à -18°C d'un réfrigérateur 3*** ou dans un congélateur. Et ce, au moins jusqu'à la date indiquée sur le paquet. Ne pas recongeler ce produit après décongélation.]|"
19,55€ / Kg"|"
7,82 €"
2342|Filets de colin d'Alaska|Les 4 filets, 400g|[Origine : FRANCE]|"
10,96€ / Kg"|"
4,93 €"
2343|Filets de saumon roses|La barquette de 4, 400g|[Origine : FRANCE, Chez Findus, nous nous imposons des règles exigeantes pour participer à la préservation du poisson pour les générations futures.Nous nous efforçons de respecter 10 principes pour approvisionner tout notre poisson, qu'il soit sauvage ou d'élevage, etpour promouvoir le respect des ressources marines., Au micro-ondes (750W), recommandé par Findus : percer les sachets de quelques trous, disposez-les dans un plat adapté. Laissez cuire 2 à 2min30 pour 1 sachet et 4 à 5min pour 2 sachets. A la poêle : recommandé par Findus : ôtez les sachets. Faites cuire les filets dans un peu de matière grasse, à feu doux, pendant 8 à 9min. Retournez à mi-cuisson. Au four : préchauffez à 200°C. Otez les sachets et disposez les filets dans un plat. Arrosez d'un filet d'huile, d'un jus de citron et saupoudrez de fines herbes, enfournez à mi-hauteur et laissez cuire 14 à 16min. Au bain-marie : plongez les sachets dans l'eau bouillante et laissez cuire 7 à 8min à partir de la reprise du frémissement. Les temps de cuisson sont des moyennes pour du poisson encoresurgelé et peuvent varier selon les appareils. Vous pouvez aussi décongeler votre poisson 12 heures avant au réfrigérateur ou sous un filet d'eau froide pendant quelques minutes. Veillez alors à réduire les temps de cuisson. Bien qu'un soin tout particulier ait été pris pour enlever toutes les arêtes, quelques-unes peuvent exceptionnellement se trouver dans ce produit. Ne pas recongeler ce produit après décongélation., Portions de filets de Saumon rose du Pacifique (Oncorhynchus gorbuscha) pêché dans l'Océan Pacifique Nord., 24 heures dans un réfrigérateur. 3 jours dans le compartiment à glace d'un réfrigérateur. Plusieurs mois dans le compartiment à -18°C d'un réfrigérateur 3*** ou dans un congélateur. Et ce, au moins jusqu'à la date indiquée sur le paquet.]|"
19,58€ / Kg"|"
7,83 €"
2344|Filets de saumon sauvage|La boîte de 4, 440g|[Origine : FRANCE]|"
19,55€ / Kg"|"
8,60 €"
2345|Filets panés de cabillaud, préfrits, origine Alaska|Les 4 filets, 400g|[Origine : FRANCE, Chez Findus, nous nous imposons des règles exigeantes pour participer à la préservation du poisson pour les générations futures.Nous nous efforçons de respecter 10 principes pour approvisionner tout notre poisson, qu'il soit sauvage ou d'élevage, etpour promouvoir le respect des ressources marines., Pacifique, A la poêle : recommandé par Findus : sans ajouter de matière grasse, faites cuire les filets panés dans une poêle chaude 14min à feu moyen. Retournez de temps en temps. Au four : préchauffez à 220°C. Placez les filets panés sur une plaque au milieu de votre four. Laissez cuire 16min. Retournez à mi-cuisson. Les temps de cuisson sont des moyennes pour du poisson pané encore surgelé et peuvent varier selon les appareils. Bien qu'un soin tout particulier ait été pris pour enlever toutes les arêtes,quelques-unes peuvent exceptionnellement se trouver dans ce produit. Ne pas recongeler ce produit après décongélation., Filets de cabillaud 65%, panure 35% (farine de blé (16%), huiles végétales (colza 9%, coprah), eau, amidon, levure, sel, épices, arôme naturel). Teneur en sel : 0,5%., 24 h dans un réfrigérateur. 3 jours dans le compartiment à glace d'un réfrigérateur. Plusieurs mois dans le compartiment à -18°C d'un réfrigérateur 3*** ou dans un congélateur. Et ce, au moins jusqu'àla date indiquée sur le paquet.]|"
18,00€ / Kg"|"
7,20 €"
2346|Filets panés de cabillaud, préfrits, origine Alaska|Les 4 filets, 400g|[Origine : FRANCE, Chez Findus, nous nous imposons des règles exigeantes pour participer à la préservation du poisson pour les générations futures.Nous nous efforçons de respecter 10 principes pour approvisionner tout notre poisson, qu'il soit sauvage ou d'élevage, etpour promouvoir le respect des ressources marines., Pacifique, A la poêle : recommandé par Findus : sans ajouter de matière grasse, faites cuire les filets panés dans une poêle chaude 14min à feu moyen. Retournez de temps en temps. Au four : préchauffez à 220°C. Placez les filets panés sur une plaque au milieu de votre four. Laissez cuire 16min. Retournez à mi-cuisson. Les temps de cuisson sont des moyennes pour du poisson pané encore surgelé et peuvent varier selon les appareils. Bien qu'un soin tout particulier ait été pris pour enlever toutes les arêtes,quelques-unes peuvent exceptionnellement se trouver dans ce produit. Ne pas recongeler ce produit après décongélation., Filets de cabillaud 65%, panure 35% (farine de blé (16%), huiles végétales (colza 9%, coprah), eau, amidon, levure, sel, épices, arôme naturel). Teneur en sel : 0,5%., 24 h dans un réfrigérateur. 3 jours dans le compartiment à glace d'un réfrigérateur. Plusieurs mois dans le compartiment à -18°C d'un réfrigérateur 3*** ou dans un congélateur. Et ce, au moins jusqu'àla date indiquée sur le paquet.]|"
18,00€ / Kg"|"
7,20 €"
2347|Panées de Colin, Lieu ou d'Alaska 100% filet, surgelés|L'étui de 10, 510g|[Origine : FRANCE, Notre tranches panées contiennent désormais 6,5% de matière grasse, juste ce qu'il faut pour vous permettre de les cuire sans ajouter d'huile dans votre poêle et sans éclaboussure., A la poêle (recommandé par Findus) : sans ajouter de matière grasse, faites cuire les panés dans une poêle chaude 7 minutes à feu doux. Retournez à mi-cuisson. Au four : préchauffez à 200°C. Placez les panés sur une plaque et laissez cuire 10 minutes. Retournez à mi-cuisson. Les temps de cuisson sont des moyennes pour du poisson pané encore surgelé et peuvent varier selon les appareils. Bien qu'un soin tout particulier ait été pris pour enlever toutes les arêtes, quelques-unes peuvent exceptionnellement se trouver dans ce produit., Filets de Colin (lieu)* ou de Colin d'Alaska* 63,2%. Panure 36,8% : farine de blé 16%, eau, huile de colza 6%, amidons, amidon transformé, levure, sel, épices. Teneur en sel : 0,6%. *Reportez-vous aux lettres du numéro de lot pour savoir avec quel poisson sont préparés vos panés : SAI : Colin (lieu) (Pollachius virens) pêché en Atlantique Nord-est. AP : Colin d'Alaska (Theragra chalcogramma) pêché dans l'Océan Pacifique Nord., Valeur énergétique en Joules :  720kj, Valeur énergétique en Kcal : 170kcal, Glucides : 16g, Lipides : 6,5g, Protides :12g, 24 heures dans un réfrigérateur. 3 jours dans le compartiment à glace d'un réfrigérateur. Plusieurs mois dans le compartiment à -18°C d'un réfrigérateur 3*** ou dans un congélateur. Ne pas recongelerce produit après décongélation.]|"
9,02€ / Kg"|"
4,60 €"
2348|Panées de Colin, Lieu ou d'Alaska 100% filet, surgelés|L'étui de 20, 1020g|[Origine : COMM. ECON EUROPEENN, Findus met tout en oeuvre pour vous proposer des produits conciliant goût et qualité nutritionnelle.Nos tranches panées contiennent désormais 6,5% de matière grasse, juste ce qu'il faut pour vous permettre de les cuire sans ajouter d'huile dans votrepoêle et sans éclaboussure., A la poêle : pour une cuisson équilibre : sans ajouter de matière grasse, faites cuire les panés dans une poêle chaude 7 minutes à feu doux. Retournez à mi-cuisson. Au four : Préchauffez à 200°C. Placez les panés sur une plaque et laissez cuire 10 minutes. Retournez à mi-cuisson. Les temps de cuisson sont des moyennes pour du poisson pané encore surgelé et peuvent varier selon les appareils. Bien qu'un soin tout particulier ait été pris pour enlever toutes les arêtes, quelques-unes peuvent exceptionnellement se trouver dans ce produit. Ne pas recongeler ce produit après décongélation., Filets de Colin (lieu)* ou de Colin d'Alaska* 63,2%. Panure 36,8%: farine de blé 16%, eau, huile de colza 6%, amidons, amidon transformé, levure, sel, épices. Teneur en sel 0,6%: 0,6%., Valeur énergétique en Joules :  720kj, Valeur énergétique en Kcal : 170kcal, Glucides : 16g, Lipides : 6,5g, Protides :12g, 24 h dans un réfrigérateur. 3 jours dans le compartiment à glace d'un réfrigérateur. Plusieurs mois dans le compartiment à -18°C d'un réfrigérateur*** ou dans un congélateur, et ce, jusqu'à la date indiquée sur la boîte.]|"
7,82€ / Kg"|"
7,98 €"
2349|Panés de cabillaud 100% filet|L'étui de 4, 204g|[Origine : NORVEGE, Respect des ressources marines. Les filets sont prélevés et les arêtes ôtées avec le plus grand soin. Les filets sont, ensuite, placés dans de grands bacs puis surgelés ensemble.Dans notre usine de Boulogne Sur Mer, les grands blocs sont découpés enpetites portions. Celles-ci sont alors enrobées d'une chapelure ultra-croustillante à base de farine de blé., Sans ajouter de matière grasse. A la poêle (notre recommandation pour une Cuisson Equilibre) : faites cuire les panés dans une poêle chaude 7 min à feu doux. Retournez à mi-cuisson. Au four : préchauffez à 200°C. Placez les panés sur une plaque et laissez cuire 10 min. Retournez à mi-cuisson. Les temps de cuisson sont des moyennes pour du poisson pané encore surgelé et peuvent varier selon les appareils., Filets de cabillaud (Gadus morhua) 63,2%, panure 36,8% (farine de blé 16%, eau, huile de colza 6%, amidons, amidon transformé, levure, sel, épice). Teneur en sel : 0,6%. Sans arête., Valeur énergétique en Joules :  740Kj, Valeur énergétique en Kcal : 180Kcal, Glucides : 16g, Lipides : 6,5g, Protides :13g, 24h dans réfrigérateur. 3 jours dans le compartiment à glace d'un réfrigérateur. Plusieurs mois dans le compartiment à -18°C d'un réfrigérateur 3*** ou dans un congélateur. Et ce, au moins jusqu'à ladate indiquée sur le paquet. Ne pas recongeler ce produit après décongélation.]|"
22,65€ / Kg"|"
4,62 €"
2350|Panés de cabillaud 100% filet, surgelés|L'étui de 8, 510g|[Origine : FRANCE, Chez Findus, nous nous imposons des règles exigeantes pour participer à la préservation du poisson pour les générations futures. Qualité sans arête.Nous nous efforçons de respecter 10 principes pour approvisionner tout notre poisson, qu'il soit sauvage ou d'élevage, et pour promouvoir le respect des ressources marines. Filets sont prélevés et les arêtes ôtées avec le plus grand soin. Réduction de matière grasse -30%., A la poêle (recommandé par Findus) Sans ajouter de matière grasse, faites cuire les panés dans une poêle chaude 7 minutes à feu doux. Retournez à mi-cuisson. Au four : préchauffez à 200°C. Placez les panés sur une plaque et laissez cuire 10 minutes.Les temps de cuisson sont des moyennes pour du poisson pané encore surgelé et peuvent varier selon les appareils., Filets de cabillaud 63,2%, panure 36,8% (farine de blé 16%, eau, huile de colza 6%, amidons, amidon transformé, levure, sel, épice). Teneur en sel : 0,6%., Valeur énergétique en Joules :  740kj, Valeur énergétique en Kcal : 180kcal, Glucides : 16g, Lipides : 6,5g, Protides :13g, 24 heures dans un réfrigérateur. 3 jours dans le compartiment à glace d'un réfrigérateur. Plusieurs mois dans le compartiment à -18°C d'un réfrigérateur 3*** ou dans un congélateur. Ne jamais recongeler un produit décongelé.]|"
13,51€ / Kg"|"
6,89 €"
2351|Tranches de filets de cabillaud, sachets vapeur|Les 4 tranches, 400g|[Origine : FRANCE, Chez Findus, nous nous imposons des règles exigeantes pour participer à la préservation du poisson pour les générations futures.Nous nous efforçons de respecter 10 principes pour approvisionner tout notre poisson, qu'il soit sauvage ou d'élevage, etpour promouvoir le respect des ressources marines., Temps de cuisson pour du poisson encore surgelé. Au micro-ondes (750W) : 3 min pour 1 tranche, 6 min pour 2 tranches ou 8 min pour 4 tranches. A la poêle : dans un peu de matière grasse, à feu doux, 8 à 9 min. Au court-bouillon : dans une casserole,versez 2 litres d'eau, ajoutez un court bouillon au vin blanc pour poissons et crustacés et mélangez. Ajoutez les tranches encore surgelées. Portez à ébullition puis baissez le feu et laissez frémir 3 min. Au four : préchauffez à 200° C. Enfournez àmi-hauteur et laissez cuire 15 à 17 min., Cabillaud (Gadus Morhua) pêché dans l'Atlantique Nord-est ou Nord-Ouest., Valeur énergétique en Joules :  290, Valeur énergétique en Kcal : 69,3, Glucides : 0, Lipides : 0,4, Protides :16, A conserver 24 heures au réfrigérateur, 3 jours dans le compartiment à glace du réfrigérateur, plusieurs mois à -18°C dans un congélateur***. Ne jamais recongeler un produit décongelé.]|"
20,58€ / Kg"|"
8,23 €"
2352|Tranches de filets de colin (lieu), sachets vapeur|Les 4 tranches, 400g|[Origine : FRANCE, Respect des ressources marines., Temps de cuisson pour du poisson encore surgelé. Au micro-ondes (750W) : recommandé par Findus. Percez les sachets de quelques trous, déposez-les dans un plat adapté. Laissez cuire 3 min pour 1 tranche, 6 min pour 2 tranches et 8 min pour 4 tranches.Il est normal que lors, de la cuisson vapeur, un peu de jus se dégage du produit. A la poêle : recommandé par Findus. Otez les sachets. Faites cuire les tranches dans un peu de matière grasse, à feu doux, 8 à 9min. Retournez à mi-cuisson. Au court-bouillon : recommandé par Findus. Nous vous recommandons un court-bouillon au vin blanc pour poissons et crustacés. Otez les sachets. Dans une casserole, versez 2 litres d'eau, ajoutez le court-bouillon et mélangez. Ajoutez les tranches. Portez à ébullition puis baisser le feu et laisser frémir 3min. Au four : préchauffez à 200°C. Otez les sachets et disposez les tranches dans un plat. Arrosez d'un filet d'huile et d'un jus de citron, saupoudrez de fines herbes enfournez à mi-hauteur et laissez cuire 15 à 17min. Les temps de cuisson sont des moyennes pour du poisson encore surgelé et peuvent varier selon les appareils. Vous pouvez aussi décongeler votre poisson 12h avant au réfrigérateur ou sous un filet d'eau froide pendant quelques minutes. Veillez alors à réduire les temps de cuisson. Bien qu'un soin tout particulier ait été pris pour enlever toutes les arêtes, quelques-unes peuvent exceptionnellement se trouver dans ce produit. Ne pas recongeler ce produit après décongélation., Colin (lieu) (Pollachius virens) pêché dans l'Atlantique Nord-est., Valeur énergétique en Joules :  300, Valeur énergétique en Kcal : 71,7, Glucides : 0, Lipides : 0,5, Protides :17, 24 heures dans un réfrigérateur.,3 jours dans le compartiment à glace d'un réfrigérateur, Plusieurs mois dans le compartiment à -18°C d'un réfrigérateur 3*** ou dans un congélateur. Et ce, au moins jusqu'à la date indiquée sur le paquet.]|"
11,60€ / Kg"|"
4,64 €"
2353|Bâtonnets crème glacés vanille enrobée de chocolat au lait avec morceaux d'amandes|La boîte de 3, 360ml|[Origine : FRANCE, Sortir le produit quelques minutes avant sa dégustation., Crème glacée vanille 72.7% : lait entier, crème fraîche, eau, sucre, sirop de glucose-fructose, sirop de glucose-lactose et protéines de lait, émulsifiant : E471, gélifiants : E417, E412, E407, arôme naturel de vanille, gousses de vanille broyées épuisées, colorants : E160b, E100. Enrobage chocolat au lait 26.8% : sucre, beurre de cacao, lactosérum en poudre 9.5%,  matière grasse laitière anhydre 9%, pâte de cacao, lait écrémé en poudre 6%, émulsifiants : lécithine de soja, E746. Morceaux damandes Crème glacée vanille 72.7% : lait entier, crème fraîche, eau, sucre, sirop de glucose-fructose, sirop de glucose-lactose et protéines de lait, émulsifiant : E471, gélifiants : E417, E412, E407, arôme naturel de vanille, gousses de vanille broyéesépuisées, colorants : E160b, E100. Enrobage chocolat au lait 26.8% : sucre, beurre de cacao, Crème glacée vanille 72.7% : lait entier, crème fraîche, eau, sucre, sirop de glucose-fructose, sirop de glucose-lactose et protéines de lait, émulsifiant :E471, gélifiants : E417, E412, E407, arôme naturel de vanille, gousses de vanille broyées épuisées, colorants : E160b, E100. Enrobage chocolat au lait 26.8% : sucre, beurre de cacao, lactosérum en poudre 9.5%,  matière grasse laitière anhydre 9%, pâte de cacao, lait écrémé en poudre 6%, émulsifiants : lécithine de soja, E746. Morceaux damandes  Crème glacée vanille 72.7% : lait entier, crème fraîche, eau, sucre, sirop de glucose-fructose, sirop de glucose-lactose et protéines de lait, émulsifiant : E471, gélifiants : E417, E412, E407, arôme naturel de vanille, gousses de vanille broyées épuisées, colorants : E160b, E100. Enrobage chocolat au lait 26.8% : sucre, beurre de cacao, lactosérum en poudre 9.5%,  matière grasse laitière anhydre 9%, pâte de cacao, lait écrémé en poudre 6%, émulsifiants : lécithine de soja, E746. Morceaux damandes grillées 3.7%. Traces de gluten, doeuf, darachides, de soja et de fruits à coques., Valeur énergétique en Joules :  1352Kj, Valeur énergétique en Kcal : 324kcal, Glucides : 31,1g, Lipides : 20,4g, Protides :3,5g, Plusieurs mois dans le compartiment à -18°C d'un réfrigérateur***ou d'un congélateur jusqu'à la date limite d'utilisation optimale. Attention : ne jamais recongeler un produit décongelé.]|"
5,69€ / L"|"
2,05 €"
2354|Bâtonnets de crème glacée à la vanille, surgelées|La boite de 10 bâtonnets, soit 386g|[Origine : FRANCE, Bâtonnets de crème glacée à la vanille avec enrobage au cacao maigre et chocolat au lait, décor morceaux d'amandes caramélisées., Sortir quelques minutes avant consommation., Crème glacée à la vanille 70,2% : lait écrémé reconstitué, crème, lactosérum concentré, sucre, sirop de glucose, dextrose lait écrémé en poudre, arôme naturel de vanille, émulsifiant : mono et diglycérides d'acides, gélifiants : farine de graines decaroube, gomme de guar, gousses de vanille épuisées broyées 0,2%, colorant : béta carotène. Décor 29,8%  enrobage au cacao maigre 76,2% (matière grasse végétale de coprah, sucre, lactosérum en poudre, cacao maigre en poudre 4%, émulsifiant : esters citriques de mono et diglycérides d'acides gras), enrobage chocolat au lait 13,4% (sucre, beurre de cacao, lactosérum en poudre, matière grasse laitière anhydre, pâte de cacao, lait écrémé en poudre, émulsifiants : lécithine de soja, polyricinoléate de polyglycerol), morceaux d'amandes caramélisées 10,4% (amande 70%, sucre)., Valeur énergétique en Joules :  1338kj, Valeur énergétique en Kcal : 321kcal, Glucides : 30g, Lipides : 21g, Protides :3g, Plusieurs mois dans le compartiment à -18°C d'un réfrigérateur*** ou dans un congélateur. Ne jamais recongeler un produit décongelé.]|"
4,45€ / L"|"
2,67 €"
2355|Chocolat blanc, coeur citron, bâtonnets cr}me glac{e|La boîte de 3, 300ml|[Origine : FRANCE, Sortir le produit quelques minutes avant sa dégustation., Crème glacée au citron 55,1% : lait entier, eau, jus de citron à base de concentré 9%, crème, sucre, sirop de glucose-fructose de blé, sirop de glucose de blé ou de maïs, lactose et protéines de lait, émulsifiants : mono- et diglycérides d'acides gras, esters lactiques des mono- et diglycérides  d'acides gras, arôme naturel de citron, gélifiants : farine de graines de caroube, gomme guar. Enrobage chocolat blanc 28,6% : sucre, beurre de cacao, lactosérum en poudre, matière grasse laitière anhydre, lait écrémé en poudre, émulsifiants : lécithine de soja, polyricinoléate de polyglycérol, arôme naturel de vanille. Sauce au citron 13,6% : sirop de glucose-fructose de blé, eau, jaune d'oeuf sucré (jaune d'oeuf, sucre), amidon transformé de maïs,jus concentré de citron 0,5%, sucre, matière grasse laitière anhydre, épaississant : gomme guar, arômes naturels, colorants : rocou, curcumine. Morceaux de biscuit enrobés de beurre de cacao 2,7% : farine de blé, sucre, beurre de cacao 0,5%, beurre,amidon de blé, noix de coco râpée, lait écrémé en poudre, sel, arôme naturel de vanille, poudres à lever : carbonate acide de sodium, carbonate d'ammonium. Présence possible d'arachide et de fruits à coque., Valeur énergétique en Joules :  946kj, Valeur énergétique en Kcal : 226kcal, Glucides : 28g, Lipides : 12g, Protides :1,5g, Plusieurs mois dans le compartiment à -18°C d'un réfrigérateur*** ou dans un congélateur jusqu'à la date d'utilisation optimale. Ne jamais recongeler un produit décongelé.]|"
6,83€ / L"|"
2,05 €"
2356|Cônes glacés à la vanille|La boîte de 6, 720ml|[Origine : FRANCE, Crème glacée vanille jaune 39,7%:lait entier-eau-crème fraîche 6,7%-sirop de   glucose-fructose de blé et/ou de maïs-sucre-lactose et protéines de lait-      sirop de glucose de blé et/ou de maïs-arôme naturel vanille 0,3%-émulsifiant:  E471-gélifiants:E410,E412-gousses de vanille épuisées broyées-colorants:E160b, E100.                                                                          Crème glacée vanille blanche 32,3%:lait entier-eau-crème fraîche 5,4%-sirop de glucose-fructose de blé et/ou de maïs-sucre-lactose et protéines de lait-sirop de glucose de blé et/ou de maïs-émulsifiants:E471,E472b-gélifiants:E410,E412-  arôme naturel vanille 0,05%.                                                   Biscuit 16,2%:farine de blé-sucre-matière grasse de coprah- Emulsifiant:       lécithine de soja-sirop de glucose de blé-poudre à lever:E504i-lactose et      protéines de lait.                                                             Pâte à glacer au cacao 10,3%:matière grasse de coprah-sucre-cacao maigre en    poudre 0,9%-émulsifiant:lécithine de soja.                                     Morceaux de noisettes au sucre 1,5%:noisette 0,75%-sucre 0,75%                 Présence possible d'arachides,oeuf et autres fruits à coque., Valeur énergétique en Joules :  152kj, Glucides : 20g, Lipides : 7,1g, Protides :1,6g]|"
3,36€ / L"|"
2,42 €"
2357|Maxi bâtonnets crème glacée vanille enrobée de sorbet fruits exotiques|Le paquet de 3, 300ml|[Origine : FRANCE, Sortir le produit quelques minutes avant sa dégustation., Crème glacée vanille 56% : lait entier, crème fraîche, eau, sucre, sirop de glucose-fructose, sirop de glucose-lactose et protéines de lait, émulsifiant : E471, gélifiants : E417, E412, E407, arôme naturel de vanille, colorants : E160b, E100. Enrobage sorbet fruits exotiques 44% : eau, sirop de glucose, purée de mangue 12%, sucre, sirop de glucose-fructose, jus concentré de fruit de la passion 3.3%, jus concentré dananas 2.3%, jus concentré de pêche 2%, colorant : E160a, gélifiants : E410, E412, acidifiant : E330, arôme, antimoussant : E471. Traces de gluten, doeuf, darachides, de soja et de fruits à coques., Valeur énergétique en Joules :  682kj, Valeur énergétique en Kcal : 162kcal, Glucides : 26g, Lipides : 5,8g, Protides :1,3g, Plusieurs mois dans le compartiment à -18°C d'un réfrigérateur***ou d'un congélateur jusqu'à la date limite d'utilisation optimale. Attention : ne jamais recongeler un produit décongelé.]|"
7,17€ / L"|"
2,15 €"
2358|Mini bâtonnets glacés, vanille et chocolats|La boîte de 8, 360ml|[Origine : FRANCE, Mini bâtonnets crème glacée vanille enrobés de chocolat noir ou de chocolat au lait, ou de chocolat blanc, ou de chocolat au lait avec des morceaux d'amandes., Crème glacée vanille 68%: crème fraîche 31%, lait ecreme réhydraté, eau, sucre, sirop de glucose-fructose de blé, lactose et protéines de lait, émulsifiant : E471, gélifiants : E410, E412, E407, arôme naturel, gousses de vanille broyées épuisées 0,05%, colorant : E160a. Enrobage chocolat noir 32% : sucre, pâte de cacao, beurre de cacao, matière grasse laitière, émulsifiant : E476. Enrobage chocolat blanc 32% : beurre de cacao, sucre, poudre de lait écrémé, matière grasse laitière, poudre de lactosérum, émulsifiant : E476, arôme. Enrobage chocolat au lait 32% : sucre, beurre de cacao, poudre de lait écrémé, matière grasse laitière, pâte de cacao, émulsifiant : E476. Crème glacée vanille 62% : crème fraîche 31 %, lait écrémé réhydraté eau, sucre, sirop de glucose-fructose de blé, lactose et protéines de lait, émulsifiant : E471, gélifiants : E410, E412, E407, arôme naturel gousses de vanille broyées épuisées 0,05%, colorant : E160a. Enrobage chocolat au lait 32% : sucre, beurre de cacao,poudre de lait écrémé, matière grasse laitière, pâte de cacao, émulsifiant : E476. Morceaux d'amandes grillées 6%. Traces éventuelles d'oeufs, d'arachides, de soja et autres fruits à coque., ***Plusieurs mois dans le compartiment à -18°C d'un congélateur, dans la limite du délai optimal de conservation. Attention : Ne jamais recongeler un produit décongelé.]|"
7,94€ / L"|"
2,86 €"
2359|Mini bâtonnets glacés, vanille et fruits|La boîte de 8, 360ml|[Origine : FRANCE, Crème glacée vanille 51,2% : lait entier, crème fraîche, eau, sucre, sirop de glucose-fructose, sirop de glucose, lactose et protéines de lait, émulsifiant : E471, gélifiants : E417, E412, E407, arôme naturel vanille, colorants : E160b, E100. Enrobage sorbet fruits rouges 24,4% : eau, sirop de glucose, jus de cassis à base de concentré 11%, jus de fraise à base de concentré 10%, jus de framboise à base de concentré 10%, purée de fraise 10%, jus de myrtille à base de concentré 8,4%, sucre, siropde glucose-fructose, colorant : E163, gélifiants : E410, E412, acidifiant : E330, arôme, arôme naturel cassis, antimoussant : E471. Enrobage sorbet fruits jaunes 24,4% : eau, purée de pêche 20%, sirop de glucose, jus de pomme à base de concentré 10%,purée d'abricot 9%, sucre, sirop de glucose-fructose, jus de poire à base de concentré 4,7%, arôme, gélifiant : E410, E412, acidifiant : E330, antimoussant : E471, arôme naturel, colorant : E100. Traces de gluten, d'oeuf, d'arachides, de soja et defruits à coque., ***Plusieurs mois dans un congélateur à -18°C jusqu'à la date limite d'utilisation optimale. Attention : ne jamais recongeler un produit décongelé.]|"
7,94€ / L"|"
2,86 €"
2360|Mini cônes glacés, vanille|La boîte de 10, 250ml|[Origine : ALLEMAGNE, Découvrez cette version miniature des cônes : dans une gaufrette croustillante, une crème glacée à la vanille recouverte d'un enrobage au cacao avec des éclats de gaufrettes. A croquer avec plaisir !, Crème glacée à la vanille 52% : crème 34%, eau, sucre, lait écrémé concentré, lactose et protéines de lait, sirop de glucose-fructose, sirop de glucose, dextrose, émulsifiant : E471, gélifiants : E410, E412, arôme naturel de vanille. (Pourcentage exprimé sur la crème glacée). Gaufrette 24% : farine de blé, sucre, émulsifiant : lécithine de soja, huile végétale de palme, amidon de blé, sirop de sucre caramélisé (eau 75%, sucre 25%), sel. Enrobage cacao maigre 23% : matière grasse végétale de palme et de coco, sucre, cacao maigre 11%, poudre de lait écrémé, émulsifiant : lécithine de soja. (Pourcentage exprimé sur l'enrobage). Eclats de gaufrettes 1% : farine de blé, sucre, émulsifiant : lécithine de soja, huile végétale de palme, amidon de blé, sirop de sucre caramélisé ( eau 75%, sucre,25%), sel. Traces d'oeuf, d'arachides et d'autres fruits à coques., Valeur énergétique en Joules :  1558kj, Valeur énergétique en Kcal : 373kcal, Glucides : 40,2g, Lipides : 21,7g, Protides :3,6g, Plusieurs mois dans le compartiment à -18°C d'un réfrigérateur *** ou dans un congélateur jusqu'à la date limite d'utilisation optimale. Attention ne jamais recongeler un produit décongelé.]|"
10,24€ / Kg"|"
2,56 €"
2361|Mini glaces aux fruits, aux jus de fruits, surgelées|La boîte de 15, 225ml|[Origine : BELGIQUE, Glaces aux fruits au citron ou à la fraise ou à l'orange ou l'ananas ou glace à l'eau aromatisée cola., Glace aux fruits au citron : eau, sirop de sucre, jus de citron reconstitué 10%, sirop de glucose, arôme naturel, stabilisant : E410. Glace aux fruits à la fraise : eau, jus de fraise reconstitué 20%, sirop de sucre, dextrose, colorant : E163, arômenaturel fraise, stabilisant : E410, correcteur d'acidité : E330. Glace aux fruits à l'orange : eau, jus d'orange reconstitué 20%, sirop de sucre, dextrose, arôme naturel orange, correcteur d'acidité : E330, colorant : E160c, stabilisant : E410. Glaceaux fruits à l'ananas : eau, jus d'ananas reconstitué 20%, sirop de sucre, dextrose, arôme naturel, stabilisant : E410, acidifiant : E296, colorant : E100. Glace à l'eau aromatisée cola : eau, jus de pomme reconstitué 20%, sirop de sucre, arôme naturel (dont colorant : E150d), stabilisant : E410, acidifiant : E296. Traces d'oeufs, soja, arachides, fruits à coque., Valeur énergétique en Joules :  340kj, Valeur énergétique en Kcal : 80kcal, Glucides : 20g, Lipides : 0g, Protides :0g, Plusieurs mois dans le compartiment à -18°C d'un réfrigérateur*** ou dans un congélateur jusqu'à la date limite d'utilisation optimale. Ne jamais recongeler un produit décongelé.]|"
10,09€ / L"|"
2,27 €"
2362|Bâtonnets glacés, Macadamia nut brittle|La boîte de 3, 240ml|[Origine : FRANCE, Un mariage de sensations subtiles pour un goût unique: inspirées par la passion et le savoir-faire, toutes nos créations sont élaborées à base d'ingrédients naturels., Crème glacée vanille avec éclats de noix de macadamia caramélisés (72%): Crème fraîche, lait écrémé, solution de sucre (sucre, eau), jaune d'oeuf, éclats de noix de macadamia caramélisés (4%) (sucre, sirop de glucose, beurre, noix de macadamia, arômenaturel: vanille, sel, poudre à lever: carbonates de sodium), arôme naturel: vanille. Enrobage avec chocolat au lait, éclats de noix de macadamia caramélisés et céréales croustillantes (28%): chocolat au lait (56%) (sucre, lait en poudre, pâte de cacao, beurre de cacao, émulsifiant: lécithine de soja, arôme naturel: vanille), huile de noix de coco, huile de soja, éclats de noix de macadamia caramélisés (10%) (sucre, sirop de glucose, beurre, noix de macadamia, arôme naturel: vanille, sel, poudre à lever: carbonates de sodium), céréales croustillantes (10%) (farine de riz, sirop de glucose, gluten de blé, huile de palme, malt de blé, sel). Contient des ingrédients à base de lait, oeuf, blé, soja et noix de macadamia., Conservation à -18°C minimum.]|"
19,08€ / L"|"
4,58 €"
2363|Bâtonnets glacés, Vanilla almonds|La boîte de 3, 240 ml|[Origine : FRANCE, Créme glacée vanille 72% : créme frâiche, lait écrémé, solution de sucre, jaune d'oeuf, arôme naturel : vanille,chocolat au lait, amandes grillées 28%, chocolat au lait 53%sucre, lait en poudre, pâte de cacao, émulsifiant : lécithine de soja, arôme naturel : huile de carthame, huile de noix de coco, huile de soja, c{r{ales 7%, farine de riz, sucre glutende bl{, hile de palme, malt de bl{, sel.]|"
20,76€ / Kg"|"
4,63 €"
2364|Bâtonnets glacés, Amande|La boîte de 4, 440ml|[Origine : FRANCE]|"
7,50€ / L"|"
3,30 €"
2365|Bâtonnets glacés, Chocolat Blanc|La boîte de 4, 440ml|[Origine : FRANCE]|"
7,50€ / L"|"
3,30 €"
2366|Bâtonnets glacés, Classic, Almond et White|Les 8 bâtonnets, 480ml|[Origine : ITALIE, Classic : glace vanille enrobée de chocolat au lait (33%). Contient : lait et soja. Traces de fruits à coque et d'arachide. Blanc : glace vanille enrobée de chocolat blanc (33%). Contient lait. Traces de fruits à coque, d'arachide et de soja. Amande: glace vanille enrobée de chocolat au lait (30%) et d'amandes (3,5%). Contient : lait et amandes. Traces d'autres fruits à coque, d'arachide et de soja. Lait écrémé réhydraté, sucre, beurre de cacao, matière grasse végétale, lait en poudre entier, pâte de cacao, sirop de glucose-fructose, sirop de glucose-fructose, lait en poudre écrémé, lactose et protéines de lait, beurre concentré, amandes, sirop de glucose, émulsifiants (E471, lécithine de soja, E476, E442), stabilisants (E410, E412, E407),gousse de vanille épuisées broyées, arôme naturel de vanille avec autres arômes naturels, arômes, colorant (E160a). Traces d'autres fruits à coque et d'arachide., A conserver à -18°C.]|"
9,46€ / L"|"
4,54 €"
2367|Bâtonnets glacés, Double Caramel, White, Almond, Classic|Les 8 bâtonnets|[Origine : ALLEMAGNE]|"
6,68€ / L"|"
5,88 €"
2368|Bâtonnets glacés, Double caramel et Double chocolat|Les 8 bâtonnets, 480ml|[Origine : FRANCE, Magnum mini double caramel : glace vanille enrobée de sauce caramel (13%) et de chocolat au lait (20%). Magnum mini double chocolat : glace chocolat enrobée de sauce au cacao maigre (13%) et de chocolat au lait (20%). Lait écrémé réhydraté, sucre, matière grasse végétale, pâte de cacao, beurre de cacao, cacao maigre en poudre, lait en poudre entier, sirop de glucose-fructose, sirop de glucose, beurre concentré, lactose et protéines de lait, lait en poudre écrémé, émulsifiants (E471, E442, E476),stabilisant (E407, E410, E412), amidon modifié, colorants (E150b, E160a), gousse de vanille épuisées broyées, sel, arôme naturel de vanille avec autres arômes naturels, arômes., A conserver à -18°C.]|"
9,46€ / L"|"
4,54 €"
2371|Bâtonnets glacés, double chocolat|La boîte de 4, 440ml|[Origine : ITALIE, A conserver à -18°C.]|"
10,11€ / L"|"
4,45 €"
2372|Bâtonnets glacés, menthe et chocolat avec morceaux de sucres caramélisés|La boîte de 4, 440ml|[Origine : FRANCE, A conserver à -18°C.]|"
7,75€ / L"|"
3,41 €"
2373|Bâtonnets glacés, Miel et Nougat|La boîte de 4, 440ml|[Origine : FRANCE]|"
7,75€ / L"|"
3,41 €"
2376|Bâtonnets glacés double caramel|La boîte de 4, 440ml|[Origine : ITALIE, A conserver à -18°C.]|"
10,11€ / L"|"
4,45 €"
2377|Barres glacées|La boîtes de 6, 306ml|[Origine : FRANCE, Découvrez le goût légendaire de Mars Barre glacée: un caramel fondant et une crème glacée onctueuse dans un enrobage craquant., lait écrémé (15%), sucre, sirop de glucose, crème légère (lait) (13%), eau, lait écrémé concentré sucré (lait écrémé concentré (3.5%), sucre), matière grasse de noix de coco, pâte de cacao, beurre de cacao, lait écrémé en poudre (3.4%), matière grasse de palme, extrait de malt d'orge, beurre concentré (lait) (1.4%), lactose, petit-lait en poudre, cacao maigre, émulsifiants (lécithine de soja, E471, E477), stabilisants (E407, E410, E412), sel, extrait naturel de vanille, arôme naturel., Conserver à -18° C.]|"
10,07€ / L"|"
3,08 €"
2378|Barres glacées au caramel et beurre salé|Les 6 barres, 270ml|[Origine : FRANCE, Le goût légendaire de Mars dans une barre glacée : avec un caramel au beurre salé fondant, une crème glacée onctueuse, un enrobage au chocolat craquant. Sans colorant ni arômes artificiels., lait écrémé (15%), sucre, sirop de glucose, crème légère (lait), eau, lait écrémé concentré sucré, pâte de cacao, beurre de cacao, lait écrémé en poudre, matière grasse de noix de coco, beurre concentré (lait) (3.1%), matière grasse de palme, extraitde malt d'orge, lactose, petit-lait en poudre, cacao maigre, émulsifiants (lécithine de soja, E471, E477), sel (0.3%), stabilisants*, extrait naturel de vanille, arôme naturel., Conserver à -18°C.]|"
11,41€ / L"|"
3,08 €"
2379|Bâtonnets glacés, chocolat et vanille|La boîte de 4, 440ml|[Origine : FRANCE, Glace à la vanille avec un feuilletage au chocolat au lait du pays alpin 7%, enrobage de chocolat au lait du pays alpin 32%., Chocolat au lait du pays alpin (sucre, beurre de cacao, pâte de cacao, poudre de lait écrémé, beurre concentré, lactosérum en poudre (lait), émulsifiants (lécithine de soja, E476)), lait écrémé reconstitué, lactosérum (lait), sucre, graisse végétalede coco, sirop de glucose-fructose, sirop de glucose, émulsifiant (mono- et diglycérides d'acides gras), stabilisants (farine de graines de caroube, gomme guar), extrait de vanille., Valeur énergétique en Joules :  1467kj, Valeur énergétique en Kcal : 352kcal, Glucides : 32,5g, Lipides : 23,2g, Protides :2,9g, A conserver à -18°C.]|"
9,84€ / L"|"
4,33 €"
2380|Mini cônes milka|Les 8 cônes de 25ml|[Origine : FRANCE]|"
17,25€ / L"|"
3,45 €"
2381|Cônes glacés, café et pépites au café|La boîte de 6, 720ml|[Origine : FRANCE, Gaufrette garnie d'une glace café, d'une sauce (10%) au café et au chocolat et de pépites (1,5%) au chocolat et céréales., Pour apprécier toute l'onctuosité de votre Cône Extrême, sortez-le du congélateur 5 minutes avant de le déguster., Ingrédients : lait écrémé, eau, sucre, huiles végétales (coco, palme), farine de blé, sirop de glucose-fructose, sirop de glucose, lactose et protéines de lait, cacao maigre, extrait de café (0,9%), pâte de cacao, émulsifiants (lécithines (soja), mono- et diglycérides d'acides gras), colorant (caramel ordinaire), céréales (farine de riz, malt de blé, protéines de blé), poudre de cacao, oligofructose (fibres de chicorée), stabilisants (gomme guar, pectines, farine de graines de caroube, E407a, gomme d'acacia), amidon modifié, extrait de chicorée, extrait de malt d'orge, beurre de cacao, arômes naturels, correcteur d'acidité (acide citrique), sel, agent d'enrobage (shellac). Peut contenir des traces de fruits à coque et d'oeuf., A conserver à - 18°C.]|"
5,22€ / L"|"
3,76 €"
2382|Cônes glacés, chocolat et pépites de nougatine|La boîte de 6, 720ml|[Origine : FRANCE, Gaufrette garnie de glaces chocolat (chocolat 1,5%) avec une sauce au chocolat (5%), une garniture au cacao (4%) et des pépites de nougatine (3%)., Pour apprécier toute l'onctuosité de votre Cône Extrême, sortez-le du congélateur 5 minutes avant de le déguster., Ingrédients : eau, sucre, huiles végétales (coco, palme, colza, en proportion variable), lait écrémé, farine de blé, sirop de glucose, chocolat en poudre (5%)(sucre, cacao), cacao maigre, lactose et protéines de lait, amandes (0,8%), émulsifiants (lécithines (soja), mono- et diglycérides d'acides gras), colorant (caramel ordinaire), stabilisants (gomme guar, farine de graines de caroube, carraghénanes, E407a), pâte de cacao, amidon modifié, sel, arômes naturels. Peut contenir des traces d'autresfruits à coque et d'oeuf., A conserver à - 18°C.]|"
5,22€ / L"|"
3,76 €"
2383|Cônes glacés, chocolat et pistache|La boîte de 6, soit 720ml|[Origine : FRANCE, Gaufrette garnie de glace pistache et de glace chocolat (chocolat 0,5%) avec des pépites de chocolat (2,5%) et des morceaux de nougatine (1,5%). Gaufrette très croustillante et savoureuse., Pour apprécier toute l'onctuosité de votre extrême, sortez-le du congélateur 5 minutes avant de le déguster., Ingrédients : eau, lait écrémé, sucre, huiles végétales (coco, palme, colza en proportion variable), farine de blé, sirop de glucose, lactose et protéines de lait, cacao maigre, chocolat en poudre (1,9%) (sucre, cacao), amandes (0,8%), émulsifiants (lécithines (soja), mono- et diglycérides d'acides gras), pâte de pistaches (0,4%), stabilisants (gomme guar, farine de graines de caroube, E407a), colorants (caramel ordinaire, E141, riboflavines), arômes naturels, sel. Peut contenir des traces d'autres fruits à coque et d'oeuf., A conserver à -18°C.]|"
5,22€ / L"|"
3,76 €"
2384|Cônes glacés, fraise et vanille|La boîte de 6, 720ml|[Origine : FRANCE, Ingrédients : eau, sucre, fraise (11,5%), huiles végétales (coco, palme), lait écrémé, farine de blé, sirop de glucose, lactose et protéines de lait, sirop de sucre inverti, cacao maigre, framboise à base de concentré (0,5%), émulsifiants (lécithines(soja), mono- et diglycérides d'acides gras), cassis à base de concentré (0,4%), amidon modifié, humectant (glycérol), stabilisants (gomme guar, pectines, farine de graines de caroube, E407a), jus concentré de betterave, jus concentré de citron, acidifiant (acide citrique), arôme naturel de vanille, sel, arômes naturels, correcteur d'acidité (citrates de sodium), colorants (caroténoïdes,  riboflavines, anthocyanes), jus concentré de carotte noire. Peut contenir des traces de fruits à coque et d'oeuf., -21¢]|"
5,22€ / L"|"
3,76 €"
2385|Cônes glacés, sorbet framboise, cassis et fraise|La boîte de 6, 720ml|[Origine : FRANCE, Pour apprécier toute l'onctuosité de votre cône Extrême, sortez-le du congélateur 5 minutes avant de le déguster., Ingrédients : eau, sucre, fraise (15,5%), sirop de glucose, cassis et cassis à base de concentré (9%), farine de blé, huiles végétales (coco, palme), framboise et framboise à base de concentré (1,4%), cacao maigre, jus de sureau concentré, émulsifiants (lécithines (soja), mono- et diglycérides d'acides gras), sirop de sucre inverti, lactose et protéines de lait, stabilisants (farine de graines de caroube, gomme guar, pectines, gomme xanthane), alcool eau de vie (0,2%), correcteurs d'acidité (acide citrique, citrates de sodium), arômes naturels, amidon modifié, humectant (glycérol), jus concentré de betterave, sel, colorants (caroténoïdes, anthocyanes), jus concentré de carotte noire. Peut contenir des traces de fruits à coque et d'oeuf., A conserver à - 18°C.]|"
5,22€ / L"|"
3,76 €"
2386|Cônes glacés, vanille et pépites de nougatine|La boîte de 6, soit 720ml|[Origine : FRANCE, Gaufrettes garnie de glaces vanille avec des pépites de nougatine (3%)., Pour apprécier toute l'onctuosité de votre extrême, sortez-le du congélateur 5 minutes avant de le déguster., Ingrédients : lait écrémé, sucre, huiles végétales (coco, palme, colza, en proportion variable), eau, farine de blé, sirop de glucose, lactose et protéines de lait, cacao maigre, amandes (0,8%), émulsifiants (lécithines (soja), mono- et diglycéridesd'acides gras), stabilisants (gomme guar, farine de graines de caroube, E407a), arômes naturels de vanille, gousses de vanille épuisées, sel, colorants (caroténoïdes, riboflavines). Peut contenir des traces d'autres fruits à coque et d'oeuf., A conserver à -18°C.]|"
4,72€ / L"|"
3,40 €"
2387|Vanille, pécan, Extrême à l'américaine, recette très onctueuse|Le paquet de 4, 440ml|[Origine : FRANCE, Gaufrette garnie de crèmes glacées vanille et caramel (caramel : 1,5%) avec une sauce (8%) au caramel et des morceaux de noix de pécan (2%).La nouvelle gamme Extrème à L'Américaine c'est une crème glacée particulièrement onctueuse, généreuse en éclats gourmands, pour plus de plaisir., Pour apprécier toute l'onctuosité de votre cône Extrême, sortez-le du congélateur 5 minutes avant de le déguster., Ingrédients : lait écrémé, sucre, eau, farine de blé, sirop de glucose, crème fraîche, huiles végétales (coco, palme), lactose et protéines de lait, lait écrémé concentré sucré, morceaux de noix de pécan (2%), cacao maigre, caramel (0,5%)(sucre, eau), matière grasse de lait, émulsifiants (lécithines (soja), mono- et diglycérides d'acides gras), colorants (caramel ordinaire, riboflavines, caroténoïdes), stabilisants (farine de graines de caroube, gomme guar, carraghénanes, E407a), sel, arôme naturel, arôme naturel de vanille. Peut contenir des traces d'autres fruits à coque et d'oeuf., A conserver à -18°C.]|"
9,82€ / L"|"
4,32 €"
2388|Oreo, bâtonnets glacés|La boîte de 4, 440ml|[Origine : FRANCE, Glace saveur crème avec des morceaux de biscuits cacaotés fourrés goût vanille (9%), enrobage avec des morceaux de biscuits cacaotés fourrés goût vanille 28%., Lait écrémé reconstitué, biscuits cacaotés fourrés goût vanille broyés en petits morceaux (farine de blé, sucre, matière grasse végétale et huile végétale, cacao maigre en poudre (4,6%), amidon de blé, sirop de glucose-fructose, poudre à lever (carbonate acide de potassium, carbonate acide d'ammonium, carbonate acide de sodium), sel, émulsifiants (lécithine de soja, lécithine de tournesol), arôme (vanilline)), sucre, graisse végétale de coco, lactosérum (lait), eau, huile végétale de tournesol,sirop de glucose-fructose, sirop de glucose, émulsifiants (mono- et diglycérides d'acides gras, lécithine, E 476), stabilisants (farine de graines de caroube, gomme guar), poudre de lait écrémé, arôme., Valeur énergétique en Joules :  1396kj, Valeur énergétique en Kcal : 334kcal, Glucides : 36,4g, Lipides : 19,6g, Protides :2,7g, A conserver à -18°C.]|"
9,84€ / L"|"
4,33 €"
2389|Bâtonnets glacés, cacahuètes et caramel avec enrobage chocolat|La boîte de 6, 288g|[Origine : FRANCE, Découvrez l'expérience unique de Snickers Barre Glacée : une crème glacée onctueuse, des cacahuètes et un caramel fondant dans un enrobage craquant avec du chocolat au lait.Contient 39% de produits laitiers., Sirop de glucose, lait écrémé (13%), sucre, cacahuètes, crème légère, eau, huile végétale, lait écrémé concentré sucré, lait écrémé en poudre, pâte de cacao, beurre de cacao, beurre concentré, lactose, petit-lait en poudre, émulsifiants (lécithine desoja, E471, E477), matière grasse végétale, stabilisants (E407, E410, E412), cacao maigre, sel, extrait naturel de vanille., Conserver à -18°C.]|"
9,40€ / L"|"
2,99 €"
2390|Caramel au beurre salé, crème glacée au lait frais, éclats de nougatine|Le bac de 500ml|[Origine : FRANCE, Découvrez l'authenticité de cette crème glacée élaborée à partir de lait frais de la ferme et agrémentée de fins éclats de nougatine. Appréciez ce pur moment de gourmandise !, Consommez la crème glacée dès la sortie du congélateur. Ne jamais recongeler un produit décongeler., Lait entier frais 36%, crème 25%, caramel au beurre salé 16% (sirop de glucose de blé ou betterave, sucre, beurre 1,8%, eau, crème, sel de Guérande 0,2%), sirop de glucose de maïs déshydraté, éclats de nougatine 8% (sucre, sirop de glucose de blé, amandes), lait écrémé en poudre, arôme (contient : colorant : E150d, noisettes), émulsifiant : mono- et diglycérides d'acides gras, stabilisants : farine de graines de caroube, gomme guar. Présence possible de soja, autres fruits à coque, arachide et oeuf., Plusieurs mois dans le compartiment à -18°C d'un réfrigérateur*** ou dans un congélateur jusqu'à à la date limite d'utilisation optimale.]|"
8,22€ / L"|"
4,11 €"
2391|Chocolat, crème glacée au lait frais et ses copeaux|Le bac de 500ml|[Origine : FRANCE, Découvrez l'authenticité de cette crème glacée élaborée à partir de lait frais de la ferme et agrémentée de copeaux de chocolat. Appréciez ce pur moment de gourmandise !, Sortez la crème glacée du congélateur 5 minutes avant de la consommer. Ne jamais recongeler un produit décongeler., Lait entier frais 43%, crème 18%, chocolat noir 9,2% (pâte de cacao, sucre, beurre de cacao, émulsifiant : lécithine de soja, extrait de vanille), sucre, copeaux de chocolat 8% (pâte de cacao, sucre, beurre de cacao, cacao en poudre, émulsifiant : lécithine de soja, arôme), sirop de sucre inverti, cacao en poudre 4,6%, lactose et protéines laitières, émulsifiant : mono et diglycérides d'acide gras, stabilisants : farine de graines de caroube, gomme guar. Présence possible de fruits à coque, arachide et oeuf., Glucides : 13g, Lipides : 8g, Protides :1,8g, Plusieurs mois dans le compartiment à -18°C d'un réfrigérateur*** ou dans un congélateur jusqu'à la date limite d'utilisation optimale.]|"
8,22€ / L"|"
4,11 €"
2392|Citron jaune Sorbet avec morceaux de citron|Le bac de 1l|[Origine : FRANCE, Sorbet citron jaune avec préparation de morceaux de citron jaune., Traces de gluten, d'oeufs, d'arachides, de soja, de lait et de fruits à coque., Valeur énergétique en Joules :  510kj, Valeur énergétique en Kcal : 120kcal, Glucides : 30g, Lipides : 0g, Protides :0g, Plusieurs mois dans le compartiment à -18°C d'un réfrigérateur*** ou dans un congélateur. Ne jamais recongeler un produit décongelé.]|"
2,36€ / L"|"
2,36 €"
2393|Crème glacée, nougat éclats de nougat et pistache|Le bac de 1L|[Origine : FRANCE, MONOPRIX vous propose une gamme de glaces généreuses et gourmandes, à partager en famille ou entre amis, qui saura satisfaire petits et grands., Crème glacée nougat 92% : crème fraîche, lait écrémé reconstitué, eau, crème de nougat 15% [amandes émondées grillées, sucre, sirop de glucose de blé, miel, arômes naturels vanille (dont dextrose de blé et sirop de glucose de blé), albumine d'oeuf, pain azyme], sucre, lactose et protéines de lait, sirop de glucose-fructose de blé, arôme naturel (noisette), emulsifiant : mono et diglycérides d'acides gras, gélifiants : farine de graines de caroube, gomme guar, carraghénanes. Morceaux de nougat 6% : nougat 98,5 % [sucre, amandes torréfiées, sirop de glucose de blé, miel, blanc d'oeuf, arôme naturel (dont dextrose de blé)], enrobage 1,5% (matières grasses végétales hydrogénées de palme, palmiste et coprah, agent d'enrobage : cire de carnauba). Morceaux de pistaches hachées grillées 2%. Traces éventuelles d'arachides, de soja et de fruits à coque., Valeur énergétique en Joules :  1081kj, Valeur énergétique en Kcal : 259kcal, Glucides : 28,2g, Lipides : 14,2g, Protides :4,5g, ***Plusieurs mois dans le compartimen à -18°C d'un congélateur dans la limite du délai optimal de conservation. Attention : Ne Jamais recongeler un produit décongelé.]|"
2,77€ / L"|"
2,77 €"
2394|Crème glacée, pistache avec des morceaux de pistache grillée|Le bac de 1L|[Origine : FRANCE, Crème glacée pistache 93% : lait écrémé reconstitué, crème fraîche, eau, sucre, lactose et protéines de lait pâte de pistache 3% - sirop de glucose, fructose de blé, arôme naturel pistache, émulsifiant : mono et dîglycérides d'acides gras, gélifiants: farine de graines de caroube, gomme guar, carraghénanes, colorant : chlorophylline cupro-sodique, curcumine. Morceaux de pistaches hachées grillées 7%. Traces éventuelles d'oeuf, d'arachides, de soja et de fruits à coque., Valeur énergétique en Joules :  896Kj, Valeur énergétique en Kcal : 214Kcal, Glucides : 23g, Lipides : 12g, Protides :3,6g, Plusieurs mois dans le compartiment à -18°C d'un réfrigérateur*** ou dans un congélateur. Ne jamais recongeler un produit décongelé.]|"
3,70€ / L"|"
3,70 €"
2395|Crème glacée, vanille|Le bac de 1L|[Origine : FRANCE, Lait écrémé reconstitué, crème fraîche, eau, sucre, sirop de glucose-fructose de blé, lactose et protéines de lait, arôme naturel vanille, emulsifiant : mono et diglycérides d'acides gras, gélifiants : gomme guar, farine de graines de caroube, gousses de vanille épuisées broyées 0,15%, colorants : rocou, curcumine. Traces éventuelles d'oeuf, d'arachides, de soja et de fruits à coque., Valeur énergétique en Joules :  753Kj, Valeur énergétique en Kcal : 180Kcal, Glucides : 24g, Lipides : 8,4g, Protides :2g, Plusieurs mois dans le compartiment à -18°C d'un réfrigérateur *** ou dans un congélateur jusqu'à la date limite d'utilisation optimale.]|"
2,01€ / L"|"
2,01 €"
2396|Crème glacée à la vanille et éclats d'amandes caramélisées|Le bac de 500ml|[Origine : FRANCE, Découvrez l'authenticité de cette crème glacée élaborée à partir de lait frais de la ferme et agrémentée d'éclats d'amandes caramélisées. Appréciez ce pur moment de gourmandise !, Sortez la crème glacée du congélateur 5 minutes avant de la consommer. Ne pas recongeler un produit décongelé., Lait entier frais 45%, crème 21%, sucre, éclats d'amandes caramélisées 7% (amandes 6,7%, sucre, sirop de glucose de blé, miel), jaune d'oeuf, sirop de glucose de maïs déshydraté, lactose et protéines laitières, cassonade, extrait de vanille Tahitensis, émulsifiant : mono- et diglycérides d'acides gras, stabilisants : farine de graines de caroube, gomme guar, gousse de vanille broyée en grains, décor : écorce de vanille. Présence possible d'autres fruits à coque et de soja., Valeur énergétique en Joules :  550kj, Valeur énergétique en Kcal : 132kcal, Glucides : 11g, Lipides : 8,1g, Protides :3,1g, Plusieurs mois dans le compartiment à -18°C d'un réfrigérateur*** ou dans un congélateur jusqu'à à la date limite d'utilisation optimale.]|"
8,22€ / L"|"
4,11 €"
2397|Crème glacée au lait fraits, éclats de noisettes caramélisées|Le bac de 500ml|[Origine : FRANCE, Découvrez l'authenticité de cette crème glacée élaborée à partir de lait frais et agrémentée d'éclats de noisettes caramélisées. Appréciez ce pur moment de gourmandise., Sortez la crème glacée du congélateur 5 min avant de la consommer., Crème glacée noisette 92% : lait frais entier 41%, crème 23%, pâte de noisette 9,2%, sucre, lactose et protéines de lait, sirop de glucose déshydraté de maïs, émulsifiant : mono et diglycérides d'acides gras, stabilisants : farine de graines de caroube et gomme guar. Eclats de noisettes caramélisées 8% : noisette 7,6%, sucre, sirop de glucose de blé, miel. Présence possible d'autres fruits à coque, arachide, oeuf, soja., Valeur énergétique en Joules :  721kj, Valeur énergétique en Kcal : 173kcal, Glucides : 13g, Lipides : 12g, Protides :3g, A conserver plusieurs mois dans le compartiment à -18°C d'un réfrigérateur*** ou dans un congélateur. Ne jamais recongeler un produit décongelé.]|"
8,22€ / L"|"
4,11 €"
2398|Crème glacée Rhum Raisins avec des raisins|La boite de 1L|[Origine : FRANCE, Crème glacée rhum 86% : eau, lait entier, crème fraîche, sucre, sirop de glucose/fructose, lactose et protéines de lait, sirop de glucose, rhum 2% (gélifiant : gomme xanthane), émulsifiant : mono- et diglycérides d'acides gras, gélifiants : gomme tara, gomme guar, carraghénanes, farine de graines de caroube, arômes naturels, colorants : caramel ordinaire, rocou, curcumine. Raisins macérés au rhum 14% : raisins 75%, rhum 23%, gélifiant : gomme xanthane. Traces de gluten, d'oeuf, d'arachide, de soja et de fruits à coque., Valeur énergétique en Joules :  757kj, Valeur énergétique en Kcal : 180kcal, Glucides : 26,5g, Lipides : 7,2g, Protides :2g, Plusieurs mois dans le compartiment à -18°C d'un réfrigérateur ou dans un congélateur. Ne jamais recongeler un produit décongelé.]|"
2,36€ / L"|"
2,36 €"
2399|Fraise, sorbet plein fruit et ses morceaux|Le bac de 500ml|[Origine : FRANCE, Savourez ce délicieux sorbet plein fruit allié à des morceaux de fruits. Succombez à ce grand moment de plaisir., Sortez le sorbet du congélateur 5 minutes avant de le consommer. Ne pas recongeler un produit décongelé., Fraises 55%, sucre, eau, préparation de fraises au sirop 8% (fraises pré osmosées 2,4%, eau, sucre, fraises 1,2%, sirop de glucose, fructose de blé ou de maïs, gélifiant : pectine, épaississant : farine de graines de caroube, correcteur d'acidité : acide citrique), sirop de glucose de maïs déshydraté, gélifiant : pectine, jus de citron, stabilisant : farine de graines de caroube, hydroxypropylméthylcellulose, gomme de guar. Présence possible de soja, fruits à coque, lait et oeufs., Valeur énergétique en Joules :  280kj, Valeur énergétique en Kcal : 66kcal, Glucides : 16g, Plusieurs mois dans le compartiment à -18°C d'un réfrigérateur*** ou dans un congélateur jusqu'à à la date limite d'utilisation optimale.]|"
8,22€ / L"|"
4,11 €"
2400|Mangue, sorbet plein fruit et ses morceaux|Le bac de 500ml|[Origine : FRANCE, Savourez ce délicieux sorbet plein fruit allié à des morceaux de fruits. Succombez à ce grand moment de plaisir !, Sortez le sorbet du congélateur 5 minutes avant de le consommer. Ne jamais recongeler un produit décongeler., Pulpe de mangue 47%, eau, sucre, préparation à la mangue 8% (mangue 5,6%, sucre, sirop de glucose, fructose de blé, eau, épaississant : gomme xanthane, arôme naturel, conservateur : sorbate de potassium, antioxydant : acide ascorbique, colorant : lutéine, correcteur d'acidité : acide citrique), sirop de glucose de maïs déshydraté, jus de citron, gélifiant : pectine, stabilisants : farine de graines de caroube, hydroxypropylméthylcellulose, gomme guar. Présence possible de soja, fruits à coque, lait et oeuf., Valeur énergétique en Joules :  396kj, Valeur énergétique en Kcal : 93kcal, Glucides : 22g, Lipides : 0,4g, Plusieurs mois dans le compartiment à -18°C d'un réfrigérateur*** ou dans un congélateur jusqu'à à la date limite d'utilisation optimale.]|"
8,22€ / L"|"
4,11 €"
2401|Sorbet à l'abricot|Le bac de 500ml|[Origine : FRANCE]|"
8,22€ / L"|"
4,11 €"
2402|Sorbet plein fruit à la noix de coco râpée|Le bac de 500ml|[Origine : FRANCE, Savourez ce délicieux sorbet plein fruit à la noix de coco et ses inclusions de noix de coco râpée. Succombez à ce grand moment de plaisir et d'évasion., Sortez le sorbet du congélateur 5 min avant de le consommer., Sorbet plein fruit noix de coco 97% : eau, sucre, sirop de glucose déshydraté de maïs, lait de noix de coco en poudre 4,5%, lait écrémé en poudre, arôme naturel, stabilisants : farine de graines de caroube, gomme guar, protéines de lait, maltodextrine de tapioca, caséinate de sodium. (Protéines laitières mises en oeuvre dans le sorbet 0,96%). Noix de coco râpée 3%. Présence possible de fruits à coque, oeuf, soja., Valeur énergétique en Joules :  525kj, Valeur énergétique en Kcal : 125kcal, Glucides : 19g, Lipides : 4,6g, Protides :1,4g, A conserver plusieurs mois dans le compartiment à -18°C d'un réfrigérateur*** ou dans un congélateur. Ne jamais recongeler un produit décongelé.]|"
8,22€ / L"|"
4,11 €"
2403|Crème glacée, café arabica de Colombie|Le bac de 1L|[Origine : FRANCE, Lait écrémé réhydraté, crème, sucre, sirop de glucose-fructose, sirop de glucose, lactose et protéines de lait, café Arabica de Colombie soluble, pâte de cacao, arômes naturels, extrait de café, caramel liquide, émulsifiant (mono- et diglycérides d'acides gras), stabilisants (farine de graines de caroube, gomme guar, carraghénanes), beurre de cacao., Valeur énergétique en Joules :  897, Valeur énergétique en Kcal : 214,3, Glucides : 28, Lipides : 9,9, Protides :3, A conserver à -18°C.]|"
3,11€ / L"|"
3,11 €"
2404|Crème glacée, chocolat noir|Le bac de 1L|[Origine : FRANCE, Eau, crème, lait écrémé réhydraté, sirop de glucose-fructose, sucre, cacao maigre en poudre, pâte de cacao, lactose et protéines de lait, émulsifiants (mono- et diglycérides d'acides gras, phosphatides d'ammonium), stabilisants (farine de graines decaroube, gomme guar, carraghénanes), arôme., Valeur énergétique en Joules :  973Kj, Valeur énergétique en Kcal : 232Kcal, Glucides : 27g, Lipides : 12g, Protides :3,8g, A conserver à -18°C.]|"
3,11€ / L"|"
3,11 €"
2405|Crème glacée, menthe et éclats de chocolat noir|Le bac de 1L|[Origine : FRANCE, Lait écrémé réhydraté, crème, sucre, eau, sirop de glucose-fructose, pâte de cacao, lactose et protéines de lait, beurre de cacao, émulsifiants (mono- et diglycérides d'acides gras, phosphatides d'ammonium), stabilisants (farine de graines de caroube, farine de graines de guar, carraghénanes), beurre concentré, colorant (E141), beurre de cacao, poudre de cacao maigre, arôme naturel de menthe., A conserver à -18°C.]|"
3,11€ / L"|"
3,11 €"
2406|Crème glacée, rhum et raisins|Le bac de 1L|[Origine : FRANCE, Lait écrémé réhydraté, crème, eau, sucre, raisins (8%), rhum (5,5%) (alcool 50% vol), sirop de glucose-fructose et protéines de lait, émulsifiant (mono- et diglycérides d'acides gras), stabilisants (farine de graines de caroube, gomme guar, carraghénanes, gomme xanthane), arômes, colorant (carotènes mélangés). Contient 1,5% d'alcool en volume., A conserver à -18°C.]|"
3,11€ / L"|"
3,11 €"
2407|Crème glacée, sorbet framboise|Le bac de 1L|[Origine : FRANCE, Sorbet Plein fruit framboise avec des morceaux de framboise (2%)., Framboise (46%) (purée et morceaux), eau, sirop de glucose-fructose, sucre, oligofructose, jus de citron à base de jus concentré, stabilisants (farine de graines de caroube, pectine, carraghénanes), jus de betterave concentré, arôme naturel, protéines de lait et lactose. Sans colorant ni arôme artificiels., Valeur énergétique en Joules :  516kj, Valeur énergétique en Kcal : 123KCal, Glucides : 30g, Lipides : 0,1g, Protides :0,3g, A conserver à -18° C.]|"
3,49€ / L"|"
3,49 €"
2408|Crème glacée, Speculoos|Le bac de 1L|[Origine : FRANCE, -21¢]|"
3,90€ / L"|"
3,90 €"
2409|Crème glacée, vanille à l'extrait de gousses de Madagascar|Le bac de 1L|[Origine : FRANCE, Lait écrémé réhydraté, crème, sucre, sirop de glucose-fructose, lactose et protéines de lait, sirop de glucose, émulsifiant (mono-et diglycérides d'acides gras), stabilisants (farine de graine de caroube, gomme guar, carraghénanes), lait écrémé concentré, extrait de vanille, arôme, gousse de vanille épuissées broyées, colorant (carotènes mélangés). Sans colorant ni arôme artificiels., Valeur énergétique en Joules :  869, Valeur énergétique en Kcal : 207,6, Glucides : 26, Lipides : 9,9, Protides :3,5, A conserver à - 18°C.]|"
3,11€ / L"|"
3,11 €"
2412|Glace à la crème brûlée|Le bac de 900ml|[Origine : FRANCE, Valeur énergétique en Joules :  890kj, Valeur énergétique en Kcal : 210kcal, Glucides : 31g, Lipides : 8g, Protides :2,5g]|"
5,26€ / L"|"
4,73 €"
2415|Glace à la vanille & aux nois de Pécan|Le bac de 900ml|[Origine : FRANCE, Valeur énergétique en Joules :  1100kj, Valeur énergétique en Kcal : 250kcal, Glucides : 34g, Lipides : 11g, Protides :2,5g]|"
5,26€ / L"|"
4,73 €"
2416|Sorbet framboise|Le bac de 250ml|[Origine : FRANCE, IngrÍdients : Framboise (60 %), sirop de sucre, sirop de glucose de maÕs, sirop de sucre inverti, jus de citron, Ípaississant : farine de caroube, gÍlifiant : pectine.]|"
10,32€ / L"|"
2,58 €"
2417|Crème glacée, Délice caramel beurre salé|Le bac de 850ml|[Origine : FRANCE, Ingrédients :  lait écrémé, sirop de glucose, crème fraîche, eau, morceaux au caramel et beurre salé avec enrobage huiles végétales (7%) [sucre, huiles végétales totalement hydrogénées (coco, palme, palmiste en proportion variable), lactose, lait écrémé en poudre, beurre salé 5 % des morceaux, huile végétale de coco, petit-lait en poudre, sel, émulsifiant : lécithines de soja], sucre, lactose et protéines de lait, caramel (4,5%) (sucre, eau), colorant (caramel ordinaire), stabilisants (farine degraines de caroube, gomme guar, E460, E466, E407a), émulsifiants (mono- et diglycérides d'acides gras, E433), arômes naturels, sel. Peut contenir des traces de fruits à coque, d'oeuf et de gluten., -21¢]|"
5,08€ / L"|"
4,32 €"
2418|Crème glacée, parfum crème brûlée|Le bac de 850ml|[Origine : FRANCE, Ingrédients : lait écrémé, eau, crème fraîche, sucre, sirop de glucose, lactose et protéines de lait, amandes, huile végétale (palme, palmiste, en proportion variable), arôme naturel, émulsifiants (mono- et diglycérides d'acides gras, E477), stabilisants (farine de graines de caroube, gomme guar, E407a), gousses de vanille épuisées, arôme naturel de vanille, colorants (riboflavines, caroténoïdes). Peut contenir des traces d'autres fruits à coque, d'oeuf et de gluten., -21¢]|"
5,08€ / L"|"
4,32 €"
2419|Crème glacée, parfum vanille, pécan et caramel beurre salé|Le bac de 850ml|[Origine : FRANCE, Ingrédients : lait écrémé, sirop de glucose, eau, sucre, huile végétale de coco, lactose et protéines de lait, morceaux de noix de pécan (2%), lait écrémé concentré sucré (lait écrémé, sucre), beurre concentré, stabilisants (pectines, farine de graines de caroube, gomme guar, carraghénanes, E407a), émulsifiants (mono- et diglycérides d'acides gras), sel, beurre, arôme naturel de vanille, colorants (caramel ordinaire, caroténoïdes, riboflavines), gousses de vanille épuisées. Peut contenir des traces d'autres fruits à coque, d'oeuf et de gluten., -21¢]|"
5,08€ / L"|"
4,32 €"
2420|Crème glacée, Vanille|Le bac de 850ml|[Origine : FRANCE, Ingrédients : lait écrémé, crème fraîche, sirop de glucose, eau, sucre, lactose et protéines de lait, émulsifiant (mono- et diglycérides d'acides gras), stabilisants (farine de graines de caroube, gomme guar, E407a), gousses de vanille épuisées, arôme naturel de vanille, colorants (riboflavines, caroténoïdes). Peut contenir des traces de fruits à coque, d'oeuf et de gluten., -21¢]|"
7,18€ / L"|"
3,71 €"
2425|Cake au citron pur beurre, surgelé|Le paquet de 245g|[Origine : FRANCE, Valeur énergétique en Joules :  1840kj, Valeur énergétique en Kcal : 440kcal, Glucides : 47g, Lipides : 25g, Protides :6,2g]|"
15,71€ / Kg"|"
3,85 €"
2426|Cheesecakes sauce aux fruits rouges, pâtisseries surgelées|La boîte de 2, 150g|[Origine : FRANCE, Fromage 44% (lait écrémé, babeurre, crème, babeurre déshydraté, protéines laitières, ferment lactiques (dont lait), sel), sucre, oeuf entier liquide, farine de blé, beurre 6%, crème fraîche, sucre roux, sirop de sucre inverti, jus de citron, caramel(sucre, sirop de glucose-fructose, eau), purée de framboise 0,2%, épaississants : gomme guar et gomme xanthane, levure chimique (amidon de blé, poudres à lever : diphosphates et carbonates de sodium), eau, extrait de vanille, purée de fraise 0,07%, gélifiant : pectines, sel, amidon de maïs, jus de groseilles concentré, jus de cassis concentré. Traces de soja, fruits à coque et graines de sésame.]|"
23,27€ / Kg"|"
3,49 €"
2427|Coulis de framboise surgelé|La boite de 200g|[Origine : FRANCE, Décongélation : au micro-ondes en position décongélation : 1 minute 30. Au réfrigérateur : 2 heures 30., Framboise 83%, sucre., Valeur énergétique en Joules :  452kj, Valeur énergétique en Kcal : 107kcal, Glucides : 25g, Lipides : traces, Protides :1g, 24 heures dans un réfrigérateur, 3 jours dans le compartiment à glace d'un réfrigérateur, plusieurs mois dans le compartiment à -18°C d'un réfrigérateur*** ou dans un congélateur. Ne jamais recongelerun produit décongelé.]|"
10,25€ / Kg"|"
2,05 €"
2428|Croquant très chocolat|La boîte de 275g|[Origine : FRANCE, Ce dessert est un véritable bonheur de gourmandise. L'harmonie des nuances de chocolat mises en valeur par un croustillant délicat ne pourra que vous séduire., Décongélation : Sortir la barquette de son étui carton et laisser décongeler au réfrigérateur pendant 6 heures. Décongelée, votre pâtisserie peut se conserver 24 heures au réfrigérateur à +3°C. Conseils : Enlever avec précaution le couvercle en déclipsant les pins avec un couteau. Dégager le gâteau en poussant sur le carton du fond par l'ouverture pratiquée sous le support., Croquant chocolat au lait 43% : pâte de noisette, chocolat de ouverture au lait 12% (sucre, beurre de cacao, poudre de lait entier 2,8 %, pâte de cacao 1,4%, emulsifiant : lécithine de soja, arôme vanille), brisures de crêpes dentelle (sucre, farinede blé, matière grasse de lait, matières grasses de palmiste et de coprah partiellement hydrogénées, lactose et protéines de lait, sel, farine de malt d'orge). Mousse au chocolat 42% : crème, chocolat de couverture 12% (pâte de cacao 6,8%, sucre, beurre de cacao, emulsifiant : lécithine de soja, arôme vanille, sucre, blanc d'oeuf, pâte de cacao 0,7%, eau, gélatine de porc, sirop de glucose de blé, amidon de fécule de pomme de terre. Biscuit 11% : sucre, blanc d'oeuf, poudre d'amandes, farine deblé. Décor 4% : noisettes, sucre, huile de tournesol, pâte de cacao, sucre, beurre de cacao, emulsifiant : lécithine de soja, arôme vanille. Présence possible d'arachide., Valeur énergétique en Joules :  2046Kj, Valeur énergétique en Kcal : 492Kcal, Glucides : 36g, Lipides : 35g, Protides :8,2g, 24 heures dans un réfrigérateur. - 3 jours dans le compartiment à glace d'un réfrigérateur. Plusieurs mois dans le compartiment à -18°C d'un réfrigérateur*** ou dans un congélateur jusqu'à la date limite d'utilisation optimale. SURGELÉ. NE JAMAIS RECONGELER UN PRODUIT DÉCONGELÉ]|"
22,44€ / Kg"|"
6,17 €"
2429|Fondant au chocolat|La boîte de 450g|[Origine : FRANCE, Succombez à ce fondant au bon goût de chocolat, comme à la maison !, Sans décongélation. Au four au micro-ondes : 1min30 (à 850 watts). Au four traditionnel à 180°C (th.6) : 6min., Sucre, oeufs, beurre, chocolat 13,5% (pâte de cacao 6,7%, sucre, émulsifiant : lécithine de soja, arôme naturel vanille), farine de blé, eau, poudre de cacao alcalinisée 5,6%. Présence possible de fruits à coque (noix, noisettes, amandes, pistaches)., Valeur énergétique en Joules :  1746Kj, Valeur énergétique en Kcal : 417kcal, Glucides : 51g, Lipides : 21g, Protides :6g, * 24 heures dans un réfrigérateur. ** 3 jours dans le compartiment à glace d'un réfrigérateur. *** plusieurs mois dans le compartiment à -18°C d'un réfrigérateur *** ou dans un congélateur jusqu'à ladate indiquée.]|"
10,51€ / Kg"|"
4,73 €"
2430|Framboises entières, surgelées|Le paquet de 600g|[Origine : FRANCE, Au réfrigérateur : versez les framboises dans un plat adapté et laissez décongeler pendant 8 heures. Au four à micro-ondes (en position décongélation) : versez la quantité souhaitée de framboises dans un plat adapté puis faites décongeler pendant 10minutes en mélangeant à mi-temps. Laissez reposer 15 minutes au réfrigérateur avant de servir., 100% framboise entière. Variété Mecker. Origine Chili, Serbie ou France., Valeur énergétique en Joules :  192kj, Valeur énergétique en Kcal : 46kcal, Glucides : 5,8g, Lipides : 0,45g, Protides :1,2g, 24 heures dans un réfrigérateur. 3 jours dans le compartiment à glace d'un réfrigérateur. Plusieurs mois dans le compartiment à -18°C d'un réfrigérateur ou dans un congélateur. Ne jamais recongeler unproduit décongelé.]|"
8,33€ / Kg"|"
5,00 €"
2431|La délicieuse tarte des Demoiselles Tatin, à réchauffer|Les 2 tartes, 240g|[Origine : FRANCE, Produits prestigieux de notre tradition culinaire, ces tartelettes tatin prendront tout leur éclat si vous les servez chaudes., Sans décongélation préalable. Au four traditionnel : préchauffez votre four à 200-220°C (th7). Dès la sortie du congélateur de la tartelette, enlevez le sachet transparent, enfournez à mi hauteur la tartelette dans son moule, laissez réchauffer 13 minutes. A la sortie du four, passez la lame du couteau entre le moule et la tartelette avant de la démouler, retournez la tartelette sur un plat de service, dégustez la tiède. Au micro-ondes : dès la sortie du congélateur de la tartelette, enlevez lesachet transparent, démoulez la tartelette et placez la sur un plat allant au micro-ondes, laissez réchauffer 1 minute à 750 Watts, dégustez la tiède., Pommes 50%, farine de blé, sucre, caramel 8,2% (sucre, eau, correcteur d'acidité : E524), beurre pâtissier 7,8%, compote de pommes (pommes, sucre, antioxydant E300, acidifiant E330), oeufs entiers, poudre à lever : E450 et E500, sel. Présence possible de soja, de fruits à coque., Valeur énergétique en Joules :  903kJ, Valeur énergétique en Kcal : 214kcal, Glucides : 40g, Lipides : 5,8g, Protides :1g, 24 heures dans un réfrigérateur. 3 jours dans le compartiment à glace d'un réfrigérateur. Plusieurs mois dans le compartiment à -18°C d'un réfrigérateur *** ou dans un congélateur. Ne jamais recongeler un produit décongelé.]|"
17,13€ / Kg"|"
4,11 €"
2432|La tendresse aux noix, macarons moelleux garnis de mousse aux noix, patisserie surgelée|La boîte de 410g|[Origine : FRANCE, Macarons moelleux garnis de mousse aux noix, pâtisserie surgelée., Pour conserver au produit toute sa qualité, prévoyez de sortir le gâteau du congélateur en début de matinée pour un déjeuner, ou en début d'après-midi pour un dîner, et placez-le sous sa cloche dans le bas du réfrigérateur. Ce produit se savoure frais., Sucre glace (sucre, amidon de maïs et pomme de terre), lait entier, amandes 15,7%, beurre, eau, préparation déshydratée pour crème pâtissière (sucre, amidon transformé de pomme de terre, crème en poudre, dextrose, épaississant : alginate de sodium, sel, arôme naturel de vanille, colorant : caroténoïdes), sucre, noix 3,5%, blanc d'oeuf en poudre (blanc d'oeuf, correcteur d'acidité : acide citrique, agent de charge : citrate de triethyl), amandes effilées 1,9%, porto rouge modifié (porto rouge, mélange dénaturant (sel, arôme naturel de poivre), conservateur : anhydride sulfureux), pâte de noix 0,8% (noix 0,7%, sucre), amandes amères 0,1%. Traces de céréales contenant du gluten, soja, graines de sésame, lupin et autres fruits à coque., 24 heures dans un réfrigérateur. 3 jours dans le compartiment à glace d'un réfrigérateur. Plusieurs mois dans le compartiment à -18°C d'un réfrigérateur*** ou dans un congélateur jusqu'à la date limite d'utilisation optimale. Ne jamais recongeler un produit décongelé.]|"
17,56€ / Kg"|"
7,20 €"
2433|Les moelleux au chocolat au Coeur fondant, gâteau à cuire, surgelés|La boîte de 200g|[Origine : FRANCE, Moelleux au chocolat - pâtisseries surgelées., Faites préchauffer le four à 200°C. Sortez les moelleux du congélateur et faites les cuire dans leur moule à mi-hauteur pendant 20 min pour une texture fondante et 22 min pour une texture moelleuse. Attendez 2 à 3 min avant de les démouler sur une assiette. Laissez tiédir 3 min puis déguster., oeufs, sucre, chocolat 19% (pâte de cacao, sucre, beurre de cacao, émulsifiant : lécithine de soja), farine de blé, huile de colza, beurre, gluten de blé., Valeur énergétique en Joules :  2057kj, Valeur énergétique en Kcal : 494kcal, Glucides : 39g, Lipides : 34g, Protides :6,5g, 24h dans un réfrigérateur, 3 jours dans le compartiment à -18°C de votre congélateur, plusieurs mois au congélateur à -18°C. Après décongélation à conserver au réfrigérateur et à consommer dans la journée. Ne jamais recongeler un produit décongelé.]|"
18,85€ / Kg"|"
3,77 €"
2434|Mélange de fruits rouges, surgelés|Le sachet de 600g|[Origine : FRANCE, Au réfrigérateur : étalez les fruits dans un plat adapté sur une seule couche et laissez décongeler pendant 8 heures. Au four à micro-ondes : versez le contenu du sachet dans un plat adapté. Laissez décongeler au four à micro-ondes en position décongélation pendant 11 minutes en mélangeant à mi-temps. Laissez reposer 15 minutes au réfrigérateur avant de servir. Malgré tout le soin apporté à la préparation de ce produit, la présence exceptionnelles de noyaux n'est pas exclue., Framboises 20%, griottes 20%, groseilles 20%, myrtilles 16%, mûres 12%, cassis 12%., Valeur énergétique en Joules :  225kj, Valeur énergétique en Kcal : 54kcal, Glucides : 8,9g, Lipides : 0,47g, Protides :0,75g, 24 heures dans un réfrigérateur. 3 jours dans le compartiment à glace d'un réfrigérateur. Plusieurs mois dans le compartiment à -18°C d'un réfrigérateur*** ou dans un congélateur jusqu'à la date limite d'utilisation optimale. Ne jamais recongeler un produit décongelé.]|"
7,22€ / Kg"|"
4,33 €"
2435|Opéra enchanté|La boîte de 220g|[Origine : FRANCE, Sous le miroir doré de chocolat, rythment les textures de mousseline et de tendres biscuits, valsent les parfums de café et de chocolat... Laissez-vous enchanter par l'opéra., Décongélation : Sortir la barquette de son étui carton et laisserdécongeler au réfrigérateur pendant 4 heures.Décongelée, votre pâtisserie peut se conserver 24 heures auréfrigérateur à +3°C.Conseils : Enlever avec précaution le couvercle en declipsant les coinsavec un couteau. Dégager le gâteau en poussant sur le carton du fond parl'ouverture pratiquée sous le support., Biscuit 33% : oeufs, sucre, poudre d'amandes, blanc d'oeuf, farine de blé. Mousse au chocolat 23% : lait entier, beurre, chocolat de couverture 4,2% (pâte de cacao 2,4%, sucre, beurre de cacao, émulsifiant : lécithine de soja, arôme vanille), sucre,pâte de cacao 1,1%, jaune d'oeuf, amidon de maïs, amidon modifié de maïs, gélifiants : E410 et E412, arôme vanille, colorants : E102 et E110. Mousse parfum café 22% : lait entier, beurre, sucre, extrait naturel de café 1,4% (extrait de café concentré1%, sucre), jaune d'oeuf, amidon de maïs, amidon modifié de maïs, gélifiants : E410 et E412, arôme vanille, colorants : E102 et E110. Punch parfum café 11%, eau, sucre, extrait naturel de café 1,2% (extrait de café concentré 0,8%, sucre), gel de rhum (rhum, colorant : caramel de sulfite caustique). Glaçage 8% : pâte à glacer (sucre, graisse de palmiste hydrogénée, cacao maigre 0,6%, lactose, émulsifiant : lécithine de soja, arômes), huile d'arachide, chocolat de couverture 1,8% (pâte de cacao 1%, sucre, beurre de cacao, émulsifiant : lécithine de soja, arôme vanille). Fond chocolaté 3% : chocolat de couverture 1,3% (pâte de cacao 0,7%, sucre, beurre de cacao, émulsifiant : lécithine de soja, arôme vanille), pâte à glacer (sucre, graisse depalmiste hydrogénée, cacao maigre 0,2%, lactose, émulsifiant : lécithine de soja, arômes)., Valeur énergétique en Joules :  1688Kj, Valeur énergétique en Kcal : 405Kcal, Glucides : 33g, Lipides : 27g, Protides :7,5g, 24 heures dans un réfrigérateur. 3 jours dans le compartiment à glace d'un réfrigérateur. Plusieurs mois dans le compartiment à -18°C d'un réfrigérateur *** ou dans un congélateur jusqu'à la date limite d'utilisation optimale. SURGELÉ. NE JAMAIS RECONGELER UN PRODUIT DÉCONGELÉ]|"
28,05€ / Kg"|"
6,17 €"
2436|Petits fours sucrés pâtisserie|La boîte de 12, 180g|[Origine : FRANCE]|"
33,83€ / Kg"|"
6,09 €"
2437|Petits macarons à la pistache, chocolat, framboise et cappuccino|La boîte de 12, 120g|[Origine : FRANCE, Des petites douceurs toutes en rondeurs et en couleurs. Ces macarons sont décidément craquants! Avec leur coeur moelleux et savoureux, c'est irrésistible., Retirer la barquette de l'étui dès la sortie du congélateur. - Découper les extrémités du sachet de protection. Laisser décongeler au réfrigérateur entre 0°C et +4°C, pendant 4 heures. Ne pas décongeler au micro-ondes Conseil : Ne pas déguster ce produit trop frais., Macarons Saveur Pistache : sucre, amandes 21%, blancs d'oeuf 17% (blancs d'oeuf, gélifiant : gomme xanthane, acidifiant : acide citrique, agent foisonnant : citrate de triéthyle), beurre, oeufs entiers, crème (crème de lait, protéines de lait, stabilisant : carraghénanes), arôme pistache, spiritueux à base de kirsch (eau de vie de kirsch, gélifiant : gomme xanthane de blé), amidon de maïs, colorants : tartrazine et indigotine. (Pourcentages exprimés sur le macaron saveur pistache). Macarons à laFramboise : sucre, fourrage framboise 22% (framboises 52%, sucre, sirop de glucose de blé, gélifiants : alginate de sodium et pectine de citron, acidifiant : acide citrique), amandes 19%, blancs d'oeuf 17% (blancs d'oeuf, gélifiant : gomme xanthane,acidifiant acide citrique, agent foisonnant : citrate de triéthyle), amidon de maïs, colorant : rouge allura. (Pourcentages exprimés sur le macaron à la framboise). Macarons au café : sucre, amandes 17%, blancs d'oeuf 16% (blancs d'oeuf, gélifiant :gomme xanthane, acidifiant : acide citrique, agent foisonnant citrate de triéthyle), crème (crème de lait, protéines de lait, stabilisant : carraghénanes), chocolat noir (pâte de cacao, sucre, èmulsifiant : lécithine de soja), chocolat au lait (sucre, poudre de h lait entier, beurre de cacao, pâte de cacao, poudre de lait écrémé, èmulsifiant : lécithine de soja), beurre, sirop de glucose de blé, amidon de maïs, café 0,6%, colorant : caramel, sucre inverti. (Pourcentages exprimés sur le macaronau café). Macarons au Chocolat : sucre, chocolat noir 16% (pote de cacao, sucre, èmulsifiant : lécithine de soja), amandes 15%, crème (crème de lait, protéines de lait, stabilisant : carraghénanes), blancs d'oeuf 14% (blancs d'oeuf, gélifiant : gommexanthane, acidifiant : acide citrique, agent foisonnant : citrate de triéthyle), sirop de glucose de blé, beurre, amidon de maïs, cacao maigre en poudre 0,4%, colorants : tartrazine, rouge allura et bleu brillant (dont dextrose de blé), sucre inverti. (Pourcentages exprimés sur le macaron au chocolat). Traces d'autres fruits à coques., Valeur énergétique en Joules :  1842Kj, Valeur énergétique en Kcal : 439Kcal, Glucides : 57g, Lipides : 19g, Protides :10g, Après ouverture, à conserver au réfrigérateur et à consommer dans les 24 heures.]|"
42,83€ / Kg"|"
5,14 €"
2438|Petits macarons caramel au beurre salé, fruits rouges, mangue-passion, vanille|La boîte de 12, 120g|[Origine : FRANCE, Caramel au beurre salé: Sucre glace, caramel au beurre salé 4,9% (sirop de glucose- fructose de blé et de maïs, lait concentré sucré, beurre demi- sel, sucre, sel, eau), amande 4,5%, eau, blanc d'oeuf liquide, sucre, caramel aromatique 0,5% (sucre, sirop de glucose de bl{, eau), amidon transform{ de manioc, f{cule de manioc, blanc d'oeuf en poudre. Fruits rouges: Sucre glace, amande 4,7%, pur{e de framboise 3,6% (framboise 3,2%, sirop de sucre inverti), blanc d'oeuf liquide, eau, pur{e de cassis1,8%, (cassis 1,6%, sucre), sucre, myrtille 0,6%, colorant: E162, amidon transform{ de manioc, g{lifiant: E440ii, blanc d'oeuf en poudre. Mangue et aux Fruits de la Passion: Sucre glace, amande 4,7%, compot{e de mangue 3,2% (mangue 3%, sucre, siropde glucose- fructose de bl{, correcteur d'acidit{: E330), blanc d'oeuf liquide, pur{e de mangue 2,1% (mangue 1,9%, sucre, eau), eau, sucre, pur{e de la passion 1,1% (fruits de la passion 0,99%, sucre), g{lifiant: E440ii, blanc d'oeuf en poudre, arômenaturel de mangue et arôme naturel de passion (c{leri), colorant: E100. Vanille: Sucre glace, amande 4,6%, blanc d'oeuf liquide, beurre, sucre, eau, lait demi {cr{m{, jaune d'oeuf, arômes naturels de vanille (bl{) 0,1%, blanc d'oeuf en poudre, gousse de vanille {puis{es en poudre 1,01%. Pr{sence possible de gluten, s{same et soja., Valeur énergétique en Joules :  1846Kj, Valeur énergétique en Kcal : 441Kcal, Glucides : 51g, Lipides : 23g, Protides :7,5g]|"
42,83€ / Kg"|"
5,14 €"
2439|Tarte aux framboises, déjà cuite|La boîte de 500g|[Origine : FRANCE, Succombez à cette délicieuse tarte fruitée garnie de belles framboises entières déposées sur une pâte sablée croustillante pur beurre. Facile à préparer, cette tarte aux framboises est un dessert idéal pour vos repas ou vos goûters., 6 personnes. Sans décongélation préalable : au four traditionnel : préchauffez votre four pendant 10 minutes environ (210°C - th.7). Sortez la tarte de son étui carton, ôtez le sachet transparent et le moule en aluminium. Placez-la sur un plat allantau four ou sur une grille à mi-hauteur recouverte de papier sulfurisé. Réchauffez la tarte pendant 10 à 15 minutes puis laissez refroidir pendant 10 minutes avant de servir. Après réchauffage, cette tarte aux framboises se conserve 24 heures au réfrigérateur. Avec décongélation traditionnelle au réfrigérateur : sortez la tarte de son étui carton, ôtez le sachet transparent et le moule en aluminium. Placez-la sur un plat de service et laissez-la décongeler au réfrigérateur pendant 4 heures 30 à5 heures. Laissez-la revenir en température 30 minutes avant de servir. Une fois décongelée, la tarte peut être conservée 24 heures au réfrigérateur. Pour obtenir une pâte sablée bien croustillante, nous vous conseillons le mode d'emploi au four traditionnel., Framboises 36%, préparation à base de framboise 22% (sucre, eau, purée de framboises 3.7%, sirop de glucose de blé, gélifiant : E440ii, arôme naturel framboise, acidifiant : E330), farine de blé, nappage (eau, sucre, sirop de glucose de blé, gélifiant : E440ii, acidifiant : E330), sucre, beurre pâtissier 5%, oeufs, eau, poudres à lever : E450i et E500ii, sel. Présence possible de soja et de fruits à coque., Valeur énergétique en Joules :  979Kj, Valeur énergétique en Kcal : 232Kcal, Glucides : 42g, Lipides : 6g, Protides :2,5g, * 24 heures dans un réfrigérateur. ** 3 jours dans le compartiment à glace d'un réfrigérateur. *** Plusieurs mois dans le compartiment à -18°C d'un réfrigérateur *** ou dans un congélateur jusqu'à ladate limite d'utilisation optimale. Attention : ne jamais recongeler un produit décongelé.]|"
9,28€ / Kg"|"
4,64 €"
2440|Tarte citron meringuée, pâte sablée pur beurre, surgelée|La boîte de 500g|[Origine : FRANCE, Sans décongélation préalable. Au four traditionnel : préchauffez le four 15 min à 210°C, thermostat 7. Dès la sortie du congélateur, enlevez la cloche transparente, et démoulez la tarte puis placez la sur un plat allant au four. Mettez la tarte au four à mi hauteur pendant 5 min. laissez la refroidir 30 min avant de servir., Garniture de citron 41,3% (jus de citron reconstitué 16%, oeufs entiers, sucre, beurre concentré 2,1%, eau, amidon transformé de pommes de terre, amidon de blé, arôme naturel de citron), pâte sablée au beurre 32,1% (farine de blé, sucre, beurre concentré 5,1%, oeufs entiers, eau, poudres à lever (E450i, E500ii), sel), meringue 26,6% (sucre, blancs d'oeufs, poudre de blancs d'oeuf). Présence possible de fruits à coque et de soja., Valeur énergétique en Joules :  1456kj, Valeur énergétique en Kcal : 347kcal, Glucides : 47g, Lipides : 15g, Protides :6g, 24 heures dans un réfrigérateur, 3 jours dans le compartiment à glace d'un réfrigérateur, plusieurs mois dans le compartiment à -18°C d'un réfrigérateur*** ou d'un congélateur. Après décongélation, àconserver au réfrigérateur et à consommer dans la journée. Ne jamais recongeler un produit décongelé.]|"
9,78€ / Kg"|"
4,89 €"
2441|Tarte Tatin, déjà cuite|La boîte de 600g|[Origine : FRANCE, Succombez à cette délicieuse tarte Tatin garnie de belles tranches de pommes caramélisées sur une pâte sablée pur beurre. Accompagnée d'une boule de glace à la vanille, elle saura séduire les gourmands !, 6 personnes. Sans décongélation préalable. Au four traditionnel : préchauffez votre four pendant 10 minutes environ (210°C - th.7). Sortez la tarte Tatin de son étui carton et ôtez le sachet transparent. Placez-la dans son moule sur une grille à mi-hauteur et laissez réchauffer pendant 20 minutes. Dès la sortie du four, passez une lame de couteau entre le moule et la tarte et démoulez en retournant la tarte Tatin sur un plat. Nous vous conseillons de déguster cette tarte Tatin tiède. Après réchauffage, cette tarte Tatin se conserve 24 heures au réfrigérateur., Pommes 55%, farine de blé, sucre, beurre pâtissier 7.3%, caramel 5% (sucre, eau, correcteur d'acidité : E524, matière grasse de coprah), préparation à base de pommes 4% (pommes 3.5%, sucre, gélifiant : E440ii, antioxygène : E300), oeufs, eau, poudresà lever : E450i et E500ii, sel. Présence possible de soja et de fruits à coque., Valeur énergétique en Joules :  940Kj, Valeur énergétique en Kcal : 224Kcal, Glucides : 36g, Lipides : 8g, Protides :1,9g, * 24 heures dans un réfrigérateur. ** 3 jours dans le compartiment à glace d'un réfrigérateur. *** Plusieurs mois dans le compartiment à -18°C d'un réfrigérateur *** ou dans un congélateur jusqu'à ladate limite d'utilisation optimale. Attention : ne jamais recongeler un produit décongelé.]|"
7,73€ / Kg"|"
4,64 €"
2442|Tendresse aux framboises|La boîte de 250g|[Origine : FRANCE, Le parfum, subtil des framboises entières, la finesse d'une mousse saveur vanille, le moelleux de 2 biscuits : une alliaince tout en tendresse., Décongélation : Sortir la barquette de son étui carton et laisser décongeler au réfrigérateur pendant 8 heures. Décongelée, votre pâtisserie peut se conserver 24 heures au réfrigérateur à +3°C. Conseils : Enlever avec précaution le couvercle en déclipsant les coins avec un couteau. Dégager le gâteau en poussant sur le carton du fond par l'ouverture pratiquée sous le support., Mousse saveur vanille 39% : crème, lait entier, sucre, jaune d'oeuf, beurre, amidon de maïs, arôme vanille, gélatine de porc, amidon modifié de maïs, sirop de glucose de blé, amidon de fécule de pomme de terre, gélifiants : E410 et E412, colorants :E102 et E110. Biscuit 33% : blanc d'oeuf, sucre, poudre d'amandes, sucre glace, farine de blé, noix de coco râpée. Framboises 27%. Décor 1% : sucre, amidon de blé, huile de palme. Présence possible d'arachide., Valeur énergétique en Joules :  1119Kj, Valeur énergétique en Kcal : 268Kcal, Glucides : 28g, Lipides : 15g, Protides :5,2g, 24 heures dans un réfrigérateur. - 3 jours dans le compartiment à glace d'un réfrigérateur. Plusieurs mois dans le compartiment à -18°C d'un réfrigérateur *** ou dans un congélateur jusqu'à la date limite d'utilisation optimale. SURGELÉ. NE JAMAIS RECONGELER UN PRODUIT DÉCONGELÉ]|"
24,68€ / Kg"|"
6,17 €"
2443|Crème glacée au tiramisu et cacao|Les 2 coupes de 90g|[Origine : FRANCE, Valeur énergétique en Joules :  1343kj, Valeur énergétique en Kcal : 322kcal, Glucides : 28,7g, Lipides : 21,0g, Protides :4,6g]|"
27,05€ / L"|"
5,14 €"
2444|Crème glacée marbrée cerise, crème sabayon, cerise entière|Les 2 coupe de 90g|[Origine : FRANCE, Valeur énergétique en Joules :  1343kj, Valeur énergétique en Kcal : 322kcal, Glucides : 28,7g, Lipides : 21,0g, Protides :4,6g]|"
28,56€ / L"|"
5,14 €"
2447|Obsession chocolat-framboises|La boite de 405g|[Origine : FRANCE, Avec l'Obsession chocolat-framboise, les Chefs pâtissiers Lenôtre ont élaboré pour vous une recette d'exception, tout en finesse et délicatesse. Succombez au mariage exquis de saveurs et de textures : le fondant de la mousse et le croustillant de lafeuilletine, la rondeur du chocolat et la note acidulée de la framboise. Labeyrie, la marque du plaisir raffiné par excellence, a conjugué son savoir-faire à celui de la Maison Lenôtre pour vous offrir ce grand dessert pâtissier., 6 parts. Pour conserver au produit toutes ses qualités gustatives, prévoyez de sortir le gâteau du congélateur la veille au soir pour un déjeuner, ou en début de matinée pour un dîner. Placez-le sous  sa cloche dans le bas du réfrigérateur. Si vous êtes pressé, vous pouvez sortir le gâteau du congélateur, et le laisser à température ambiante sous sa cloche 2h30 environ. Ce produit se savoure très frais., Mousse de chocolat aux éclats de framboises, sur un fond feuilletine au praliné (24%) et de biscuit au cacao (13%) nappée dun glaçage au chocolat : Crème (crème, protéines de lait, gélifiant : carraghénanes), chocolats (23%) (Pâte de cacao, sucre, beurre de cacao, arôme, émulsifiant : lécithine de soja), sucre, éclats de framboises (10,9%), praliné noisettes et amandes (9,2%) (sucre, noisettes, amandes, émulsifiant : lécithine de soja), blanc d'oeuf reconstitué (blanc doeuf, acidifiant : acidecitrique, agent foisonnant : E1505), huiles et matières grasses végétales, oeufs, lait entier, farine de blé, cacao maigre en poudre (2%), sirop de glucose, sirop de sucre inverti, sirop de glucose et fructose, matière grasse de lait anhydre, lactose, lait écrémé en poudre, protéines de lait, pâte de cacao, sel, arôme, colorant : extrait de paprika, gélifiant : pectine, poudre à lever : carbonate acide de sodium, émulsifiants : lécithine de soja, E473, acidifiant : acide citrique, farine de malt dorge, conservateur : sorbate de potassium. Décor (1,0%) : Chocolats (sucre, pâte de cacao, beurre de cacao, lait entier en poudre, arôme, colorants : cochenille, curcumine, E171). Contient : gluten, oeuf, soja, lait, amandes et noisettes., Valeur énergétique en Joules :  1559kj, Valeur énergétique en Kcal : 374kcal, Glucides : 32g, Lipides : 24g, Protides :5,5g, Une fois décongelé, 2 jours dans un réfrigérateur. 4 jours dans le compartiment à glace du réfrigérateur. Plusieurs mois à -18°C jusqu'à la date de consommation optimale recommandée sur l'emballage. Ne jamais recongeler un produit décongelé.]|"
23,95€ / Kg"|"
9,70 €"
2450|Plaisir au chocolat, macaron moelleux, mousse chocolat noir|La boite de 405g|[Origine : FRANCE, Avec le Plaisir au Chocolat, les Chefs pâtissiers Lenôtre ont élaboré pour vous une recette d'exception, tout en finesse et délicatesse. Ce grand classique allie des saveurs et des contrastes subtiles : un tendre macaron et une mousse au chocolat noir intense. Labeyrie, la marque du plaisir raffiné par excellence, a conjugué son savoir-faire à celui de la Maison Lenôtre pour vous offrir ce grand dessert pâtissier., Pour conserver au produit toutes ses qualités gustatives, prévoyez de sortir le gâteau du congélateur la veille au soir pour un déjeuner, ou en début de matinée pour un dîner. Placez-le sous sa cloche dans le bas de réfrigérateur. Si vous êtes pressé, vous pouvez sortir le gâteau du congélateur, et laissez-le à température ambiante sous sa cloche 1h30 environ. Ce produit se savoure très frais., Macarons moelleux, mousse de chocolat noir (98,3%) : sucre, blanc d'oeuf réhydraté (blanc d'oeuf, agent foisonnant : E1505, correcteur d'acidité : acide citrique), crème (crème, protéines de lait, gélifiant : carraghénanes), amandes (16%), oeufs, chocolats noirs (11%) (pâte de cacao, sucre, beurre de cacao, émulsifiant : lécithine de soja, arôme), beurre, cacao en poudre, margarine (matières grasses végétales, eau, sel, émulsifiant : mono- et diglycérides d'acides gras, correcteur d'acidité : acide citrique). Décor (1,7%) : noisettes, chocolat noir (pâte de cacao, sucre, beurre de cacao, arôme, colorants : curcumine, E171), cacao maigre en poudre. Contient : oeufs, lait, amande, noisette, soja., Valeur énergétique en Joules :  1745kj, Valeur énergétique en Kcal : 419kcal, Glucides : 31g, Lipides : 27g, Protides :11g, Une fois décongelé, 2 jours dans un réfrigérateur. 4 jours dans le compartiment à glace du réfrigérateur. Plusieurs mois à -18°C jusqu'à la date de consommation optimale recommandée sur l'emballage. Ne jamais recongeler un produit décongelé.]|"
25,95€ / Kg"|"
10,51 €"
2453|Plaisir framboises-nougatine|La boite de 410g|[Origine : FRANCE, Avec le Plaisir Framboises-Nougatine, les Chefs pâtissiers Lenôtre ont élaboré pour vous une recette d'exception, moderne et délicate, aux saveurs fraîches et légères. Au coeur de dacquoises roses, savourez une crème rehaussée d'éclats de nougatine et associée à la douce acidité de framboises entières. Labeyrie, la marque du plaisir raffiné par excellence, a conjugué son savoir-faire à celui de la Maison Lenôtre pour vous offrir ce grand dessert pâtissier., Pour conserver au produit toutes ses qualités gustatives, prévoyez de sortir le gâteau du congélateur la veille au soir pour un déjeuner, ou en début de matinée pour un dîner. Placez-le sous sa cloche dans le bas de réfrigérateur. Si vous êtes pressé, vous pouvez sortir le gâteau du congélateur, et laissez-le à température ambiante sous sa cloche 1h30 environ. Ce produit se savoure très frais., Macarons, crème, nougatine, framboises (99,3%) : sucre, eau, amandes 13%*, beurre, framboises 10%*, lait entier, nougatine 5,7%* (sirop de glucose, sucre, amandes, noisettes), jaunes d'oeufs, blancs d'oeufs en poudre (blancs d'oeufs, correcteur d'acidité : acide citrique, agent moussant : E1505), farine de blé, amidon, colorants : caramel ordinaire, carmins, arôme vanille. *Pourcentages exprimés sur les macarons garnis. Décor (0,7%) : chocolat (pâte de cacao, sucre, beurre de cacao, vanille naturelle, colorants : E171, curcumine). Contient : céréales contenant du gluten, oeufs, lait et fruits à coque (amande et noisette)., Valeur énergétique en Joules :  1711kj, Valeur énergétique en Kcal : 410kcal, Glucides : 39,2g, Lipides : 24g, Protides :8g, Une fois décongelé, 48 heures dans un réfrigérateur à +4°C. **3 jours dans le compartiment à glace du réfrigérateur. ***Plusieurs mois à -18°C jusqu'à la date de consommation optimale recommandée surl'emballage. Ne jamais recongeler un produit décongelé.]|"
25,63€ / Kg"|"
10,51 €"
2454|Mystère à la vanille, coeur meringué|La boîte de 4, 520ml|[Origine : FRANCE, Glace vanille, enrobage de praliné (25%), meringue (5%). 4 coques individuelles., Pour apprécier toute l'onctuosité de votre Extrême Mystère, sortez-le du congélateur 5 minutes avant de déguster., Ingrédients : lait écrémé, sucre, noisettes (12,5%),  sirop de glucose, eau, huile végétale de coco, lactose et protéines de lait, blanc d'oeuf, émulsifiant (mono- et diglycérides d'acides gras), stabilisants (farine de graines de caroube, gomme guar, E407a, gomme xanthane), gousses de vanille épuisées (0,1%), arôme naturel de vanille, colorants (caroténoïdes, riboflavines). Peut contenir des traces d'autres fruits à coque et de gluten., A conserver à -18°C]|"
6,98€ / L"|"
3,63 €"
2455|Mystère caramel spéculoos, coeur caramel|La boîte de 4, 520ml|[Origine : FRANCE, Ingrédients : lait écrémé, huiles végétales (coco, colza, palme), sauce caramel (sucre, eau, sirop de glucose-fructose), sucre, eau, sirop de glucose, lactose et protéines de lait, caramel (1,7%) (lait écrémé en poudre, petit-lait, sucre, beurre, arôme naturel), lait entier en poudre, farine de blé, colorants (caramel ordinaire, caroténoïdes, riboflavines), matière grasse de lait, cacao maigre (0,3%), émulsifiants (mono- et diglycérides d'acides gras, lécithines de soja), lait entier, stabilisants (gomme guar, farine de graines de caroube, E407a), arômes naturels,  paprika, cannelle en poudre, arôme naturel de vanille, arôme naturel d'amande, poudre à lever (diphosphates, carbonates de sodium), amidon de blé. Peut contenir des traces d'autres fruits à coque et d'oeuf.]|"
9,81€ / Kg"|"
4,17 €"
2456|Sandwich à la crème glacée|La boîte de 4, 220 ml|[Origine : FRANCE]|"
15,68€ / L"|"
3,45 €"
2457|Biscuit glacé à la vanille et au caramel|La boîte de 350g|[Origine : ROYAUME UNI, Lait écrémé réhydraté, matière grasse végétale, sucre, sirop de glucose-fructose, eau, lactose et protéines de lait, farine de blé, sirop de sucre caramélisé, flocon d'avoine, sirop de glucose, arômes, beurre de cacao, émulsifiants (mono-et diglycérides d'acides gras, esters citriques des mono-et diglycérides d'acides gras, phosphatides d'ammonium, lécithine de soja), lait en poudre entier, lait en poudre écrémé, cacao maigre en poudre, stabilisants (farine de graines de caroube, gomme guar, carraghénanes), sel, poudre à lever (carbonate acide de sodium), colorants (caroténoïdes), pâte de cacao. Sans colorant ni arôme artificiel., Valeur énergétique en Joules :  1200kj, Valeur énergétique en Kcal : 287kcal, Glucides : 28g, Lipides : 19g, Protides :3,5g, A conserver à - 18°.]|"
5,26€ / L"|"
3,42 €"
2458|Crème glacée aux marrons façon Mont-blanc|Le pot de 500ml|[Origine : FRANCE, IngrÍdients : pÇte et crÈme de marron 34% (marron, sucre, vanille), crÈme,sucre, eau, jaune d'oeuf, morceaux de marrons glacÍs 5,7% (marrons, sucre,vanille), meringues 1,8% (sucre, amidon de blÍ, blanc d'oeuf, ar«me),Ímulsifiant : mono et di-glycÍrides d'acides gras (issus d?huiles vÍgÍtales),Ípaississants : farine de graine de guar, caroube, carraghÍnanes (extraitd'algues).                   AllergÈnes : contient des ingrÍdients Å base de lait, oeuf et blÍ., Valeur énergétique en Joules :  1146, Valeur énergétique en Kcal : 273, Glucides : 39.3, Lipides : 12, Protides :2, -18¢C]|"
13,40€ / Kg"|"
6,70 €"
2459|Glace au chocolat noir et copeaux de chocolat craquants|Le pot de 500ml|[Origine : FRANCE, lait entier, chocolat noir Å 55% de cacao (18,5%) (fÈves de cacao, sucre, beurre de cacao, Ímulsifiant : lÍcithine de soja, ar«me : vanille naturelle), copeaux de chocolat 7% (sucre, pÇte et beurre de cacao,Ímulsifiant : lÍcithine de soja, vanille naturelle), sucre, sucre inverti, crÈme fraÓche, lait ÍcrÍmÍ en poudre, cacao en poudre, Ímulsifiant : mono et di-glycÍrides d'acides gras (issus d?huiles vÍgÍtales), Ípaississants : farine de graine de guar, caroube. AllergÈnes : contient des ingrÍdients Å base de lait et soja., Valeur énergétique en Joules :  1017, Valeur énergétique en Kcal : 243, Glucides : 27.3, Lipides : 12.9, Protides :4.3, -18¢C]|"
13,40€ / L"|"
6,70 €"
2460|Crème glacée, Chocolate fudge brownie|Le pot de 500ml|[Origine : PAYS-BAS, Dans nos glaces, il y a de gros morceaux de brownies. Et ces morceaux viennent d'une boulangerie de New York, un peu spéciale Non seulement elle fabrique selon nous les meilleurs brownies du monde, mais en plus, elle aide les sans-abris à devenir indépendants, en leur apportant un savoir-faire et un métier., Eau, crème (25%), sucre*, lait concentré écrémé, cacao en poudre*, farine de blé, cacao maigre en poudre*, beurre, jaune d'oeuf**, beurre, oeuf, blanc d'oeuf déshydraté, stabilisants (gomme guar, carraghénanes), sel, extrait de vanille*, poudre à lever (carbonate de sodium).*Ingrédients issus du commerce équitable. ** OEufs de poules élevées en plein air., Valeur énergétique en Kcal : 220kcal, Glucides : 28g, Lipides : 12g, Protides :3,5g, A conservez à -18°C]|"
12,34€ / L"|"
6,17 €"
2461|Crème glacée, Chocolate fudge brownie|Le pot de 500ml|[Origine : PAYS-BAS, Dans nos glaces, il y a de gros morceaux de brownies. Et ces morceaux viennent d'une boulangerie de New York, un peu spéciale Non seulement elle fabrique selon nous les meilleurs brownies du monde, mais en plus, elle aide les sans-abris à devenir indépendants, en leur apportant un savoir-faire et un métier., Eau, crème (25%), sucre*, lait concentré écrémé, cacao en poudre*, farine de blé, cacao maigre en poudre*, beurre, jaune d'oeuf**, beurre, oeuf, blanc d'oeuf déshydraté, stabilisants (gomme guar, carraghénanes), sel, extrait de vanille*, poudre à lever (carbonate de sodium).*Ingrédients issus du commerce équitable. ** OEufs de poules élevées en plein air., Valeur énergétique en Kcal : 220kcal, Glucides : 28g, Lipides : 12g, Protides :3,5g, A conservez à -18°C]|"
12,34€ / L"|"
6,17 €"
2462|Crème glacée, Chunky Mix|Les 4 pots de 100ml|[Origine : PAYS-BAS, The Vermonster : Crème (28%), eau, lait concentré écrémé, sucre, sirop de glucose, sirop d'érable (4%), noix de pécan (2%), jaune d'oeuf*, lait concentré écrémé sucré, matière grasse du lait, stabilisants (gomme guar, carraghénanes), sel, arôme naturel, correcteur d'acidité (carbonates de sodium), extrait de vanille. Peut contenir, autres fruits à coque, arachides. Ingrédients conformes aux standards du commerce équitable : sucre et vanille (14% du poids total). Chunky Monkey : Crème (25%), sucre, eau, lait concentré écrémé, noix, purée de banane (4%), sirop de glucose-fructose, huile de coco, jaune d'oeuf*, cacao maigre en poudre, jus de citron à base de jus concentré, stabilisants (gomme guar, carraghénanes), émulsifiant (lécithine de soja), matière grasse du lait, extrait de vanille, extrait de café, arôme naturel. Peut contenir : autres fruits à coque, arachides.Ingrédients conformes aux standards du commerce équitable : sucre, banane, cacao, vanille et café (25% du poids total). Cookie Dough : Crème (28%), eau, sucre, lait concentré écrémé, farine de blé, jaune d'oeuf*, huile de coco, matière grasse du lait, cacao maigre en poudre, oeuf, sucre roux, huile de soja, pâte de cacao, mélasse, extrait de vanille, arômes, stabilisants (gomme guar, carraghénanes), sel, beurre de cacao, émulsifiant (lécithine de soja), extrait de café. Ingrédients conformes aux standards du commerce équitable : sucre**, vanille** et café (20% du poids total). *oeufs de poules élevées en pleinair. **A l'exception de ceux contenus dans les pépites de chocolat de la pâte de cookie. Chocolate fudge brownie : Crème (25%), eau, sucre, lait concentré écrémé, cacao en poudre, farine de blé, huile de colza, jaune d'oeuf*, oeuf en poudre, sirop deglucose, cacao maigre en poudre, stabilisants (gomme guar, carraghénanes), sel. Peut contenir : fruits à coque. Ingrédients conformes aux standards du commerce équitable : sucre et cacao (27% du poids total).*Oeufs de poules élevées en plein air]|"
15,33€ / L"|"
6,13 €"
2463|Crème glacée, Chunky Mix|Les 4 pots de 100ml|[Origine : PAYS-BAS, The Vermonster : Crème (28%), eau, lait concentré écrémé, sucre, sirop de glucose, sirop d'érable (4%), noix de pécan (2%), jaune d'oeuf*, lait concentré écrémé sucré, matière grasse du lait, stabilisants (gomme guar, carraghénanes), sel, arôme naturel, correcteur d'acidité (carbonates de sodium), extrait de vanille. Peut contenir, autres fruits à coque, arachides. Ingrédients conformes aux standards du commerce équitable : sucre et vanille (14% du poids total). Chunky Monkey : Crème (25%), sucre, eau, lait concentré écrémé, noix, purée de banane (4%), sirop de glucose-fructose, huile de coco, jaune d'oeuf*, cacao maigre en poudre, jus de citron à base de jus concentré, stabilisants (gomme guar, carraghénanes), émulsifiant (lécithine de soja), matière grasse du lait, extrait de vanille, extrait de café, arôme naturel. Peut contenir : autres fruits à coque, arachides.Ingrédients conformes aux standards du commerce équitable : sucre, banane, cacao, vanille et café (25% du poids total). Cookie Dough : Crème (28%), eau, sucre, lait concentré écrémé, farine de blé, jaune d'oeuf*, huile de coco, matière grasse du lait, cacao maigre en poudre, oeuf, sucre roux, huile de soja, pâte de cacao, mélasse, extrait de vanille, arômes, stabilisants (gomme guar, carraghénanes), sel, beurre de cacao, émulsifiant (lécithine de soja), extrait de café. Ingrédients conformes aux standards du commerce équitable : sucre**, vanille** et café (20% du poids total). *oeufs de poules élevées en pleinair. **A l'exception de ceux contenus dans les pépites de chocolat de la pâte de cookie. Chocolate fudge brownie : Crème (25%), eau, sucre, lait concentré écrémé, cacao en poudre, farine de blé, huile de colza, jaune d'oeuf*, oeuf en poudre, sirop deglucose, cacao maigre en poudre, stabilisants (gomme guar, carraghénanes), sel. Peut contenir : fruits à coque. Ingrédients conformes aux standards du commerce équitable : sucre et cacao (27% du poids total).*Oeufs de poules élevées en plein air]|"
15,33€ / L"|"
6,13 €"
2466|Crème glacée, Classic Mix|Les 4 pots de 100ml|[Origine : PAYS-BAS]|"
15,33€ / L"|"
6,13 €"
2467|Crème glacée, Classic Mix|Les 4 pots de 100ml|[Origine : PAYS-BAS]|"
15,33€ / L"|"
6,13 €"
2468|Crème glacée, Cookie Dough|Le pot de 500ml|[Origine : PAYS-BAS, Crème (27%), eau, lait concentré écrémé, sucre, farine de blé, sucre roux, jaune d'oeuf*, beurre, matière grasse végétale, oeuf, pâte de cacao, cacao maigre en poudre, arôme naturel de vanille, stabilisants (gomme guar, carraghénanes), mélasses, arômes naturels, sel, beurre de cacao, matière grasse du lait, émulsifiant (lécithine de soja). *OEufs de poules élevées en plein air., Valeur énergétique en Kcal : 230kcal, Glucides : 26g, Lipides : 13g, Protides :3,5g, A conserver à -18°C.]|"
12,28€ / L"|"
6,14 €"
2469|Crème glacée, Cookie Dough|Le pot de 500ml|[Origine : PAYS-BAS, Crème (27%), eau, lait concentré écrémé, sucre, farine de blé, sucre roux, jaune d'oeuf*, beurre, matière grasse végétale, oeuf, pâte de cacao, cacao maigre en poudre, arôme naturel de vanille, stabilisants (gomme guar, carraghénanes), mélasses, arômes naturels, sel, beurre de cacao, matière grasse du lait, émulsifiant (lécithine de soja). *OEufs de poules élevées en plein air., Valeur énergétique en Kcal : 230kcal, Glucides : 26g, Lipides : 13g, Protides :3,5g, A conserver à -18°C.]|"
12,28€ / L"|"
6,14 €"
2470|Crème glacée, Peanut Butter Cup|Le pot de 500ml|[Origine : PAYS-BAS]|"
12,34€ / L"|"
6,17 €"
2471|Crème glacée, Peanut Butter Cup|Le pot de 500ml|[Origine : PAYS-BAS]|"
12,34€ / L"|"
6,17 €"
2472|Crème glacée Caramel Sutra|Le pot de 500ml|[Origine : FRANCE, Un coeur de sauce caramel (12%) entouré de crèmes glacées chocolat et caramel avec des pépites cacaotées (4%)., Crème (26%), eau, lait concentré écrémé, sucre, lait concentré entier sucré, sirop de glucose, poudre de cacao, jaune d'oeuf*, huile de coco, cacao maigre en poudre, matière grasse du lait, stabilisants (gomme guar, carraghénanes, pectines), sel, émulsifiants (lécithine de soja, lécithine de tournesol), extrait de vanille, correcteurs d'acidité (carbonates de sodium, acide citrique). Ingrédients conformes aux standards du commerce équitable : sucre, cacao et vanille (19% du poids total). *oeufsde poules élevées en plein air., Valeur énergétique en Joules :  1100kj, Valeur énergétique en Kcal : 260kcal, Glucides : 27g, Lipides : 14g, Protides :4g, A conserver à -18°C.]|"
12,26€ / L"|"
6,13 €"
2473|Crème glacée Caramel Sutra|Le pot de 500ml|[Origine : FRANCE, Un coeur de sauce caramel (12%) entouré de crèmes glacées chocolat et caramel avec des pépites cacaotées (4%)., Crème (26%), eau, lait concentré écrémé, sucre, lait concentré entier sucré, sirop de glucose, poudre de cacao, jaune d'oeuf*, huile de coco, cacao maigre en poudre, matière grasse du lait, stabilisants (gomme guar, carraghénanes, pectines), sel, émulsifiants (lécithine de soja, lécithine de tournesol), extrait de vanille, correcteurs d'acidité (carbonates de sodium, acide citrique). Ingrédients conformes aux standards du commerce équitable : sucre, cacao et vanille (19% du poids total). *oeufsde poules élevées en plein air., Valeur énergétique en Joules :  1100kj, Valeur énergétique en Kcal : 260kcal, Glucides : 27g, Lipides : 14g, Protides :4g, A conserver à -18°C.]|"
12,26€ / L"|"
6,13 €"
2474|Crème glacée caramel avec bonbons au caramel croquant enrobés de chocolat au lait|Le pot de 185ml|[Origine : FRANCE, Lait écrémé reconstitué, bonbons au caramel croquant enrobés de chocolat au lait 20% (sucre, graisse végétale, beurre de cacao, pâte de cacao, beurre, lactosérum en poudre, lait écrémé en poudre, beurre concentré, amandes, préparation à base de lactoserum, lait écrémé concentré sucré, sel, émulsifiant (lécithine de soja), agents d'enrobage (gomme arabique, maltodextrine), arôme), crème, sucre, sirop de glucose-fructose, sirop de glucose, lactoserum en poudre, émulsifiant (mono et diglycérides d'acides gras), stabilisants (farine de graine de caroube, gomme guar), arôme. Contient : lait, amandes, soja. Peut contenir : noisettes, noix, pistaches, noix de macadamia, noix de pécan, arachides, oeuf, blé. Présence de morceaux croquants de caramelqui peuvent être durs juste après la sortie du congélateur., Valeur énergétique en Joules :  571kj, Valeur énergétique en Kcal : 137kcal, Glucides : 17,1g, Lipides : 6,9g, Protides :1,4g, A conserver à -18°C.]|"
12,22€ / L"|"
2,26 €"
2475|Caramel attraction, crème glacée|La boîte de 4 pots, 400ml|[Origine : FRANCE, Crème glacée caramel au beurre salé, vanilla caramel brownie, caramel biscuit & cream, Dulce de Leche., Une cuillère est à votre disposition sous le couvercle de chaque pot., Crème glacée au caramel avec sauce caramel au beurre salé (10%) et éclats caramélisés au beurre salé (8%) : crème fraîche, sucre, lait écrémé concentré, beurre, jaune d'oeuf, sirop de glucose déshydraté, lait entier concentré, huile végétale, sel, émulsifiant : lécithine de tournesol, arôme naturel de vanille, gélifiant : pectine. Contient des ingrédients à base de lait et oeuf. Peut contenir des traces d'ingrédients à base de soja et de fruits à coque. Crème glacée à la vanille avec sauce caramel (10%) et morceaux de brownies (8%) : crème fraîche, lait écrémé concentré, sucre, jaune d'oeuf, lait entier concentré, farine de blé, oeuf, sirop de glucose, huile végétale, cacao maigre en poudre, arôme naturel de vanille, amidon de maïs, sel, gélifiant : pectine, émulsifiant : lécithine de soja, poudre à lever : bicarbonate de sodium, arôme naturel. Contient des ingrédients à base de lait, oeuf, blé et de soja. Crème glacée caramel et biscuit Speculoos (11%) : crème fraîche, lait écrémé concentré, sucre, farine de blé, jaune d'oeuf, huile végétale, sirop de glucose déshydraté, lait entier concentré, sirop de glucose, sel, sucre roux, poudre à lever : bicarbonate de sodium, farine de soja, cannelle, arôme naturel de vanille. Contient des ingrédients à base de lait, oeuf, blé et soja. Crème glacée au caramel avec sauce au caramel (10%) : crème fraîche, lait écrémé concentré, sucre, lait entier concentré, jaune d'oeuf, sirop de glucose, huile végétale, sel, arôme naturel de vanille,gélifiant : pectine, émulsifiant : lécithine de soja. Contient des ingrédients à base de lait, oeuf et soja,, Valeur énergétique en Joules :  1072kj, Valeur énergétique en Kcal : 257kcal, Glucides : 24,2g, Lipides : 16,2g, Protides :3,6g, A conserver à -18°C minimum. Après décongélation : ne pas recongeler.]|"
16,88€ / L"|"
6,75 €"
2476|Cheesecake, Strawberry|Le pot de 500ml|[Origine : FRANCE, Un mariage de sensations subtiles pour un goût unique : inspirées par la passion et le  savoir-faire., Crème fraîche, sucre, lait concentré écrémé, purée de fraises, farine de blé, jaune d'oeuf, huile végétale, purée de framboises, préparation fromagère, jus de citron, beurre concentré, arômes  naturels, gélifiant : pectine, mélasses, sel, poudre à lever : bicarbonate de sodium. Contient des ingrédients à base de lait, de blé et d'oeuf. Aucun colorant ou arôme artificiel., Après décongélation : ne pas recongeler. Conservation à -18°C.]|"
12,14€ / L"|"
6,07 €"
2477|Cookie dough chip, Crème glacée vanille avec morceaux de pâte à cookie et éclats chocolatés|La boîte de 420g|[Origine : FRANCE, Laissez environ 10 minutes à température ambiante avant dégustation. Après décongélation, ne pas recongeler., Crème fraiche, lait écrémé concentré, sucre, farine de blé, huiles végétales, jaune d'oeuf, beurre, sirop de glucose, sucre brun, cacao maigre en poudre, arôme naturel de vanille, sel, poudre à lever : bicarbonate de sodium, beurre concentré, émulsifiant : lécithine de soja. Contient des ingrédients à base de lait, oeuf, blé (gluten) et de soja., Conserver à -18°C minimum.]|"
12,34€ / L"|"
6,17 €"
2478|Crème glacée, Banane, chocolat et brownie|Le pot de 500ml|[Origine : FRANCE, IngrÍdients : crÈme fraÓche, lait ÍcrÍmÍ concentrÍ, purÍe de banane, sucre, sirop de glucose dÍshydratÍ, farine de blÍ, huile vÍgÍtale (tournesol, noix de coco), jaune d'oeuf, sirop de glucose, pÇte de cacao, oeuf, cacao en poudre, ar«me naturel de banane, sel, cacao maigre en poudre, blanc d'oeuf, beurre, ar«me naturel de vanille, beurre de cacao, Ímulsifiant : lÍcithine de soja, amidon de maÕs, ar«me naturel, poudre Å lever : bicarbonate de sodium. Contient lait, oeuf, blÍ et soja., Valeur énergétique en Joules :  1027, Valeur énergétique en Kcal : 246, Glucides : 24.1, Lipides : 12.6, Protides :4, Å -18¢C minimum Conditions de conservation Conseils d'utilisation laissez quelques minutes Å tempÍrature ambiante avant dÍgustation.DLUO  210 jours]|"
12,34€ / L"|"
6,17 €"
2479|Crème glacée, caramel et speculoos|Le pot de 500ml|[Origine : FRANCE, Un mariage de sensations subtiles pour un goût unique: inspirées par la passion et le savoir-faire, toutes nos créations sont élaborées à base d'ingrédients naturels (crème fraîche, lait écrémé, jaune d'oeufs). Häagen-Dazs n'utilise aucun arôme artificiel., Pour pleinement apprécier la saveur et l'onctuosité de votre crème glacée, laissez quelques minutes à température ambiante avant de servir.   Après décongélation: ne pas recongeler., Crème fraîche, lait écrémé, solution de sucre (sucre, eau), poudre et morceaux de Speculoos (11%) (sucre, farine de blé, huile de palmiste, huiles de palme et de colza, farine de soja, sirop de sucre brun (sucre brun, eau), poudre à lever: carbonatesde sodium, sel, cannelle, émulsifiant: lécithine de soja, acidifiant: jus de citron), caramel au lait (%), (lait entier concentré sucré, sirop de glucose, eau, sel, arôme naturel: vanille), jaune d'oeuf, sirop de lgucose, sucre, sel. Contient des ingrédients à base de lait, oeuf, blé et soja., Conservation à -18°C minimum.]|"
12,34€ / L"|"
6,17 €"
2480|Crème Glacèe, chocolat Caramel et Passion|Les 4 pots de 86ml|[Origine : FRANCE, Un mariage de sensations subtiles pour un goût unique : inspirées par la passion et le savoir faire, toutes nos créations sont élaborées à base d'ingrédients naturels., Pour plus d'onctuosité, retirez votre crème glacée du congélateur 5 à 10 minutes avant de servir. 1 cuillère est à votre disposition sous le couvercle de chaque pot., Crème glacée au chocolat  avec des morceaux fondants au chocolat (7%), surmontée de sauce caramel (16%) et d'éclats d'amandes grillées (3,5%) .Ingrédients : crème fraiche, lait écrémé concentré, sucre, sirop de glucose, cacao en poudre (4%), amandesgrillées, jaune d'oeuf, huile de noix de coco, cacao maigre en poudre, beurre, sel, pâte de cacao, gélifiant : pectines, arome naturel de vanille, arome naturel, matière grasse laitière, émulsifiant : lécithine de soja.                      Contientlait, oeuf, amande et soja  peut contenir des ingrédients à base d'autres fruits à coques et de graines de tournesol. Contient des ingrédients à base de lait et d?oeuf.OEufs et dérivés Lait et dérivés  Contient des ingrédients à base de Noix (amandes, noisettes, noix, noix de cajou, noix de Pécan, noix du Brésil, pistaches, noix de Macadamia, noix du Queensland) et dérivés. Soja et dérivés., Protides :5, 290]|"
19,74€ / L"|"
6,79 €"
2481|Crème glacée, dulce de leche et caramel|Le pot de 500ml|[Origine : FRANCE, Un mariage de sensations subtiles pour un goût unique : inspirées par la passion et le savoir-faire, toutes nos créations sont élaborées à base d'ingrédients naturels., Pour pleinement apprécier la saveur et l'onctuosité de votre crème glacée, laissez quelques minutes à température ambiante avant de servir. Après décongélation : ne pas recongeler., Crème fraîche, lait écrémé, solution de sucre (sucre, eau), caramel au lait (10%) (lait entier concentré sucré, sirop de glucose issu de blé, eau, sel, arôme naturel : vanille), sauce au caramel (10%) (lait entier concentré sucré, sucre, eau, sirop de glucose issu de blé, huile de noix de coco, gélifiant : pectine, émulsifiant : lécithine de soja, sel, arôme naturel : vanille), jaune d'oeuf, sucre. Contient des ingrédients à base de lait, d'oeuf, de blé et de soja. Sans colorant ni arôme artificiel., Conservation à -18°C minimum.]|"
12,34€ / L"|"
6,17 €"
2482|Crème glacée, Macadamia nut brittle|Le pot de 500ml|[Origine : FRANCE, Un mariage de sensations subtiles pour un goût unique: inspirées par la passion et le savoir-faire, toutes nos créations sont élaborées à base d'ingrédients naturels (crème fraîche, lait écrémé, jaune d'oeufs). Häagen-Dazs n'utilise aucun colorant ouarôme artificiel., Pour pleinement apprécier la saveur et l'onctuosité de votre crème glacée, laissez quelques minutes à température ambiante avant de servir., Crème fraîche, lait écrémé, solution de sucre (sucre, eau),confiseries aux noix de macadamia caramélisées (10%) (sucre, sirop de glucose issu du blé, noix de macadamia, beurre, huile de noix de coco, arôme naturel: vanille, sel, poudre à lever: carbonate de sodium), jaune d'oeuf, arôme naturel: vanille, sucre. Contient des ingrédients à base de lait, oeuf, blé et noix de macadamia., Après décongélation, ne pas recongeler. Conservation à -18°C minimum.]|"
11,94€ / L"|"
5,97 €"
2483|Crème glacée, praline et caramel séduction|Les 4 pots de 86ml|[Origine : FRANCE, Un mariage de sensations subtiles pour un goût unique : inspirées par la passion et le savoir faire, toutes nos créations sont élaborées à base d'ingrédients naturels., Pour plus d'onctuosité, retirez votre crème glacée du congélateur 5 à 10 minutes avant de servir. 1 cuillère est à votre disposition sous le couvercle de chaque pot., CrÈme glacÍe Å la  vanille, incrustÍe d'Íclats de noisettes caramÍlisÍes (7%), surmontÍe de sauce caramel (16%) et d'Íclats d'amandes grillÍes (3,5%) . IngrÍdients : crÈme fraÓche, lait ÍcrÍmÍ concentrÍ, sucre, sirop de glucose, amandes grillÍes, jaune d'oeuf, sirop de glucose dÍshydratÍ, noisettes, beurre, ar«me naturel de vanille, sel, gÍlifiant : pectines, ar«me naturel.                                                                                    Contient lait, oeuf, amande et noisettepeut contenir des ingrÍdients Å base d'autres fruits Å coques et de graines de tournesol. Contient des noix (amandes, noisettes, noix, noix de cajou, noix de PÍcan, noix du BrÍsil, pistaches, noix de Macadamia, noix du Queensland) et dÍrivÍs   Contient des ingrÍdients Å base de lait et d?oeuf.OEufs et dÍrivÍs Lait et dÍrivÍs, Valeur énergétique en Joules :  1183kj, Valeur énergétique en Kcal : 284kcal, Glucides : 29,7g, Lipides : 16,3g, Protides :4,7g, Après décongélation : ne pas recongeler. Conservation à -18°C.]|"
19,74€ / Kg"|"
6,79 €"
2484|Crème glacée, Pralines and Cream|Le pot de 500ml|[Origine : FRANCE, Un mariage de sensations subtiles pour un goût unique : inspirées par la passion et le savoir-faire, toutes nos recettes sont élaborées à base d'ingrédients naturels., Pour pleinement apprécier la saveur et l'onctuosité de votre crème glacée, laissez quelques minutes à température ambiante avant de servir., Crème fraîche, lait écrémé, solution de sucre (sucre, eau), sauce au caramel (10%) (lait écrémé concentré sucré, sucre, sirop de glucose issu de blé, eau, beurre, sel, gélifiant : pectine, arôme naturel: vanille), morceaux de noix de pécan caramélisées (7%) (sucre, morceaux de noix de pécan, beurre, sel, sirop de glucose issu de blé), jaune doeuf, arôme naturel: vanille, sucre. Contient des ingrédients à base de lait, oeuf, blé et noix de pécan. Sans colorant et sans arôme artificiel., Conservation à -18°C minimum. Après décongélation : ne pas recongeler.]|"
12,34€ / L"|"
6,17 €"
2485|Crème glacée, Strawberries & Cream|Le pot de 500ml|[Origine : FRANCE, Un mariage de sensations subtiles pour un goût unique : inspirées par la passion et le savoir faire, toutes nos créations sont élaborées à base d'ingrédients naturels., CrÈme glacÍe Å la fraise avec morceaux de fraise. ngrÍdients : crÈme fraÓche, lait ÍcrÍmÍ concentrÍ, fraises (21%), sucre, jaune d'oeuf.     Contient des ingrÍdients Å base de lait et d?oeuf.OEufs et dÍrivÍs Lait et dÍrivÍs, Valeur énergétique en Joules :  920kj, Valeur énergétique en Kcal : 221kcal, Glucides : 20g, Lipides : 14g, Protides :3,5g, Conserver à -18°C. Après décongélation : ne pas recongeler.]|"
12,06€ / L"|"
6,03 €"
2486|Crème glacée, Vanilla|Le pot de 500ml|[Origine : FRANCE, Un mariage de sensations subtiles pour un goût unique : inspirées par la passion et le savoir-faire, toutes nos créations sont élaborées à base d'ingrédients naturels., Pour pleinement apprécier la saveur et l'onctuosité de votre crème glacée, laissez quelques minutes à température ambiante avant de servir., Crème fraîche, lait écrémé, solution de sucre (sucre, eau), jaune d'oeuf, arôme naturel : vanille, sucre. Contient des ingrédients à base de lait et d'oeuf. Sans colorant. Sans arôme artificiel., A conserver à -18°C. Ne pas recongeler après décongélation.]|"
12,06€ / L"|"
6,03 €"
2487|Crème glacée, Vanilla & Florentine|Le pot de 457ml|[Origine : FRANCE, Une onctueuse crÈme glacÍe Å la Vanille avec un coulis orange & caramel et des morceaux de florentin, Å -18¢C minimum Conditions de conservation Conseils d'utilisation laissez quelques minutes Å tempÍrature ambiante avant dÍgustation.DLUO  210 jours]|"
13,57€ / L"|"
5,97 €"
2488|Crème glacée, vanille, caramel et brownie|Le pot de 500ml|[Origine : FRANCE, Un mariage de sensations subtiles pour un goût unique : inspirées par la passion et le savoir faire, toutes nos créations sont élaborées à base d'ingrédients naturels., Pour pleinement apprécier la saveur et l'onctuosité de votre crème glacée, laissez quelques minutes à température ambiante avant de servir., Crème fraîche, lait écrémé, solution de sucre (sucre, eau), sauce au caramel (10%) (lait entier concentré sucré, sucre, eau, sirop de glucose issu de blé, huile de noix de coco, gélifiant : pectine, émulsifiant : lécithine de soja, sel, arôme naturel: vanille), morceaux de brownie (8%) (farine de blé, sucre, oeufs, huile de carthame, cacao en poudre, sirop de glucose, eau, amidon de maïs, arôme naturel : vanille, sel, farine d'avoine), jaune d'oeuf pasteurisé, arôme naturel : vanille, sucre. Contient des ingrédients à base de lait, oeuf, blé, soja et avoine. Aucun colorant ou arôme artificiel., Conservation à -18°C minimum.]|"
12,14€ / L"|"
6,07 €"
2489|Crème glacée, vanille avec morceaux de cookie au chocolat|Le pot de 500ml|[Origine : FRANCE, Un mariage de sensations subtiles pour un goût unique: inspirées par la passion et le savoir-faire, toutes nos créations sont élaborées à base d'ingrédients naturels (crème fraîche, lait écrémé, jaune d'oeufs). Häagen-Dazs n'utilise aucun colorant ouarôme artificiel., Pour pleinement apprécier la saveur et l'onctuosité de votre crème glacée, laissez quelques minutes à température ambiante avant de servir., Crème fraîche, lait écrémé, solution de sucre (sucre, eau), morceaux de cookie au chocolat (6%) (farine de blé, sucre, huile de noix de coci, cacao en poudre, poudre à lever: carbonates de sodium, pâte de cacao, sel), jaune d'oeuf, arôme naturel: vanille, sucre. Contient des ingrédients à base de lait, oeuf et blé., Après décongélation, ne pas recongeler. Conservation à -18°C minimum.]|"
12,34€ / L"|"
6,17 €"
2490|Crème glacée, vanille et noix de macadamia caramélisées|Les 4 pots, 400ml|[Origine : FRANCE, Une cuillère est à votre disposition sous le couvercle de chaque pot. Un mariage de sensations subtiles pour un goût unique.Inspirées par la passion et le savoir-faire, toutes nos créations sont élaborées à base d'ingrédients naturels., Pour pleinement apprécier la saveur et l'onctuosité de votre crème glacée, laissez quelques minutes à température ambiante avant dégustation. Après décongélation, ne pas recongeler., Crème fraîche, lait écrémé, solution de sucre (sucre, eau), confiseries aux noix de macadamia caramélisées (10%) (sucre, sirop de glucose, beurre, huile de noix de coco, noix de macadamia, arôme naturel : vanille, sel, poudre à lever : carbonates desodium), jaune d'oeuf, arôme naturel : vanille. Contient des ingrédients à base de lait, oeuf et noix de macadamia. Häagen-Dazs n'utilise aucun colorant ou arôme artificiels., Conservation à -18°C minimum.]|"
15,65€ / L"|"
6,26 €"
2491|Crème glacée, vanille et noix de pécan|Le pot de 500ml|[Origine : FRANCE, Un mariage de sensations subtiles pour un goût unique: inspirées par la passion et le savoir-faire, toutes nos créations sont élaborées à base d'ingrédients naturels (crème fraîche, lait écrémé, jaune d'oeufs). Häagen-Dazs n'utilise aucun colorant ouarôme artificiel., Pour pleinement apprécier la saveur et l'onctuosité de votre crème glacée, laissez quelques minutes à température ambiante avant de servir., Crème fraîche, lait écrémé, solution de sucre (sucre, eau), morceaux de noix de pécan grillées (8%) (morceaux de noix de pécan, huile de noix de coco, beurre, sel), jaune d'oeuf, arôme naturel: vanille, sucre, sel. Contient des ingrédients à base delait, d'oeuf et de noix de pécan., Après décongélation, ne pas recongeler. Conservation à -18°C minimum.]|"
11,94€ / L"|"
5,97 €"
2492|Crème glacée caramel au beurre salé|Le pot de 500ml|[Origine : FRANCE, Un mariage de sensations subtiles pour un goût unique : inspirées par la passion et le savoir faire, toutes nos créations sont élaborées à base d'ingrédients naturels., Crème fraîche, lait écrémé concentré, sucre, beurre, jaune d'oeuf, sirop de glucose, sirop de glucose déshydraté, huile végétale, lait entier concentré, sel, émulsifiant : lécithine de soja et de tournesol, arôme naturel de vanille, gélifiant : pectine. Contient des ingrédients à base de lait, oeuf. Peut contenir des ingrédients à base de soja et de fruits à coque., Valeur énergétique en Joules :  1072kj, Valeur énergétique en Kcal : 257kcal, Glucides : 24,2g, Lipides : 19,7g, Protides :3,6g, A conserver à -18°C. Ne jamais recongeler un produit décongelé.]|"
12,06€ / L"|"
6,03 €"
2493|Crème glacée Chocolate Attraction|Les 4 pots, 400ml|[Origine : FRANCE, 4 saveurs différentes. Une cuillère est à votre disposition sous le couvercle de chaque pot. Un mariage de sensations subtiles pour un goût unique.Inspirées par la passion et le savoir-faire, toutes nos créations sont élaborées à base d'ingrédients naturels., Pour pleinement apprécier la saveur et l'onctuosité de votre crème glacée, laissez quelques minutes à température ambiante avant dégustation. Après décongélation : ne pas recongeler., Choc Choc Chip : crème glacée au chocolat et confiseries cacaotées (10%) : crème fraîche, lait écrémé concentré, sucre, jaune d'oeuf, cacao en poudre (3%), huile végétale, cacao maigre en poudre, lait entier en poudre, lait écrémé en poudre, beurre concentré, émulsifiant : lécithine de soja, arôme naturel. Contient des ingrédients à base de lait, oeuf et soja. / Chocolate, Pralines & Caramel : crème glacée au chocolat avec sauce au caramel (10%) et noix de Pécan caramélisée (8%) : crème fraîche,sucre, lait écrémé concentré, cacao en poudre (5%), jaune d'oeuf, noix de pécan, sirop de glucose, beurre, sel, gélifiant : pectine, arôme naturel de vanille. Contient des ingrédients à base de lait, oeuf et noix de pécan et des traces de fruits à coque. / Chocolate & Cookies : Crème glacée au chocolat avec morceaux de cookies (10%) : crème fraîche, lait écrémé concentré, sucre, farine de blé, jaune d'oeuf, cacao en poudre (3%), huile végétale, cacao maigre en poudre à lever : carbonate acide de sodium, sel. Contient des ingrédients à base de lait, oeuf et blé. / Belgian Chocolate : crème glacée au chocolat avec chocolat belge (22%) : crème fraîche, sucre, lait écrémé concentré, pâte de cacao, jaune d'oeuf, huile végétale, cacao en poudre,arôme naturel, beurre de cacao, émulsifiant : lécithine de soja. Contient des ingrédients à base de lait, oeuf et de soja. Häagen-Dazs n'utilise aucun colorant ou arôme artificiel., Conservation à -18°C minimum.]|"
17,33€ / L"|"
6,93 €"
2494|Crème glacée Favorite Selection|Les 4 pots, 400ml|[Origine : FRANCE, Vanille avec sauce caramel et morceaux de brownie. Vanille avec confiseries noix de macadamia caramélisées. Vanille avec morceaux de cookies au chocolat. Caramel au lait avec sauce au caramel.Un mariage de sensations subtiles pour un goût unique : inspirées par la passion et le savoir-faire, toutes nos créations sont élaborées à base d'ingrédients naturels., Pour pleinement apprécier la saveur et l'onctuosité de votre crème glacée, laissez quelques minutes à température ambiante avant dégustation., Crème glacée vanille avec sauce caramel et morceaux de brownie : crème fraîche, lait écrémé, solution de sucre (sucre, eau), sauce au caramel (10%) (lait entier concentré sucré, sucre, eau, sirop de glucose issu de blé, huile de noix de coco, gélifiant : pectine, émulsifiant : lécithine de soja, sel, arôme naturel : vanille), morceaux de brownie (8%) (farine de blé, sucre, oeufs, huile de carthame, cacao en poudre, sirop de glucose, eau, amidon de maïs, arôme naturel : vanille, sel, farine d'avoine), jaune d'oeuf, arôme naturel : vanille, sucre. Contient des ingrédients à base de : lait, oeuf, blé, soja et avoine. Crème glacée à la vanille avec confiseries aux noix de macadamia caramélisées : crème fraîche, lait écrémé, solution de sucre (sucre, eau), confiseries aux noix de macadamia caramélisées (10%) (sucre, sirop de glucose, beurre, huile de noix de coco, noix de macadamia, arôme naturel : vanille, sel, poudre à lever : carbonates de sodium), jaune d'oeuf, arôme naturel : vanille.Contient des ingrédients à base : de lait, oeuf, blé et de noix de macadamia. Crème glacée au caramel au lait avec sauce au caramel : crème fraîche, lait écrémé, solution de sucre (sucre, eau), caramel au lait (10%) (lait entier concentré sucré, sirop de glucose issu de blé, eau, sel, arôme naturel : vanille), sauce au caramel (10%) (lait entier concentré sucré, sucre, eau, sirop de glucose issu de blé, huile de noix de coco, gélifiant : pectine, émulsifiant : lécithine de soja, sel, arôme naturel : vanille), jaune d'oeuf, sucre. Contient des ingrédients à base de lait, d'oeuf, de blé et de soja. Crème glacée à la vanille avec morceaux de cookie au chocolat : crème fraîche, lait écrémé, solution de sucre (sucre, eau), morceaux de cookie auchocolat (6%) (farine de blé, sucre, huile de noix de coco, cacao en poudre (12%), poudre à lever : carbonates de sodium, pâte de cacao, sel), jaune d'oeuf, arôme naturel : vanille, sucre. Contient des ingrédients à base de : lait, oeuf et blé. Sanscolorant. Sans arôme artificiel., Conservation à -18°C. Après décongélation, ne pas recongeler.]|"
15,90€ / L"|"
6,36 €"
2495|Crème glacée Fruit Variety|Les 4 pots, 400ml|[Origine : FRANCE, Un mariage de sensations subtile pou un goût unique : inspirées par la passion et le savoir-faire, toutes nos créations sont élaborées à base d'ingrédients naturels (crème fraîche, lait écrème, jaune d'oeufs) . Häagen-Dazs n'utilise aucun colorant auarôme artificiel., Pour pleinement apprécier la saveur et l'onctuosité de votre crème glacée, laissez quelques minutes à température ambiante avant dégustation., crème fraîche, purée de fruits rouges (19%), (purée de mûres (34%), purée de fraises (30%), purée de framboises (19%), purée de myrtilles (17%), sucre, lait écrémé, coulis de framboises (10%) (framboises, sucre, eau, gélifiant : pectine, jus de citron concentré, arôme naturel : framboise), jaune d'oeuf, jus de citron, concentré, gélifiant : pectine. Contient des ingrédients à base de lait et d'oeuf., Après décongélation : ne pas recongeler. Conservation à -18°C minimum.]|"
15,50€ / L"|"
6,20 €"
2496|Crème glacée Original Collection|Les 4 pots, 400ml|[Origine : FRANCE, Un mariage de sensations subtiles pour un goût unique : inspirées par la passion et le savoir-faire, toutes nos créations sont élaborées à base d'ingrédients naturels (crème fraîche, lait écrémé, jaune d'oeuf). Häagen-Dazs n'utilise aucun colorant ouarôme artificiel. Pour pleinement apprécier la saveur et l'onctuosité de votre crème glacée, laissez quelques minutes à température ambiante avant dégustation., Crème glacée au café, sauce avec caramel et truffes de fantaisie au chocolat : Crème fraîche, lait écrémé, solution de sucre (sucre, eau), truffes de fantaisie au chocolat (8 %) (sucre, huile de noix de coco, cacao en poudre, eau, lait entier concentré, beurre concentré, arôme naturel : vanille), sauce avec caramel (8 %) (lait entier concentré sucré, sucre, eau, sirop de glucose issu de blé, huile de noix de coco, gélifiant : pectine, émulsifiant : lécithine de soja, sel, arôme naturel : vanille), jaune d'oeuf, extrait de café en poudre (1,5 %), sucre. Contient des ingrédients à base de lait oeuf, blé et soja. Crème glacée avec sauce fraise et morceaux de biscuits : Crème fraîche, lait écrémé, solution de sucre (sucre, eau), sauce à la fraise (14 %) (purée de fraise, sucre, purée de framboise, eau, jus de citron concentré, gélifiant : pectine, arôme naturel : fraise et framboise), morceaux de biscuits (8 %) (farine de blé, sucre, beurre, huile de noix de coco, mélasse, sel, arôme naturel : vanille, poudre à lever : carbonates de sodium), préparation fromagère (6 %) [fromage frais (lait, crème, ferments lactiques, sel), sucre, eau, jaune d'oeuf, arôme naturel : cheesecake, sel, jus de citron], jaune d'oeuf, sucre. Contient des ingrédients à base de lait oeuf et blé. Crème glacée à la vanille avec caramel et morceaux de noix de pécan caramélisées : Crème fraîche, lait écrémé, solution de sucre (sucre, eau), sauce au caramel (10 %) (lait entier concentré sucré, sucre, sirop de glucose issu de blé, eau, beurre, sel, gélifiant : pectine, arôme naturel : vanille), morceaux de noix de pécan caramélisées (7 \) (sucre, morceaux de noix de pécan, beurre, sel, sirop de glucose issu de blé), jaune d'oeuf, arôme naturel : vanille, sucre. Contient des ingrédients à base de lait, oeuf, blé et noix de pécan. Crème glacée caramel avec coulis aux pommes et morceaux de crumbles : Crème fraîche, lait écrémé, solution de sucre (sucre, eau), coulis aux pommes (13 %) (purée de pommes, sucre, eau, gélifiant : pectine, arôme naturel : pomme), caramel au lait (9 %) (lait entier concentré sucré, sirop de glucose issu du blé, eau, sel, arôme naturel : vanille), morceaux de crumble (7 %) (farine de blé, sucre, beurre, huile de palme, farine de maïs, sel, émulsifiant : lécithme de soja), jaune d'oeuf, sucre. Contient des ingrédients à base de lait oeuf, blé et soja., Après décongélation : ne pas recongeler. Conservation à -18 °C minimum.]|"
15,40€ / L"|"
6,16 €"
2497|Vanilla attraction|Les 4 pots de 100ml|[Origine : FRANCE, Pour plus d'onctuosité, retirez votre crème glacée du congélateur 5 à 10 min avant de servir., Macadamia nut brittle : crème fraîche, lait écrémé concentré, sucre, jaune d'oeuf, sirop de glucose, noix de macadamia, huile de noix de coco, beurre, arôme naturel de vanille, poudre à lever : bicarbonate de sodium, sel. Vanilla : crème fraîche, lait écrémé concentré, sucre, jaune d'oeuf, arôme naturel de vanille. Cookies & cream : crème fraîche, lait écrémé concentré, sucre, jaune d'oeuf, farine de blé, huile de noix de coco, cacao maigre en poudre, arôme naturel de vanille, poudre à lever : bicarbonate de sodium, sel. Pralines & cream : crème fraîche, lait écrémé concentré, sucre, jaune d'oeuf, noix de pécan, sirop de glucose, arôme naturel de vanille, beurre, sel, gélifiant : pectines., Valeur énergétique en Joules :  1147kj, Valeur énergétique en Kcal : 275kcal, Glucides : 28,1g, Lipides : 16,2g, Protides :4g, A conserver à -18°C. Ne jamais recongeler un produit après décongélation.]|"
16,88€ / Kg"|"
6,75 €"
2498|Glace à la noisette aux éclats de noisettes caramélisés et de meringues|Le pot de 500ml|[Origine : FRANCE, Crème glacée à la noisette, éclats de noisettes caramélisées et éclats de meringues., CrÈme glacÍe Å la noisette (91,5%) : lait entier de la ferme, jaune d'oeuf sucrÍ (jaune d'oeuf, sucre 30%), sucre, crÈme, pÇte de noisette 6%, beurre. Eclats de noisettes caramÍlisÍes (5,7%) : noisette, sucre, sirop de glucose de blÍ (pour une noisette croquante), miel. Eclats de meringues (2,8%) : sucre, blanc d'oeuf., Valeur énergétique en Joules :  1246kj, Valeur énergétique en Kcal : 300kcal, Glucides : 24,6g, Lipides : 19,8g, Protides :5,2g, A conserver à -18°C dans votre congélateur. Attention, ne jamais recongeler un produit décongelé.]|"
14,00€ / L"|"
7,00 €"
2499|Glace à la vanille au caramel beurre salé et aux amandes caramélisés|Le pot de 500ml|[Origine : FRANCE, Crème glacée à la vanille, caramel au beurre salé et éclats d'amandes caramélisées., CrÈme glacÍe Å la vanille (86%) : lait entier, jaune d'oeuf sucrÍ (jaune d'oeuf, sucre 30%), crÈme, sucre, beurre, graines de gousses de vanille. Caramel au beurre salÍ (8%) : sirop de glucose de blÍ (pour que le caramel reste fondant), sucre, beurre11%, eau, crÈme, sel de GuÍrande 1%. Eclats d'amandes caramÍlisÍes (6%) : amandes 96%, sucre, sirop de glucose de blÍ (pour une amande croquante), miel., Valeur énergétique en Joules :  1328kj, Valeur énergétique en Kcal : 319kcal, Glucides : 26,2g, Lipides : 21,5g, Protides :4,8g, A conserver à -18°C dans votre congélateur. Attention, ne jamais recongeler un produit décongelé.]|"
14,00€ / L"|"
7,00 €"
2500|Crème glacée chocolats Gourmand, praliné nougatine façon rocher et amandes caramel au beurre salé|Les 4 pots de 100ml|[Origine : FRANCE, Sans colorant artificiel ni arôme artificiel., Crème glacée chocolat et noisettes (1,6%), sauce au chocolat (12,5%), morceaux de sucre caramélisés (3,5%), morceaux de nougatine (3%) : eau, lait écrémé, sucre, crème, sirop de glucose, sirop de sucre inverti, petit-lait en poudre, pâte de noisettes(1,5%), cacao maigre, cacao, morceaux d'amandes grillées (1%), matière grasse végétale, émulsifiant (mono- et diglycérides d'acides gras*), pâte de cacao, épaississants (farine de graines de caroube, gomme guar, E407a), sucre caramélisé, amidon modifié, arômes naturels, stabilisant (carraghénanes), sel. Peut contenir des traces d'autres fruits à coque et d'oeuf. *issus d'huiles végétales. Crème glacée chocolat (3%), sauce au caramel et beurre salé (12,5%), morceaux d'amandes caramélisés (10,6%): eau, sucre, lait écrémé, crème, amandes (6,3%), sirop de glucose, lait écrémé concentré sucré, petit-lait en poudre, cacao, cacao maigre, beurre salé (1%), émulsifiant (mono- et diglycérides d'acides gras*), épaississants (farine de graines de caroube, gomme guar, E407a, carraghénanes), sel. Peut contenir des traces d'autres fruits à coque et d'oeuf. *issus d'huiles végétales., Valeur énergétique en Joules :  581kj, Valeur énergétique en Kcal : 138kcal, Glucides : 20,2g, Lipides : 5,4g, Protides :1,7g, A conserver à -18°C.]|"
15,90€ / L"|"
6,36 €"
2501|Crème glacée Vanilles Gourmandes, nougatine caramel façon crème brûlée et amandes caramel au beurre salé|Les 4 pots de 100ml|[Origine : FRANCE]|"
15,90€ / L"|"
6,36 €"
2502|Crème glacée, avec des morceaux de biscuits cacaotés, fourrés goût vanille|Le pot de 185ml|[Origine : FRANCE, Lait écrémé reconstitué, morceaux de biscuits cacaotés fourrés goût vanille 22% (sucre, farine de blé, matière grasse végétale (antioxygènes E306, E304), cacao maigre en poudre 7%, sirop de glucose-fructose, poudre à lever (carbonate acide de sodium,carbonate acide d'ammonium), lactoserum en poudre (de lait), pâte de cacao, sel, émulsifiant (lécithine de soja), arôme (vanilline), crème 18%, sirop de glucose-fructose, sucre, sirop de glucose, lait écrémé concentré, lactoserum en poudre, émulsifiant (mono et diglycérides d'acides gras), stabilisants (farines de graines de caroube, gomme guar), arôme. Contient : lait, soja, blé. Peut contenir : amandes, noisettes, noix, pistaches, noix de macadamia, noix de pécan, arachides, oeuf., Valeur énergétique en Joules :  513kj, Valeur énergétique en Kcal : 122kcal, Glucides : 16,4g, Lipides : 5,5g, Protides :1,6g, A conserver à -18°C.]|"
12,22€ / L"|"
2,26 €"
2503|Asperges blanches miniatures, cueillies main|Le pot de 190g|[Origine : FRANCE, Rincer puis égoutter et déguster selon vos envies., Asperges blanches pelées, eau, sel, acidifiant : acide citrique., A conserver à l'abri de la chaleur, de l'humidité et de la lumière. A consommer rapidement après ouverture.]|"
13,64€ / Kg"|"
1,50 €"
2504|Asperges blanches moyennes|Le pot de 205g|[Origine : FRANCE, Asperges moyennes blanches pelées cueillies main., Rincer puis égoutter et déguster selon vos envies., Asperges blanches pelées-eau-sel-acidifiant: acide citrique., A conserver à l'abri de la chaleur, de l'humidité et de la lumière. A consommer rapidement après ouverture.]|"
12,44€ / Kg"|"
2,55 €"
2505|Asperges vertes miniatures cueillies main|Le bocal de 100g net égoutté|[Origine : FRANCE, Asperges vertes miniatures., Rincez à l'eau froide puis égouttez, et dégustez selon vos envies., Asperges vertes, eau, sel., Valeur énergétique en Joules :  69kj, Valeur énergétique en Kcal : 16kcal, Glucides : 1,6g, Lipides : 0g, Protides :1,7g, A conserver à l'abri de la chaleur, de l'humidité et de la lumière.]|"
21,70€ / Kg"|"
2,17 €"
2506|Asperges vertes moyennes ceuillies main|Le pot de 185g|[Origine : FRANCE, Rincez puis égouttez et dégustez selon vos envies., Asperges vertes, eau, sel., Valeur énergétique en Joules :  78kj, Valeur énergétique en Kcal : 19kcal, Glucides : 1,6g, Lipides : 0,3g, Protides :1,7g, A conserver à l'abri de la chaleur, de l'humidité et de la lumière.]|"
18,05€ / Kg"|"
3,34 €"
2507|Carottes extra-fines|La boîte de 295g net égoutté|[Origine : FRANCE, Egouttez le contenu de la boîte et faites réchauffer avec un morceau de beurre. Suivant le goût, ajoutez persil, poivre et sel. Servez soit à la crème soit avec un jus de viande., Carottes, eau, sucre, sel., Valeur énergétique en Joules :  109Kj, Valeur énergétique en Kcal : 26KCal, Glucides : 5,1g, Lipides : 0,2g, Protides :0,9g, A conserver à température ambiante, à l'abri de l'humidité et des fortes variations de température.]|"
3,28€ / Kg"|"
0,87 €"
2508|Carottes extra-fines|Les 3 boîtes de 130g, 390g|[Origine : FRANCE, Egouttez le contenu de la boite et faites réchauffer avec un morceau de beurre. Suivant le goût, ajoutez persil, poivre, et sel. Servez soit à la crème, soit avec un jus de viande., Carottes, eau, sucre, sel., Valeur énergétique en Joules :  109, Valeur énergétique en Kcal : 26, Glucides : 5,1g, Lipides : 0,2g, Protides :0,9g, A conserver à température ambiante, à l'abri de l'humidité et des fortes variations de température.]|"
4,26€ / Kg"|"
1,66 €"
2509|Cèpes axtra|Le pot de 330g|[Origine : FRANCE, Transformé en France.                                                     Pour apprécier pleinement leur saveur, faites revenir les cèpes avec une noix de beurre et un hachis d'échalotes en accompagnement  d'une cuisse de canard confite., Rincer et égoutter les champignons avant de les cuisiner., cèpes (boletus edulis),eau, sel,acidifiant : acide citrique., Valeur énergétique en Joules :  130kj, Valeur énergétique en Kcal : 31kcal, Glucides : 2,9g, Lipides : 0,4g, Protides :3,9g, A conserver à température ambiante.]|"
29,68€ / Kg"|"
5,49 €"
2510|Cèpes déshydratés|Le pot de 30g|[Origine : FRANCE, Se cuisinent comme des champignons frais : revenus dans de l'huile d'olive ou de noix, en omelette ou en accompagnement de pâtes ou de viandes., Faites tremper dans de l'eau tiède (de préférence non calcaire) pendant 15 minutes. Egouttez. Plongez dans l'eau bouillante 10 minutes. Rincez à l'eau courante dans une passoire., Cèpes (boletus edulis)., Valeur énergétique en Joules :  1017Kj, Valeur énergétique en Kcal : 240Kc, Glucides : 27g, Lipides : 1.3g, Protides :30g, A conserver à température ambiante, à l'abri de l'humidité.]|"
145,67€ / Kg"|"
4,37 €"
2511|Chair de tomates, au basilic|La boîte de 400g|[Origine : FRANCE, Préparée à partir de tomates fraîchement récoltées, la chair de tomates au basilic MONOPRIX apportera une petite note de fraîcheur à tous vos plats., Vous pouvez utiliser cette chair de tomates sur les plats à assaisonner ou bien la faire réchauffer.A  LA CASSEROLE : Faites réchauffer 5 minutes à feu très doux ou 8 minutes au bain marie (boite ouverte).AU FOUR À MICRO-ONDES : Versez dans un bol adapté, couvrez et faites réchauffer 2 minutes à puissance maximale (pour un four ayant une puissance restituée de 750 Watts), Pulpe de tomates 88% , purée de tomates 8%,sel, amidon modifié de maïs, sucre, huile d'olive vierge extra, basilic déhydraté 0,1%, arôme naturel basilic., Valeur énergétique en Joules :  179Kj, Valeur énergétique en Kcal : 42Kcal, Glucides : 7,3g, Lipides : 0,8g, Protides :1,5g, A conserver à température ambiante, à l'abri de l'humidité et des fortes variations de température.]|"
2,80€ / Kg"|"
1,12 €"
2512|Chair de tomates, Provence|La boîte de 400g|[Origine : FRANCE, Préparée à partir de tomates fraîchement récoltées, la chair de tomates MONOPRIX accommodera à merveille tous vos plats., Vous pouvez utiliser cette chair de tomates telle quelle sur les plats à assaisonner ou bien la faire réchauffer. A LA CASSEROLE : Faites réchauffer 5 minutes à feu très doux ou 8 minutes au bain marie (boîte ouverte).  AU FOUR A MICRO-ONDES : Versezdans un bol adapté, couvrez et faites réchauffer 2 minutes à puissance maximale (pour un four ayant une puissance restituée de 750 Watts)., Pulpe de tomates 90%, purée de tomates 8%, amidon modifié de maïs, sucre, sel., Valeur énergétique en Joules :  161Kj, Valeur énergétique en Kcal : 38Kcal, Glucides : 7,3g, Lipides : 0,3g, Protides :1,5g, A conserver à température ambiante, à l'abri de l'humidité et des fortes variations de température.]|"
3,43€ / Kg"|"
1,37 €"
2513|Chair de tomates, Provence|Les 2 boîtes, 380g|[Origine : FRANCE, Préparée à partir de tomates fraîchement récoltées, la chair de tomates Monoprix accommodera à merveille tous vos plats., A la casserole : faites réchauffer 5 minutes à feu très doux ou 8 minutes au bain-marie (boîte ouverte). Au four à micro-ondes : versez dans un bol adapté, couvrez et faites réchauffer 2 minutes à puissance maximale (pour un four ayant une puissancerestituée de 750 Watts)., Pulpe de tomates 90%, purée de tomates 8%, amidon modifié de maïs, sucre, sel., A conserver à température ambiante, à l'abri de l'humidité et de la chaleur. Après ouverture, se conserve 3 jours au réfrigérateur.]|"
2,97€ / Kg"|"
1,13 €"
2514|Champignons de Paris émincés|La boîte de 230g|[Origine : FRANCE, Champignons de Paris 1er choix émincés., Egouttez les champignons sans les rincer, vous pouvez les cuisiner à votre goût, comme légume d'accompagnement ou en garniture à ajouter dans un plat ou dans une sauce (blanquette de veau, sauté de porc ou de boeuf., Champignons de Paris, eau, sel, acidifiant: acide citrique, antyoxydant: acide ascorbique., Valeur énergétique en Joules :  64kj, Valeur énergétique en Kcal : 15kcal, Glucides : 0,6g, Lipides : 0g, Protides :2,2g, A conserver à température ambiante, à l'abri de l'humidité et des fortes variations de température.]|"
5,78€ / Kg"|"
1,33 €"
2515|Champignons de Paris émincés, certifié AB|La boîte de 230g|[Origine : FRANCE, Valeur énergétique en Joules :  58kj, Valeur énergétique en Kcal : 14kcal, Glucides : 0g, Lipides : 0g, Protides :2,1g, A conserver dans un endroit frais et sec à l'abri de la lumière. Après ouverture, à conserver au réfrigérateur dans un récipient alimentaire et à consommer rapidement.]|"
10,78€ / Kg"|"
2,48 €"
2516|Champignons de Paris émincés, certifié AB|La boîte de 230g|[Origine : FRANCE, Valeur énergétique en Joules :  58kj, Valeur énergétique en Kcal : 14kcal, Glucides : 0g, Lipides : 0g, Protides :2,1g, A conserver dans un endroit frais et sec à l'abri de la lumière. Après ouverture, à conserver au réfrigérateur dans un récipient alimentaire et à consommer rapidement.]|"
10,78€ / Kg"|"
2,48 €"
2517|Champignons entiers|La boîte de 400g|[Origine : FRANCE, Egouttez les champignons sans les rincer, vous pouvez les cuisiner à votre goût, comme légume d'accompagnement ou en garniture à ajouter dans un plat ou dans une sauce (blanquette de veau, sauté de porc ou de boeuf., Champignons de Paris, eau, sel, acidifiant : acide citrique, antioxygène : acide ascorbique., Valeur énergétique en Joules :  79kj, Valeur énergétique en Kcal : 19kcal, Glucides : 0,6g, Lipides : 0,4g, Protides :2,2g, A conserver à température ambiante, à l'abri de l'humidité et des fortes variations de température.]|"
5,39€ / Kg"|"
1,24 €"
2518|Choux de Bruxelles|La boîte de 265g net égoutté|[Origine : FRANCE, Rincez à l'eau froide et égouttez. Faire revenir les choux de Bruxelles environ 5 minutes dans du beurre, assaisonnez et servez très chaud., Choux de Bruxelles, eau, sel., Valeur énergétique en Joules :  170Kj, Valeur énergétique en Kcal : 40Kcal, Glucides : 6,1g, Lipides : 0,4g, Protides :3g, A conserver à température ambiante, à l'abri de l'humidité et des fortes variations de température.]|"
3,74€ / Kg"|"
0,99 €"
2519|Coeurs d'artichauts récoltés en Bretagne, cueillis et rangés main|Le bocal de 225g|[Origine : FRANCE, Cueillis et rangés main., Egouttez les coeurs, les plonger 2 minutes dans l'eau frémissante avant utilisation, les égoutter de nouveau et s'en servir comme des frais., Coeurs d'artichauts, eau, sel, jus concentré de citron., Valeur énergétique en Joules :  88kj, Valeur énergétique en Kcal : 21kcal, Glucides : 2,1g, Lipides : 1,0g, Protides :1,6g, A conserver à température ambiante, à l'abri de l'humidité et des fortes variations de températures.]|"
14,00€ / Kg"|"
3,15 €"
2520|Coeurs de Palmier croquant cueillis à la main|Le bocal de 250g|[Origine : FRANCE, Coeurs de palmiers., Rincez puis égouttez et dégustez selon vos envies., Coeurs de palmier, eau, sel, acidifiant : acide citrique, antioxydant : acide ascorbique., Valeur énergétique en Joules :  124kj, Valeur énergétique en Kcal : 30kcal, Glucides : 2,7g, Lipides : 0,4g, Protides :2,8g, A conserver à l'abri de la chaleur, de l'humidité et de la lumière.]|"
13,16€ / Kg"|"
3,29 €"
2521|Coeurs de palmier sauvage, certifié AB|Le bocal de 400g|[Origine : FRANCE, Monoprix a sélectionné pour vous, avec des entreprises partenaires, des produits issus de l'agriculture biologique. Leurs modes de production et de transformation sont contrôlées et certifiés par un organisme indépendant, conformément à la réglementation en vigueur., Rincez avant utilisation., Coeurs de palmier sauvage*, eau, sel, acidifiant : acide citrique. *Ingrédient issu de l'agriculture biologique., Valeur énergétique en Joules :  93Kj, Valeur énergétique en Kcal : 22kcal, Glucides : 2,3g, Lipides : Traces, Protides :2,3g, A conserver à température ambiante. Après ouverture, à conserver au réfrigérateur et à consommer rapidement.]|"
17,72€ / Kg"|"
4,43 €"
2522|Coeurs de palmier sauvage, certifié AB|Le bocal de 400g|[Origine : FRANCE, Monoprix a sélectionné pour vous, avec des entreprises partenaires, des produits issus de l'agriculture biologique. Leurs modes de production et de transformation sont contrôlées et certifiés par un organisme indépendant, conformément à la réglementation en vigueur., Rincez avant utilisation., Coeurs de palmier sauvage*, eau, sel, acidifiant : acide citrique. *Ingrédient issu de l'agriculture biologique., Valeur énergétique en Joules :  93Kj, Valeur énergétique en Kcal : 22kcal, Glucides : 2,3g, Lipides : Traces, Protides :2,3g, A conserver à température ambiante. Après ouverture, à conserver au réfrigérateur et à consommer rapidement.]|"
17,72€ / Kg"|"
4,43 €"
2523|Coeurs de Palmiers croquants|La boîte de 220g|[Origine : FRANCE, Rincez à l'eau froide puis égouttez. Utilisez les pour agrémenter une salade., Valeur énergétique en Joules :  113kj, Valeur énergétique en Kcal : 27kcal, Glucides : 2,7g, Lipides : 0g, Protides :2,8g, A conserver à température ambiante, à l'abri de l'humidité et des fortes variations de température.]|"
7,91€ / Kg"|"
1,74 €"
2524|Coeurs de Palmiers mimi croquants|Le pot de 115g|[Origine : FRANCE, Rincer puis égoutter et déguster selon vos envies, Coeurs de palmier, eau, sel,acidifiant : acide citrique, antioxygène : acide  ascorbique., A conserver à l'abri de la chaleur, de l'humidité et de la lumière. A consommer rapidement après ouverture.]|"
24,52€ / Kg"|"
2,82 €"
2525|Endives entières|La boîte de 530g|[Origine : FRANCE, Rincer et bien égoutter. Servir braisées, gratinées au four ou simplement réchauffées au beurre. Recommandation : faire chauffer suffisamment pour évaporer l'eau du légume., Endives, eau, sucre, sel, acidifiant : acide citrique, antioxydant : acide ascorbique., Valeur énergétique en Joules :  13Kj, Valeur énergétique en Kcal : 56Kcal, Glucides : 2,5g, Lipides : 0g, Protides :0,8g, A conserver à température ambiante à l'abri de l'humidité et des fortes variations de température.]|"
5,77€ / Kg"|"
3,06 €"
2526|Epinards en branches|La boîte de 265g net égoutté|[Origine : FRANCE, Versez le contenu de la boite dans une passoire et égouttez. Les épinards se préparent ensuite selon le goût : au beurre ou accompagnés d'un jus de viande, de lait, de crème ou de bouillon., Epinards, eau, sel., Valeur énergétique en Joules :  91Kj, Valeur énergétique en Kcal : 22KCal, Glucides : 1,8g, Lipides : 0,4g, Protides :2,7g, A conserver à température ambiante, à l'abri de l'humidité et des fortes variations de température.]|"
2,91€ / Kg"|"
0,77 €"
2527|Epinards Hachés|La boîte de 395g|[Origine : FRANCE, Versez le contenu de la boîte dans une casserole. Liez avec une noix de beurre, assaisonnez suivant le goût, chauffez à feu moyen en évitant de laisser attacher. Servez avec un jus de viande, de la crème ou garnissez avec des oeufs et des croûtons dorés., Epinards, sel., Valeur énergétique en Joules :  174Kj, Valeur énergétique en Kcal : 41Kcal, Glucides : 4,7g, Lipides : 0,3g, Protides :4,9g, A conserver à température ambiante, à l'abri de l'humidité et des fortes variations de température.]|"
1,95€ / Kg"|"
0,77 €"
2528|Flageolets verts extra-fins|La boîte de 400g|[Origine : FRANCE, Versez le contenu de la boîte dans une casserole. Faites chauffer à feu doux avec un morceau de beurre sans laisser bouillir. Assaisonnez selon le goût., Flageolets verts, eau, sel, affermissant : chlorure de calcium., Valeur énergétique en Joules :  293Kj, Valeur énergétique en Kcal : 70KCal, Glucides : 11,7g, Lipides : 0,3g, Protides :4,9g, A conserver à température ambiante, à l'abri de l'humidité et des fortes variations de température.]|"
3,62€ / Kg"|"
0,96 €"
2529|Flageolets verts extra-fins|La boîte de 800g|[Origine : FRANCE, Versez le contenu de la boîte dans une casserole. Faites chauffer à feu doux avec un morceau de beurre sans laisser bouillir. Assaisonnez selon le goût., Flageolets verts, eau, sel, affermissant : chlorure de calcium., Valeur énergétique en Joules :  293Kj, Valeur énergétique en Kcal : 70KCal, Glucides : 11,7g, Lipides : 0,3g, Protides :4,9g, A conserver à température ambiante, à l'abri de l'humidité et des fortes variations de températures.]|"
2,68€ / Kg"|"
1,42 €"
2530|Flageolets verts extra-fins|Les 3 boîtes de 130g, soit 390g|[Origine : FRANCE, Versez le contenu de la boîte dans une casserole. Faire chauffer à feu doux avec un morceau de beurre sans laisser bouillir., Flageolets Verts, eau, sel, affermissant : chlorure de calcium., Valeur énergétique en Joules :  293Kj, Valeur énergétique en Kcal : 69Kcal, Glucides : 11,7g, Lipides : 0,3g, Protides :4,9g, A conserver à température ambiante, à l'abri de l'humidité et des fortes variations de température.]|"
4,26€ / Kg"|"
1,66 €"
2531|Fonds artichauts récoltés en Bretagne|Le pot de 195g|[Origine : FRANCE, Rincer à l'eau chaude et toute leur saveur ressortira. Servir en hors d'oeuvre ou en garniture., Fonds d'artichauts, eau, sel, jus concentré de citron., A conserver à température ambiante, à l'abri de l'humidité et des fortes variations de températures.]|"
15,49€ / Kg"|"
3,02 €"
2532|Garnitures de champignons Sylvestres|Le pot de 330g|[Origine : FRANCE, Transformé en France.                                                     À savourer en fricassée ou avec de la crème fraîche et de la ciboulette pour accompagner une escalope de veau., Rincer et égoutter les champignons avant de les cuisiner., bolets jaunes (boletus luteus et granulatus), lactaires (lactarius delieiosus),pleurotes (pleurotus ostreatus),volvaires (volvaria volvacea),foliotes (pholiota mutabilis) ,eau,sel,acidifiant : acide citrique., Valeur énergétique en Joules :  91kj, Valeur énergétique en Kcal : 21kcal, Glucides : 3,4g, Lipides : 0,2g, Protides :1,5g, A conserver à température ambiante.]|"
8,22€ / Kg"|"
1,52 €"
2533|Girolles|Le pot de 330g|[Origine : FRANCE, Transformé en France.                                                     La saveur des girolles sautées se marie admirablement avec de la Langoustine ou beaucoup plus simplement avec une omelette, Rincer et égoutter les champignons avant de les cuisiner., girolles (cantharellus cibarius),eau, sel, acidifiant : acide citrique., Valeur énergétique en Joules :  147Kj, Valeur énergétique en Kcal : 35Kcal, Glucides : 6,3g, Lipides : 0,2g, Protides :1,9g, A conserver à température ambiante.]|"
24,97€ / Kg"|"
4,62 €"
2534|Haricots au beurre très fins|La boîte de 440g|[Origine : FRANCE, Versez les haricots dans une passoire et rincez-les à l'eau froide. Réchauffez à feu doux avec du beurre ou du jus de viande. Saupoudrez de persil haché et assaisonnez à votre convenance., Haricots beurre, eau, sel., Valeur énergétique en Joules :  107KJ, Valeur énergétique en Kcal : 26Kcal, Glucides : 3,2g, Lipides : 0,1g, Protides :1,7g, A conserver à température ambiante à l'abri de l'humidité et des fortes variations de température.]|"
3,89€ / Kg"|"
1,71 €"
2535|Haricots blancs|La boîte de 250g|[Origine : FRANCE, Verser le contenu de la boîte dans une casserole. Réchauffer à feux doux sans porter à ébullition en remuant doucement., Haricots blancs secs trempés, eau, sel, arôme naturel., Valeur énergétique en Joules :  306Kj, Valeur énergétique en Kcal : 72Kcal, Glucides : 13g, Lipides : 0,4g, Protides :4,1g, A conserver à température ambiante à l'abri de l'humidité et des fortes variations de températures.]|"
2,72€ / Kg"|"
0,68 €"
2536|Haricots blancs cuisinés à la graisse d'oie|La boîte de 400g|[Origine : FRANCE, Ne pas égoutter. Verser dans une casserole et réchauffer à feu doux sans laisser bouillir. A consommer seul ou avec des saucisses, viandes grillées ou rôties., Haricots blancs secs trempés 48%, eau, graisse d'oie 4%, purée de tomates double concentrée, amidon transformé de maïs, sel, arômes naturels, oignon en poudre., Valeur énergétique en Joules :  529Kj, Valeur énergétique en Kcal : 127KCal, Glucides : 13g, Lipides : 4,8g, Protides :4,7g, A conserver à température ambiante à l'abri de l'humidité et des fortes variations de température.]|"
4,64€ / Kg"|"
1,16 €"
2537|Haricots blancs cuisinés à la sauce tomate|La boîte de 400g|[Origine : FRANCE, Versez le contenu de la boîte dans une casserole. Faites chauffer à feu doux sans porter à ébullition en remuant délicatement., Haricots blancs secs trempés, eau, purée de tomates double concentrée 1,4%, sel, arôme., Valeur énergétique en Joules :  309Kj, Valeur énergétique en Kcal : 73Kcal, Glucides : 12,2g, Lipides : 0,3g, Protides :5,3g, A conserver à température ambiante à l'abri de l'humidité et des fortes variations de température.]|"
2,92€ / Kg"|"
0,73 €"
2538|Haricots blancs préparés|Le pot de 660g|[Origine : FRANCE, Versez le contenu du bocal dans une casserole. Réchauffez à feu doux pendant 5 minutes. A consommer seul ou avec des saucisses, viandes grillées ou rôties., Haricots blancs secs trempés, eau, sel, arômes, Conservation : à température ambiante, à l'abri de l'humidité et de la chaleur.]|"
2,89€ / Kg"|"
1,14 €"
2539|Haricots rouges|La boîte de 250g|[Origine : FRANCE, Chaud : verser le contenu de la boîte dans une casserole. Réchauffer à feu doux sans porter à ébullition en remuant délicatement. Egoutter avant de servir. Froid : bien égoutter et rincer à l'eau tiède., Haricots rouges secs trempés, eau, sucre, sel., Valeur énergétique en Joules :  390Kj, Valeur énergétique en Kcal : 93Kcal, Glucides : 16g, Lipides : 0,3g, Protides :6,3g, A conserver à température ambiante à l'abri de l'humidité et des fortes variations de températures.]|"
2,68€ / Kg"|"
0,67 €"
2540|Haricots verts extra fins|La boîte de 220g|[Origine : FRANCE, Rincer à l'eau froide et égoutter. Réchauffer à feu doux avec du beurre ou du jus de viande, saupoudrer de persil haché et assaisonner à votre contenance. Froids : en salade., Haricots verts, eau, sel., Valeur énergétique en Joules :  72Kj, Valeur énergétique en Kcal : 17Kcal, Glucides : 2,5g, Lipides : 0,2g, Protides :1,3g, A conserver à température ambiante, à l'abri de l'humidité et des fortes variations de températures.]|"
3,59€ / Kg"|"
0,79 €"
2541|Haricots verts extra-fins|La boîte de 440g|[Origine : FRANCE, Rincer à l'eau froide et égoutter. Réchauffer à feu doux avec du beurre ou du jus de viande, saupoudrer de persil haché et assaisonner à votre contenance. Froids : en salade., Haricots verts, eau, sel., Valeur énergétique en Joules :  72Kj, Valeur énergétique en Kcal : 17Kcal, Glucides : 2,5g, Lipides : 0,2g, Protides :1,3g, A conserver à température ambiante, à l'abri de l'humidité et des fortes variations de températures.]|"
2,66€ / Kg"|"
1,17 €"
2542|Haricots verts extra-fins, certifié AB|Le bocal de 345g net égoutté|[Origine : FRANCE, Rincez à l'eau froide et égouttez. Réchauffez à feu doux avec du beurre ou du jus de viande, saupoudrez de persil haché et assaisonnez à votre convenance. Froids : en salade., Haricots verts*, eau, sel. *ingrédient issu de l'agriculture biologique., Valeur énergétique en Joules :  108kj, Valeur énergétique en Kcal : 26kcal, Glucides : 3g, Lipides : 0,2g, Protides :1,6g, A conserver à l'abri de la chaleur, de l'humidité et de la lumière.]|"
9,71€ / Kg"|"
3,35 €"
2543|Haricots verts extra-fins, certifié AB|Le bocal de 345g net égoutté|[Origine : FRANCE, Rincez à l'eau froide et égouttez. Réchauffez à feu doux avec du beurre ou du jus de viande, saupoudrez de persil haché et assaisonnez à votre convenance. Froids : en salade., Haricots verts*, eau, sel. *ingrédient issu de l'agriculture biologique., Valeur énergétique en Joules :  108kj, Valeur énergétique en Kcal : 26kcal, Glucides : 3g, Lipides : 0,2g, Protides :1,6g, A conserver à l'abri de la chaleur, de l'humidité et de la lumière.]|"
9,71€ / Kg"|"
3,35 €"
2544|Haricots verts extra fins, cueillis et rangés main|Le pot de 220g net égoutté|[Origine : FRANCE, Haricots verts extra fin cueillis et rangés main., Haricots verts, eau, sel., Valeur énergétique en Joules :  93kj, Valeur énergétique en Kcal : 22kcal, Glucides : 2,7g, Lipides : 0,2g, Protides :1,6g, A conserver à l'abri de la chaleur, de l'humidité et de la lumière.]|"
7,91€ / Kg"|"
1,74 €"
2545|Haricots verts extra-fins ceuillis et rangés main|Le pot de 345g|[Origine : FRANCE, Haricots verts extra fins cueillis et rangés main., Haricots verts, eau, sel., Valeur énergétique en Joules :  93kj, Valeur énergétique en Kcal : 22kcal, Glucides : 2,5g, Lipides : 0g, Protides :1,6g, A conserver à l'abri de la chaleur, de l'humidité et de la lumière.]|"
5,91€ / Kg"|"
2,04 €"
2547|Bloc de foie gras de canard, avec morceaux|La boîte de 200g|[Origine : FRANCE, A servir  frais. Trancher avec un couteau préalablement plongé dans l'eau chaude., Valeur énergétique en Joules :  0, Valeur énergétique en Kcal : 0, Glucides : 0, Lipides : 0, Protides :0, Foie gras de canard, morceaux de foie gras de canard : 30%, eau, sel, Armagnac, poivre, sucre, antioxygène : acide ascorbique (E 300), conservateur: nitrite de sodium (E 250)., A conserver dans un endroit frais et sec.]|"
73,90€ / Kg"|"
14,78 €"
2548|Foie gras de canard|La boîte de 130g|[Origine : FRANCE, Pour 2/3 personnes., Foie gras de canard, eau, sel, Armagnac, poivre, sucre, antioxygène : acide ascorbique (E 300), conservateur : nitrite de sodium (E 250)., Valeur énergétique en Joules :  0, Valeur énergétique en Kcal : 0, Glucides : 0, Lipides : 0, Protides :0]|"
70,15€ / Kg"|"
9,12 €"
2549|Confit de volaille à l'estragon|Le pot de 90g|[Origine : FRANCE, Servir frais., Viande de porc, foie de poulet 30%, gras de porc, foie de porc, sel, estragon 0,79%, poivre, épices. Fabriqué en France à partir de viande d'origine Union Européenne., Valeur énergétique en Joules :  1393kj, Valeur énergétique en Kcal : 337kcal, Glucides : traces, Lipides : 31g, Protides :14g, A conserver dans un endroit sec et frais. Après ouverture, à conserver au réfrigérateur et à consommer sous 48 heures.]|"
11,44€ / Kg"|"
1,03 €"
2550|Pâté de campagne|Les 2 boîtes, 156g|[Origine : FRANCE, Pâte de campagne qualité supérieure sans colorant, pur porc français., Viande de porc fraîche, foie de porc frais, gras de porc frais, couenne de porc fraîche, oignons, blanc d'oeuf, sel, épices et aromates, arômes, dextrose de blé, conservateur : nitrite de sodium. Sans colorant., Valeur énergétique en Joules :  1251kj, Valeur énergétique en Kcal : 302kcal, Glucides : 2g, Lipides : 26g, Protides :15g, Avant ouverture, à conserver à température ambiante. Après ouverture, à conserver au réfrigérateur et à consommer rapidement.]|"
7,37€ / Kg"|"
1,15 €"
2551|Pâté de foie|Le 2 boîtes, 156g|[Origine : FRANCE, Pâte de foie qualité supérieure., Mettre au frais une demi-heure avant ouverture., Gras de porc frais, foie de porc frais 28%, eau, viande de porc fraîche, oignons, sel, protéines de lait, concentré de tomates, sucre, poivre, lait écrémé en poudre, lactose, épices, dextrose de blé, antioxydant : acide ascorbique, lactosérum, conservateur : nitrite de sodium., Valeur énergétique en Joules :  1467kj, Valeur énergétique en Kcal : 355kcal, Glucides : 1,3g, Lipides : 34g, Protides :11g, Avant ouverture, à conserver à température ambiante. Après ouverture, à conserver au réfrigérateur et à consommer rapidement.]|"
6,86€ / Kg"|"
1,07 €"
2552|Rillettes de canard|Le pot de 180g|[Origine : FRANCE, Recette traditionnelle., Viande de canard 80%, graisse de canard 19%, sel, poivre. Sans colorant ni conservateur., Valeur énergétique en Joules :  1931kj, Valeur énergétique en Kcal : 467kcal, Glucides : 0g, Lipides : 43g, Protides :20g, A conserver à température ambiante. Après ouverture, à conserver au réfrigérateur et à consommer très rapidement.]|"
17,44€ / Kg"|"
3,14 €"
2553|Rillettes pur oie|Le pot de 180g|[Origine : FRANCE, Rillettes pure oie., Viande d'oie 80%, graisse d'oie 19%, sel, poivre. Sans colorant ni conservateur., Valeur énergétique en Joules :  1652kj, Valeur énergétique en Kcal : 399kcal, Glucides : 0g, Lipides : 35g, Protides :21g, A conserver à température ambiante. Après ouverture, à conserver au réfrigérateur et à consommer très rapidement.]|"
18,06€ / Kg"|"
3,25 €"
2554|Terrine de campagne|Le pot de 180g|[Origine : FRANCE, Servir frais., Viande de porc, foie de porc 33%, gras de porc, oignon, sel, ail, Cognac, poivre, muscade, arôme naturel. Fabriqué en France à partir de viande d'origine Union Européenne., Valeur énergétique en Joules :  1260kj, Valeur énergétique en Kcal : 305kcal, Glucides : 0,9g, Lipides : 27g, Protides :14g, A conserver dans un endroit sec et frais. Après ouverture, à conserver au réfrigérateur et à consommer sous 48 heures.]|"
10,11€ / Kg"|"
1,82 €"
2555|Terrine de campagne|Le pot de 180g|[Origine : FRANCE, Gorde de porc*52%, foie de porc*32%, épaule de porc*7%, lait*, oeufs*, sel, Cognac*, épice et aromates*. *ingrédients issus de l'agriculture biologique, Valeur énergétique en Joules :  1305Kj, Valeur énergétique en Kcal : 315Kcal, Glucides : 0,8g, Lipides : 28g, Protides :15g]|"
12,50€ / Kg"|"
2,25 €"
2556|Terrine de campagne|Le pot de 180g|[Origine : FRANCE, Gorde de porc*52%, foie de porc*32%, épaule de porc*7%, lait*, oeufs*, sel, Cognac*, épice et aromates*. *ingrédients issus de l'agriculture biologique, Valeur énergétique en Joules :  1305Kj, Valeur énergétique en Kcal : 315Kcal, Glucides : 0,8g, Lipides : 28g, Protides :15g]|"
12,50€ / Kg"|"
2,25 €"
2557|Terrine de campagne|Le pot de 180g|[Origine : FRANCE, Maigre et gras de porc 56%, foie de porc 42%, sel, poivre, blanc d'oeuf., Valeur énergétique en Joules :  0, Valeur énergétique en Kcal : 0, Glucides : 0, Lipides : 0, Protides :0, A conserver à température ambiante. Après ouverture à conserver au et à consommer rapidement.]|"
11,00€ / Kg"|"
1,98 €"
2558|Terrine de campagne au poivre vert|Le pot de 90g|[Origine : FRANCE, Servir frais., Viande de porc, foie de porc 31%, gras de porc, oignon, poivre vert 1,5%, sel, ail, Cognac, poivre, muscade, arôme naturel. Fabriqué en France à partir de viande d'origine Union Européenne., Valeur énergétique en Joules :  1260kj, Valeur énergétique en Kcal : 305kcal, Glucides : 0,9g, Lipides : 27g, Protides :14g, A conserver dans un endroit sec et frais. Après ouverture, à conserver au réfrigérateur et à consommer sous 48 heures.]|"
11,22€ / Kg"|"
1,01 €"
2559|Terrine de canard à l'Armagnac|Le pot de 180g|[Origine : FRANCE, Viande de canard 25%, foie de poulet, gras de porc, viande de porc, oignon, Armagnac 2%, gras de canard 1,5%, sel, poivre, épices, arôme naturel., Valeur énergétique en Joules :  1134kj, Valeur énergétique en Kcal : 274kcal, Glucides : traces, Lipides : 24g, Protides :14g, A conserver dans un endroit sec et frais. Après ouverture, à conserver au réfrigérateur et à consommer sous 48 heures.]|"
9,39€ / Kg"|"
1,69 €"
2560|Terrine de canard à l'échalote|Le pot de 90g|[Origine : FRANCE, Servir frais., Viande de canard 25%, gras de porc, foie de poulet, viande de porc, oignon, échalote 3,5%, gras de canard 1,5%, sel, poivre, coriandre, muscade., Valeur énergétique en Joules :  1129kj, Valeur énergétique en Kcal : 273kcal, Glucides : 0,7g, Lipides : 24g, Protides :13g, A conserver dans un endroit sec et frais. Après ouverture, à conserver au réfrigérateur et à consommer sous 48 heures.]|"
13,11€ / Kg"|"
1,18 €"
2561|Terrine de fois de volaille au cognac|Le pot de 180g|[Origine : FRANCE, Gorge de porc*, foie de volaille* 37%, lait*, oeufs*, sel, cognac*1% et aromates*.  *ingrédients issus de l'Agriculture Biologique., Valeur énergétique en Joules :  1378Kj, Valeur énergétique en Kcal : 333Kcal, Glucides : 0,6g, Lipides : 31g, Protides :13g]|"
12,50€ / Kg"|"
2,25 €"
2562|Terrine de fois de volaille au cognac|Le pot de 180g|[Origine : FRANCE, Gorge de porc*, foie de volaille* 37%, lait*, oeufs*, sel, cognac*1% et aromates*.  *ingrédients issus de l'Agriculture Biologique., Valeur énergétique en Joules :  1378Kj, Valeur énergétique en Kcal : 333Kcal, Glucides : 0,6g, Lipides : 31g, Protides :13g]|"
12,50€ / Kg"|"
2,25 €"
2563|Terrine de porc au piment d'espelette, Label Rouge|Le pot de 180g|[Origine : FRANCE, Maigre et gras de porc 56%, foie de porc 41%, sel , poudre de piment d'Espelette A.O.C. 1%, poivre , blanc d'oeuf, Valeur énergétique en Joules :  0, Valeur énergétique en Kcal : 0, Glucides : 0, Lipides : 0, Protides :0, A conserver à température ambiante. Après ouverture à conserver au frais et à consommer rapidement]|"
12,61€ / Kg"|"
2,27 €"
2564|Terrine d'aubergine à tartiner, certifié AB|La boîte de 125g|[Origine : FRANCE, Pour profiter du meilleur de la nature Bjorg élabore ses recettes pour vous offrir des vertus nutritionnelles uniques., Levure alimentaire, eau, aubergines grillées (*aubergines 18%, *huile de tournesol, *vinaigre, *épices, *herbes aromatiques), huile de palmiste non hydrogénée, *tofu (eau, *fèves de soja), *purée de tomates, *flocons de pommes de terre, huile d'olive*, sel marin, *sauce de soja (eau, *fèves de soja, sel), *ail, *thym, *épices. *100% des ingrédients d'origine agricole ont été obtenus selon les règles de la production biologique. Sans arôme artificiel, sans colorant., Valeur énergétique en Joules :  695Kj, Valeur énergétique en Kcal : 165Kc, Glucides : 4g, Lipides : 14,2g, Protides :6g, Pratique grâce à sa capsule refermable, la Terrine Aubergine se conserve au réfrigérateur après ouverture.]|"
24,48€ / Kg"|"
3,06 €"
2565|Terrine d'aubergine à tartiner, certifié AB|La boîte de 125g|[Origine : FRANCE, Pour profiter du meilleur de la nature Bjorg élabore ses recettes pour vous offrir des vertus nutritionnelles uniques., Levure alimentaire, eau, aubergines grillées (*aubergines 18%, *huile de tournesol, *vinaigre, *épices, *herbes aromatiques), huile de palmiste non hydrogénée, *tofu (eau, *fèves de soja), *purée de tomates, *flocons de pommes de terre, huile d'olive*, sel marin, *sauce de soja (eau, *fèves de soja, sel), *ail, *thym, *épices. *100% des ingrédients d'origine agricole ont été obtenus selon les règles de la production biologique. Sans arôme artificiel, sans colorant., Valeur énergétique en Joules :  695Kj, Valeur énergétique en Kcal : 165Kc, Glucides : 4g, Lipides : 14,2g, Protides :6g, Pratique grâce à sa capsule refermable, la Terrine Aubergine se conserve au réfrigérateur après ouverture.]|"
24,48€ / Kg"|"
3,06 €"
2566|Terrine provençale, spécialité végétale à tartiner|La boîte de 125g|[Origine : FRANCE, Bjorg fait le choix de l'agriculture biologique, un mode de culture qui utilise des méthodes naturelles et un mode de transformation qui s'interdit tout arôme artificiel ou colorant. Pour profiter du meilleur de la nature Bjorg élabore ses recettes pour vous offrir des vertus nutritionnelles uniques., Levure, eau, *matière grasse végétale (palme), *herbes de Provence 7,2% (*thym, *sarriette, *romarin, *laurier, *basilic, *fleur de lavande), *amidon de pomme de terre, *poireau, *huile de tournesol, sel marin, *ail, *poivre, *céleri. *100% des ingrédients d'origine agricole ont été obtenus selon les règles de la production biologique., Valeur énergétique en Joules :  884Kj, Valeur énergétique en Kcal : 213Kcal, Glucides : 9g, Lipides : 17g, Protides :6g, Pratique grâce à sa capsule refermable, la Terrine Provençale se conserve au réfrigérateur après ouverture.]|"
26,24€ / Kg"|"
3,28 €"
2567|Terrine provençale, spécialité végétale à tartiner|La boîte de 125g|[Origine : FRANCE, Bjorg fait le choix de l'agriculture biologique, un mode de culture qui utilise des méthodes naturelles et un mode de transformation qui s'interdit tout arôme artificiel ou colorant. Pour profiter du meilleur de la nature Bjorg élabore ses recettes pour vous offrir des vertus nutritionnelles uniques., Levure, eau, *matière grasse végétale (palme), *herbes de Provence 7,2% (*thym, *sarriette, *romarin, *laurier, *basilic, *fleur de lavande), *amidon de pomme de terre, *poireau, *huile de tournesol, sel marin, *ail, *poivre, *céleri. *100% des ingrédients d'origine agricole ont été obtenus selon les règles de la production biologique., Valeur énergétique en Joules :  884Kj, Valeur énergétique en Kcal : 213Kcal, Glucides : 9g, Lipides : 17g, Protides :6g, Pratique grâce à sa capsule refermable, la Terrine Provençale se conserve au réfrigérateur après ouverture.]|"
26,24€ / Kg"|"
3,28 €"
2568|Terrine veg legumes du soleil bio|La boite de 125g|[Origine : ALLEMAGNE, Spécialité végétale à tartiner aux légumes., Levure*, huile de tournesol*, poivrons rouges* (12.5%), eau, amidon de pomme de terre*, purÍe de tomates* (8%), aubergines* (4.5%), courgettes* (4.5%), tomates* (3%), huile d?olive*, sel de mer, oignons*, Ípices* (ail en poudre*, paprika*, poivre blanc*), fines herbes* (origan*, romarin*, thym*), Valeur énergétique en Joules :  870, Valeur énergétique en Kcal : 210, Glucides : 9, Lipides : 16.5, Protides :4.5, Après ouverture, à conserver au réfrigérateur et à consommer rapidement.]|"
29,12€ / Kg"|"
3,64 €"
2569|Terrine veg legumes du soleil bio|La boite de 125g|[Origine : ALLEMAGNE, Spécialité végétale à tartiner aux légumes., Levure*, huile de tournesol*, poivrons rouges* (12.5%), eau, amidon de pomme de terre*, purÍe de tomates* (8%), aubergines* (4.5%), courgettes* (4.5%), tomates* (3%), huile d?olive*, sel de mer, oignons*, Ípices* (ail en poudre*, paprika*, poivre blanc*), fines herbes* (origan*, romarin*, thym*), Valeur énergétique en Joules :  870, Valeur énergétique en Kcal : 210, Glucides : 9, Lipides : 16.5, Protides :4.5, Après ouverture, à conserver au réfrigérateur et à consommer rapidement.]|"
29,12€ / Kg"|"
3,64 €"
2570|Terrine au figatelli et à l'eau de vie|La verrine de 140g|[Origine : FRANCE]|"
27,86€ / Kg"|"
3,90 €"
2571|Terrine au sanglier et à l'eau de vie|La verrine de 140g|[Origine : FRANCE]|"
27,86€ / Kg"|"
3,90 €"
2572|Terrine du berger au brocciu et à la menthe|La verrine de 140g|[Origine : FRANCE]|"
20,43€ / Kg"|"
2,86 €"
2573|Mousse de canard|La boîte de 115g|[Origine : FRANCE, Gras de porc  , lait entier , foie de poulet , foie maigre de canard (15%) , graisse de canard (13%) , sel , Porto , sucre , épices ,conservateur : nitrate de sodium.]|"
12,87€ / Kg"|"
1,48 €"
2574|Pâté|Le pot de 180g|[Origine : FRANCE, Une recette originale qui utilise tous les morceaux nobles du cochon y compris les filets et les jambons. C'est pourquoi le Pâté Hénaff est moins gras que la moyenne des pâtés.Son mélange d'épices est un secret bien gardé qui lui donne son goût unique. Recette inimitable., Viande de porc (91%) dont jambon (20%), fumet, foie de porc (2,5%), sel, épices., Valeur énergétique en Joules :  1402Kj, Valeur énergétique en Kcal : 339Kcal, Glucides : 4g, Lipides : 31g, Protides :11g]|"
15,56€ / Kg"|"
2,80 €"
2575|Pâté de foie|Les 3 boîtes, 234g|[Origine : ESPAGNE, Notre cuisinier est intransigeant sur la qualité de nos recettes et des produits qui les composent. Nous avons cuisiné ce pâté de foie selon une recette traditionnelle riche en foie, gage d'une saveur et d'une onctuosité exceptionnelles. Pour varierles plaisirs, Hénaff vous propose une large gamme de recettes gourmandes : Le fameux Pâté Hénaff ainsi que des Pâtés, Rillettes, Terrines et Mousses en boîte ou en bocal élaborés avec le souci constant de l'excellence., Gras de porc, foie de porc (34%), lait entier, oeuf entier, échalotes, sel, ail, épices, conservateur : nitrite de sodium SANS COLORANT.]|"
8,63€ / Kg"|"
2,02 €"
2576|Pâté pur porc|La boîte de 78g|[Origine : FRANCE, Viande de porc (91%) dont jambon (20%), fumet, foie de porc (2.5%), sel, épices, conservateur : nitrite de sodium.]|"
14,87€ / Kg"|"
1,16 €"
2577|Rillette bretonne|Les 3 boîtes, 312g|[Origine : FRANCE, Parce que la vie est plus belle quand on mange bien, nous cuisinons nos rillettes en faisant rissoler très lentement des morceaux choisis, pour une recette sans colorant ni conservateur.Du porc, du sel, du poivre et c'est tout !, Viande de porc (90%), gras de porc, sel de mer, poivre. Sans conservateur, ni colorant.]|"
15,81€ / Kg"|"
3,70 €"
2578|Terrine bretonne|La boîte de 200g|[Origine : FRANCE]|"
13,85€ / Kg"|"
2,77 €"
2579|Gésiers de canard confit entiers|La boîte de 410g|[Origine : FRANCE, GESIERS DE CANARD,GRAISSE DE CANARD, SEL.]|"
13,54€ / Kg"|"
5,55 €"
2580|Terrine à la chataigne bio|La verrine de 110g|[Origine : FRANCE, Certifié par Ecocert, Gorge de porc, foie de porc, uf entier,sel,châtaigne corse 16%, poivre, épices., A conserver dans un endroit sec et frais de préférence à une température inférieure à +18°C. Une fois entamé, à conserver au réfrigérateur et à consommer rapidement.]|"
34,36€ / Kg"|"
3,78 €"
2581|Terrine à la chataigne bio|La verrine de 110g|[Origine : FRANCE, Certifié par Ecocert, Gorge de porc, foie de porc, uf entier,sel,châtaigne corse 16%, poivre, épices., A conserver dans un endroit sec et frais de préférence à une température inférieure à +18°C. Une fois entamé, à conserver au réfrigérateur et à consommer rapidement.]|"
34,36€ / Kg"|"
3,78 €"
2582|Terrine au figatellu|La verrine de 110g|[Origine : FRANCE, Certifié par Ecocert, Gorge de porc, foie de porc, figatellu (gorge de porc, foie de porc, maigre de porc, sel, poivre) uf entier, sel poivre, épices., A conserver dans un endroit sec et frais de préférence à une température inférieure à +18°C. Une fois entamé, à conserver au réfrigérateur et à consommer rapidement.]|"
34,36€ / Kg"|"
3,78 €"
2583|Terrine au myrthe bio|La verrine de 110g|[Origine : FRANCE, Certifié par Ecocert, Gorge de porc, foie de porc, uf entier,sel myrte1,5%, poivre, épices., A conserver dans un endroit sec et frais de préférence à une température inférieure à +18°C. Une fois entamé, à conserver au réfrigérateur et à consommer rapidement.]|"
34,36€ / Kg"|"
3,78 €"
2584|Terrine au myrthe bio|La verrine de 110g|[Origine : FRANCE, Certifié par Ecocert, Gorge de porc, foie de porc, uf entier,sel myrte1,5%, poivre, épices., A conserver dans un endroit sec et frais de préférence à une température inférieure à +18°C. Une fois entamé, à conserver au réfrigérateur et à consommer rapidement.]|"
34,36€ / Kg"|"
3,78 €"
2585|Terrine aux figues et aux noix bio|La verrine de 110g|[Origine : FRANCE, Certifié par Ecocert, Gorge de porc, foie de porc, figue 8%, noix 3%,uf entier, sel, poivre, épices., A conserver dans un endroit sec et frais de préférence à une température inférieure à +18°C. Une fois entamé, à conserver au réfrigérateur et à consommer rapidement.]|"
34,36€ / Kg"|"
3,78 €"
2586|Terrine aux figues et aux noix bio|La verrine de 110g|[Origine : FRANCE, Certifié par Ecocert, Gorge de porc, foie de porc, figue 8%, noix 3%,uf entier, sel, poivre, épices., A conserver dans un endroit sec et frais de préférence à une température inférieure à +18°C. Une fois entamé, à conserver au réfrigérateur et à consommer rapidement.]|"
34,36€ / Kg"|"
3,78 €"
2587|Terrine aux olives et aux herbes du maquis bio|La verrine de 110g|[Origine : FRANCE, Certifié par Ecocert, Gorge de porc, foie de porc,olive noire 8%, herbes du maquis corse 1% (romarin, népita, myrte) uf entier, sel, poivre, épices., A conserver dans un endroit sec et frais de préférence à une température inférieure à +18°C. Une fois entamé, à conserver au réfrigérateur et à consommer rapidement.]|"
34,36€ / Kg"|"
3,78 €"
2588|Terrine aux olives et aux herbes du maquis bio|La verrine de 110g|[Origine : FRANCE, Certifié par Ecocert, Gorge de porc, foie de porc,olive noire 8%, herbes du maquis corse 1% (romarin, népita, myrte) uf entier, sel, poivre, épices., A conserver dans un endroit sec et frais de préférence à une température inférieure à +18°C. Une fois entamé, à conserver au réfrigérateur et à consommer rapidement.]|"
34,36€ / Kg"|"
3,78 €"
2589|Terrine noisettes et muscat bio|La verrine de 110g|[Origine : FRANCE, Certifié par Ecocert, Gorge de porc, foie de porc, noisettes de Cervioni 15%, muscat du Cap Corse AOC 2%, uf entier, sel poivre, épices., A conserver dans un endroit sec et frais de préférence à une température inférieure à +18°C. Une fois entamé, à conserver au réfrigérateur et à consommer rapidement.]|"
34,36€ / Kg"|"
3,78 €"
2590|Terrine noisettes et muscat bio|La verrine de 110g|[Origine : FRANCE, Certifié par Ecocert, Gorge de porc, foie de porc, noisettes de Cervioni 15%, muscat du Cap Corse AOC 2%, uf entier, sel poivre, épices., A conserver dans un endroit sec et frais de préférence à une température inférieure à +18°C. Une fois entamé, à conserver au réfrigérateur et à consommer rapidement.]|"
34,36€ / Kg"|"
3,78 €"
2591|Funghi secchi|La barquette de 20g|[Origine : FRANCE, Pâte (semoule de blé dur, eau) 26%, farce (brousse, oeuf, epinards, muscade, menthe) 38%,  sauce (huile de tournesol, ail, carottes, celeris, oignons, poireaux, clou de girofle, concentré de tomate) 34%, sel, poivre. Allergènes : gluten, lait, oeuf,celeri., A conserver entre 0°c et 3°C.]|"
208,00€ / Kg"|"
4,16 €"
2592|Pâté de jambon haché|La boîte de 200g|[Origine : FRANCE, Délice de jambon, Viande de porc (40%), jambon haché (20%), eau, gras de porc, viande de porc séparée mécaniquement, couenne de porc, fécule, sel, protéines de lait, stabilisant (E451), antioxygène (E301), conservateur (E250).]|"
7,65€ / Kg"|"
1,53 €"
2593|Blanquette, sauté de veau et ses 3 légumes|Le pot de 650g|[Origine : FRANCE, A la casserole (conseillé) : versez le contenu du bocal dans une casserole et réchauffez à feu doux 8 à 10min. Au micro-ondes : versez le contenu du bocal dans un récipient adapté au four à micro-ondes et réchauffez 3 à 4 minutes selon la puissance de votre four., Sauce 46% (eau, crème 10% (crème de lait, gélifiant : E407, émulsifiant : E472b), amidon modifié de manioc, bouillon de légumes déshydratés (extrait de légumes déshydratés, arômes (blé), sucre, sel, épices et aromates, antioxygènes : E300 et E301), sel, jus de citron, fond de veau (fond de veau (os, viande et graisse de veau, eau), extrait de levure, maltodextrine de blé, sel, arômes naturels, oignon et tomate en poudre, concentré de carottes), caséinates de sodium, poivre, épaississant : E407).Sauté de veau 37%. Carottes 9.3%. Champignons 4.6%. Oignons 3.1%., Valeur énergétique en Joules :  374Kj, Valeur énergétique en Kcal : 90KCal, Glucides : 2,6g, Lipides : 5,1g, Protides :7,5g, Garder dans un endroit sec à l'abri de la chaleur et de la lumière.]|"
11,17€ / Kg"|"
7,26 €"
2594|Blanquette de veau et riz blanc|La barquette de 300g|[Origine : FRANCE, Au bain-marie : plonger entièrement la barquette fermée dans l'eau frémissante 10 minutes environ. Agiter doucement avant d'ouvrir. Au four à micro-ondes : percer l'opercule de plusieurs trous. Placer la barquette au centre du micro-ondes. Réchauffer2 minutes à puissance maximale (pour n four d'une puissance de 750 Watts). Agiter doucement et attendre 2 minutes avant d'ouvrir. Au four traditionnel : ouvrir la barquette, la renverser dans un plat allant au four. Faire chauffer à 220°C (thermostat 7) pendant 20 minutes., Grand compartiment 175g : viande de veau barattée 46% (viande de veau, stabilisants : diphosphate disodique t triphosphate pentasodique), eau, champignons 5,7% (champignons, sel, acidifiant : acide citrique, antioxydant : acide ascorbique), carottes5,7%, crème légère (crème, stabilisant : carraghénanes), vin blanc, huile de tournesol oléique, amidon transformé de maïs, beurre demi-sel (crème pasteurisée, sel, ferment lactique), fond de veau (sirop de glucose, arômes, amidon de blé, épices et plantes aromatiques, arômes naturels, sel, épaississant : farine de graines de caroube, sucre, viande de veau déshydratée, colorant : caramel ammoniacal, dont céleri, blé et lait), sel, sirop de glucose, spécialité au citron (eau, jus concentrés de citron et d'orange, pulpe de citron, acidifiant : acide citrique, extrait naturel de citron), sucre, protéines de lait, ail, poivre. Pourcentages exprimés par rapport au grand compartiment. Petit compartiment 125g : riz cuit 97%, huile de colza, sel. Contient des sulfites., Valeur énergétique en Joules :  462Kj, Valeur énergétique en Kcal : 110Kcal, Glucides : 14g, Lipides : 2,6g, Protides :7g, A conserver dans un endroit sec et tempéré avant ouverture.]|"
9,27€ / Kg"|"
2,78 €"
2595|Boeuf bourguignon, pommes de terre et petits légumes|La barquette de 300g|[Origine : FRANCE, Monoprix a élaboré une gamme de plats cuisinés individuels savoureux à découvrir de jour en jour. Très pratiques, ils sont prêts à déguster en quelques minutes. Bon appétit !, AU FOUR À MICRO-ONDES : (pour un four ayant une puissance restituée de 800 Watts). Percez le film de la barquette avec un couteau (le film passe au micro-ondes). Centrez la barquette afin qu'elle ne soit pas en contact avec les parois du four. Faitesréchauffer 2 minutes à puissance maximale de votre four micro-ondes. AU BAIN-MARIE : Plongez la barquette fermée dans l'eau frémissante pendant 10 minutes., Préparation de viande bovine 25% (viande bovine, sirop de glucose de blé, sel, stabilisant : E457i), pommes de terre 23%, eau, carottes 11,7%, vin rouge 10% (contient des sulfites), champignons 3% (champignons, eau, sel, acidifiant : acide citrique,antioxygène : acide ascorbique), lardons 2% (poitrine de porc, sel, sucre, dextrose de blé, acidifiant : acide citrique, arôme, conservateurs : nitrite de sodium, nitrite de potassium, antioxygène : ascorbate de sodium), margarine [huiles et graissesvégétales raffinées partiellement hydrogénées (palme et colza), eau, émulsifiants : E471, sel, conservateurs : acide sorbique, acidifiant : acide citrique, arômes, colorant : E160a], oignons grelots 1,6%, amidon transformé de maïs, fond de viande aromatisé [lactose, amidon transformé de maïs, sel, arômes (dont soja), graisse de poule, extrait de levure, viande de veau (3,9%), légumes (tomates, oignons), maltodextrine de blé, sucre, fécule de pomme de terre, farine de blé, colorant : E150c, épices et aromates, gélatine de porc], sel, roux blanc (farine de blé, graisse de palme hydrogénée), aromates (thym, laurier, ail), colorant : E150b, arôme (sel, oléorésine de poivre)., Valeur énergétique en Joules :  384, Valeur énergétique en Kcal : 91, Glucides : 7, Lipides : 3.5, Protides :8, Avant ouverture, conserver à température ambiante.]|"
9,27€ / Kg"|"
2,78 €"
2596|Calamars à l'américaine et riz blanc|La barquette de 285g|[Origine : FRANCE, Au four à micro-ondes: Percez l'opercule de chaque compartiment avec un coutea ou  une fourchette (l'opercule passe au micro-ondes). Centrez la barquette dans le four afin que l'opercule ne soit pas en contact avec les parois du four. Faites  réchauffer 3 minutes à puissance maximale (pour un four ayant une puissance restituée de 700 Watts). Au bain-marie: Plongez la barquette fermée pendant 10 min environ dans l'eau bouillante. A l'ouverture, bien remuer la sauce et servir., Valeur énergétique en Joules :  448kj, Valeur énergétique en Kcal : 106kcal, Glucides : 15g, Lipides : 2,7g, Protides :5g, Avant ouverture, conservez ce plat à température ambiante.]|"
10,74€ / Kg"|"
3,06 €"
2597|Cassoulet|La boîte de 420g|[Origine : FRANCE, A LA CASSEROLE : Versez le contenu de la boîte dans une casserole et réchauffez 10 mn à feu doux, en remuant de temps en temps. AU FOUR TRADITIONNEL : Disposez le cassoulet dans un plat à gratin (saupoudrez de chapelure éventuellement) et faites dorer pendant 20 mn environ à 200°-220°C (th. 6). AU FOUR À MICRO-ONDES : Versez le cassoulet dans un plat adapté, non métallique, recouvrez d'un film transparent et faites chauffer 3à 4 mn à puissance maximale. Bon appétit!, Sauce cuisinée : eau, concentré de tomates, farine de blé, saindoux, amidon transformé de pomme de terre, sel, arômes naturels et arômes (dont blé et lactose), ail, antioxygènes : E310,E320 colorant :E160c. Haricots blancs trempés 35%. Garniture à lamise en oeuvre 22,5% : saucisse et saucisson 70% (viande de porc, gorge de porc eau, couenne de porc, oignons, liant (protéines de lupin, fibres de blé, épice (moutarde), sel, plasma de porc, stabilisants : E450 et E451, épices (dont moutarde), arômes, ail en poudre, lactose, colorant : E160c, exhausteur de goût : E621, conservateur : E250), viande de porc préparée en salaison 30% (viande de porc, eau, sel, plasma de porc, stabilisants : E450, E45 7, antioxygène : E300, conservateur: E252).Traces d'oeuf, de soja et de céleri. Pourcentages exprimés sur la garniture., Valeur énergétique en Joules :  503, Valeur énergétique en Kcal : 120, Glucides : 12, Lipides : 4.5, Protides :7.8]|"
3,05€ / Kg"|"
1,28 €"
2598|Cassoulet|La boîte de 840g|[Origine : FRANCE, A la casserole : versez le contenu de la boîte dans une casserole et réchauffez 15 mn à feu doux, en remuant de temps en temps. Au micro-ondes : versez le cassoulet dans un plat adapté, non métallique et faire chauffer 3 à 4 mn à puissance maximale., Sauce cuisinée : eau, concentré de tomates, saindoux, amidon transformé de maïs, sel, arômes naturels. Haricots blancs réhydratés 33%. Garniture 21,4% : saucisse fumées 54% (viande de porc, gras et couenne de porc, eau, maigre de tête de porc, plasmade porc, sel, amidon de pois, stabilisant : E451, gélifiants : E407, E412, E415, sirop de glucose, arômes naturels, conservateur : E250). Viande de porc traitée en salaison 30% (viande de porc, eau, sel, stabilisant : E451, gélifiant : E407a, conservateur E250). Saucisson fumé 16% (viande de porc, gras et couenne de porc, eau, maigre de tête de porc, plasma de porc, sel, amidon de pois, stabilisant : E451, gélifiants : E407, E412, E415, sirop de glucose, arômes naturels, conservateur : E250). Traces de blé et de lait., Valeur énergétique en Joules :  503, Valeur énergétique en Kcal : 102, Glucides : 12, Lipides : 4.5, Protides :7.8, A conserver à température ambiante.]|"
2,33€ / Kg"|"
1,96 €"
2599|Cassoulet au confit de canard de castelnaudary|La boîte de 420g|[Origine : FRANCE, 1 personne. Four (30 min) : verser le contenu de la boîte dans un plat adapté et faire gratiner au four à 180°C (th 6) pendant 30 minutes environ., Haricots lingots blancs 39%, bouillon (eau, légumes (poireaux, carottes, oignons, tomates), gras dur de porc, pulpe d'ail (ail, sel), graisse de canard, arôme naturel, arômes naturels de poivre, sel, épices et aromates), manchon confit de canard gras15% (manchon de canard gras, graisse de canard, sel), saucisse de Toulouse grillée 12% (maigre et gras de porc, sel, poivre noir, boyau naturel de porc)., Valeur énergétique en Joules :  2639kj, Valeur énergétique en Kcal : 633kcal, Glucides : 28g, Lipides : 33g, Protides :46g, Avant ouverture, à conserver à température ambiante, à l'abri de la chaleur et de l'humidité.]|"
6,40€ / Kg"|"
2,69 €"
2600|Cassoulet au confit de canard de castelnaudary|La boîte de 840g|[Origine : FRANCE, Cassoulet au confit de canard., 2 personnes. Four (30 min) : verser le contenu de la boîte dans un plat adapté et faire gratiner au four à 180°C (th 6) pendant 30 minutes environ., Haricots lingots blancs 39%, bouillon (eau, légumes (poireaux, carottes, oignons, tomates), gras dur de porc, pulpe d'ail (ail, sel), graisse de canard, arôme naturel, arômes naturels de poivre, sel, épices et aromates), manchons confits de canard gras 15% (manchons de canard gras, graisse de canard, sel), saucisses de Toulouse grillées 12% (maigre et gras de porc, sel, poivre noir, boyau naturel de porc)., Valeur énergétique en Joules :  2639kj, Valeur énergétique en Kcal : 633kcal, Glucides : 28g, Lipides : 33g, Protides :46g, Avant ouverture, à conserver à température ambiante, à l'abri de la chaleur et de l'humidité.]|"
5,67€ / Kg"|"
4,76 €"
2601|Cassoulet gastronomique au confit de canard|Le pot de 830g|[Origine : FRANCE, Les haricots Lingots sont cuits longuement de façon à les rendre moelleux. La sauce est riche, cuisinée et savoureuse. La viande fondante à souhait. C'est un vrai régal., Vous pouvez réchauffer votre cassoulet au four à micro-ondes (7min. pour un four ayant une puissance restituée de 900 watts), ou au bain-marie (30min. à gros bouillons), mais il sera bien meilleur au four traditionnel : disposez-le dans un plat en terre cuite, recouvrez de chapelure et enfournez. Faites cuire 20min. à 180°C (Th6) en chaleur tournante., Haricots lingots trempés 37%, cuisse de canard confite 29%, saucisse de Toulouse 14% (maigre et gras de porc, eau, sel et poivre), fond de volaille (préparé par cuisson de carcasse de dinde, d'oignons, de poireaux, de couenne de porc, de sel, de poivre noir et d'eau), eau, oignons, graisse de canard, ail, sel, concentré de tomates, persil, parure de canard, poivre noir, fond d'os de porc., Valeur énergétique en Joules :  602Kj, Valeur énergétique en Kcal : 144KCal, Glucides : 10g, Lipides : 7,5g, Protides :9,1g, Après ouverture, conserver au réfrigérateur à +6°C maxi et consommer dans les 5 jours.]|"
6,31€ / Kg"|"
5,30 €"
2602|Chili con carne et riz blanc, certifié AB|La barquette de 300g|[Origine : FRANCE, Riz précuits* 38% (riz blanc*, eau, huile de colza*, sel), eau, viande de boeuf hachée cuite* 14%, haricots rouges réhydratés* 13% (haricots rouges*, eau), concentré de tomates*, oignons* 4%, poivrons rouges* et verts* 4%, sucre*, sel, fécule de pomme de terre*, moutarde forte*, (eau, graines de moutarde brunes*, vinaigre d'alcool*, sel), épaississants: gomme de xanthane et gomme guar, cumin*, piment de Cayenne*, paprika*. Présence possible de poisson, oeuf et gluten. *ingrédients issus de l'agriculture biologique., Au four à micro-ondes: percez l'opercule de chaque compartiment. Centrez la barquette dans le four afin qu'elle ne touche pas les parois. Faites réchauffer 2 minutes à puissance maximale. Au bain-marie: plongez la barquette fermée dans l'eau frémissante pendant 10 minutes. Passez-la sous l'eau froide pendant quelques secondes avant de retirer l'opercule pour éviter toute projection à l'ouverture., A conserver à température ambiante.]|"
11,87€ / Kg"|"
3,56 €"
2603|Chili con carne et riz blanc, certifié AB|La barquette de 300g|[Origine : FRANCE, Riz précuits* 38% (riz blanc*, eau, huile de colza*, sel), eau, viande de boeuf hachée cuite* 14%, haricots rouges réhydratés* 13% (haricots rouges*, eau), concentré de tomates*, oignons* 4%, poivrons rouges* et verts* 4%, sucre*, sel, fécule de pomme de terre*, moutarde forte*, (eau, graines de moutarde brunes*, vinaigre d'alcool*, sel), épaississants: gomme de xanthane et gomme guar, cumin*, piment de Cayenne*, paprika*. Présence possible de poisson, oeuf et gluten. *ingrédients issus de l'agriculture biologique., Au four à micro-ondes: percez l'opercule de chaque compartiment. Centrez la barquette dans le four afin qu'elle ne touche pas les parois. Faites réchauffer 2 minutes à puissance maximale. Au bain-marie: plongez la barquette fermée dans l'eau frémissante pendant 10 minutes. Passez-la sous l'eau froide pendant quelques secondes avant de retirer l'opercule pour éviter toute projection à l'ouverture., A conserver à température ambiante.]|"
11,87€ / Kg"|"
3,56 €"
2604|Choucroute garnie au vin blanc|La boîte de 400g|[Origine : FRANCE, A la casserole : versez le contenu de la boîte dans une casserole et faites réchauffer 15 minutes environ à feu doux, tout en remuant de temps en temps. Au four à micro-ondes : disposez la choucroute dans un plat adapté, non métallique, et faites réchauffer 3 à 4 minutes à puissance maximale (pour un four à micro-ondes d'une puissance restituée de 800 watts)., Choucroute 46%. Jus cuisiné (eau, vin blanc 1% du poids net total, sel, antioxydant : acide ascorbique, arôme). Garniture 22,2% : saucisses et saucisson pur porc fumés 16% (viande de porc, morceaux de tête de porc, eau, gras et couenne de porc, plasma de porc, protéines de blé, sel, amidon de pois, stabilisant : E451, arômes, gélifiants  : E412, E415, E407, sucre, sirop de glucose déshydraté, coriandre en poudre, colorant : E160c, antioxydant : E300, conservateur : E250), viande de porc traitéeen salaison précuite 6,2% (viande de porc, eau, sel, stabilisant : E451, gélifiant E407a, conservateur : E250). Pommes de terre 5% (dont antioxydant : E300 et conservateur : disulfite de sodium). Saindoux. Baies de genièvres et grains de poivre. Traces de lait., A conserver à température ambiante.]|"
3,48€ / Kg"|"
1,39 €"
2605|Choucroute garnie au vin blanc|La boîte de 800g|[Origine : FRANCE, A LA CASSEROLE : Versez le contenu de la boîte dans une casserole et faites réchauffer 15 minutes environ à feu doux, tout en remuant de temps en temps. AU FOUR À MICRO-ONDES : Disposez la choucroute dans un plat adapté, non métallique, et faites réchauffer 3 à 4 minutes à puissance maximale (pour un four à micro-ondes d'une puissance restituée de 800 watts). Bon appétit !, Choucroute 46%. Jus cuisiné (eau, vin blanc 1% du poids net total, sel, antioxydant : acide ascorbique, arôme). Garniture 22,2% : saucisses et saucisson pur porc fumés 16% (viande de porc, morceaux de tête de porc, eau, gras et couenne de porc, plasma de porc, protéines de blé, sel, amidon de pois, stabilisant : E451, arômes, gélifiants  : E412, E415, E407, sucre, sirop de glucose déshydraté, coriandre en poudre, colorant : E160c, antioxydant : E300, conservateur : E250), viande de porc traitéeen salaison précuite 6,2% (viande de porc, eau, sel, stabilisant : E451, gélifiant E407a, conservateur : E250). Pommes de terre 5% (dont antioxydant : E300 et conservateur : disulfite de sodium). Saindoux. Baies de genièvres et grains de poivre. Traces de lait., Avant ouverture, se conserve dans un endroit sec et tempéré.]|"
2,89€ / Kg"|"
2,31 €"
2606|Couscous Royal au poulet et merguez|La barquette de 300g|[Origine : FRANCE, MONOPRIX a créé pour vous une gamme de repas, rapides à préparer pour vous faciliter la vie. Retrouvez les saveurs de la cuisine du Maghreb avec la recette de Couscous Royal MONOPRIX au poulet et merguez. Bon appétit !, AU FOUR À MICRO-ONDES : retirez l'opercule à l'aide de la languette. Placez une cloche sur la barquette. Faites  réchauffer pendant 2 à 3 minutes à puissance moyenne (pour un four ayant une puissance restituée de 650 Watts). AU BAIN-MARIE : Plongez la barquette fermée dans l'eau frémissante pendant 15 minutes. Retirez l'opercule à l'aide de la languette., Semoule de blé dur, poulet traité en salaison 23% (filet de poulet 19%, eau, amidon modifié de maïs, sel, fibres de blé, stabilisant : E 451, épaississant : E407a et E410), eau, merguez 8,3% (viande de boeuf, poitrine de mouton, blanc d'oeuf, mélangeépicé pour merguez (dextrose de blé, sucre, lactose, sel, épices (piment doux, coriandre, ail, graines de moutarde, fenouil, cumin, piment de Cayenne), arômes, colorant : E160c), conservateur : E250, protéines de lait), courgettes, navets, poivronsrouges 3%, huile de colza, concentré de tomates, carottes, pois chiches, céleri, épices et aromates (piment extra fort et doux, cumin, oignon, muscade), sel, amidon modifié de maïs, sucre, arômes, graisse de poulet., Valeur énergétique en Joules :  622kj, Valeur énergétique en Kcal : 148kc, Glucides : 16g, Lipides : 4,4g, Protides :11g, A conserver à température ambiante.]|"
9,23€ / Kg"|"
2,77 €"
2607|Emincés de volaille aux lentilles cuisinées, certifié AB|La barquette de 300g|[Origine : FRANCE, Lentilles vertes précuites* 26% (lentilles vertes*, eau, huile de colza*, sel), eau, viande de cuisse de poulet traitée en salaison cuite* 13% (viande de cuisse de poulet* 11%, eau, dextrose de maïs*, sel de mer, poudre de lait*, gélifiant: agar, sucre roux*, chicorée soluble*, épaississant: farine de caroube), oignons* 10%, courgettes* 10%, carottes* 8%, concentré de tomates*, tomates concassées*, poivrons rouges* et verts*, huile d'olive vierge extra*, sel, sucre*, épaississants: gomme xanthane et gomme guar, jus de citron concentré*, poivre*, origan*, romarin*, thym*, basilic*. Présence possible de poisson, oeuf et gluten. *ingrédients issus de l'agriculture biologique., Au four à micro-ondes: percez l'opercule de chaque compartiment. Centrez la barquette dans le four afin qu'elle ne touche pas les parois. Faîtes réchauffer 2 minutes à puissance maximale. Au bain-marie: plonger la barquette fermée dans l'eau frémissante pendant 10 minutes. Passez-la sous l'eau froide pendant quelques secondes avant de retirer l'opercule pour éviter toute projection à l'ouverture., A conserver à température ambiante.]|"
11,87€ / Kg"|"
3,56 €"
2608|Emincés de volaille aux lentilles cuisinées, certifié AB|La barquette de 300g|[Origine : FRANCE, Lentilles vertes précuites* 26% (lentilles vertes*, eau, huile de colza*, sel), eau, viande de cuisse de poulet traitée en salaison cuite* 13% (viande de cuisse de poulet* 11%, eau, dextrose de maïs*, sel de mer, poudre de lait*, gélifiant: agar, sucre roux*, chicorée soluble*, épaississant: farine de caroube), oignons* 10%, courgettes* 10%, carottes* 8%, concentré de tomates*, tomates concassées*, poivrons rouges* et verts*, huile d'olive vierge extra*, sel, sucre*, épaississants: gomme xanthane et gomme guar, jus de citron concentré*, poivre*, origan*, romarin*, thym*, basilic*. Présence possible de poisson, oeuf et gluten. *ingrédients issus de l'agriculture biologique., Au four à micro-ondes: percez l'opercule de chaque compartiment. Centrez la barquette dans le four afin qu'elle ne touche pas les parois. Faîtes réchauffer 2 minutes à puissance maximale. Au bain-marie: plonger la barquette fermée dans l'eau frémissante pendant 10 minutes. Passez-la sous l'eau froide pendant quelques secondes avant de retirer l'opercule pour éviter toute projection à l'ouverture., A conserver à température ambiante.]|"
11,87€ / Kg"|"
3,56 €"
2609|Filet de saumon, sauce aneth et duo de riz, certifié AB|La barquette de 300g|[Origine : FRANCE, Plat cuisiné à base de riz blanc et riz rouge, de filet de saumon sauce à l'aneth et à l'arôme naturel d'aneth, issu de l'agriculture biologique., Au four à micro-ondes : percez l'opercule de chaque compartiment. Centrez la barquette dans le four afin qu'elle ne touche pas les parois. Faîtes réchauffer 2 minutes à puissance maximale. Au bain-marie : plonger la barquette fermée dans l'eau frémissante pendant 10 minutes. Passez-la sous l'eau froide pendant quelques secondes avant de retirer l'opercule pour éviter toute projection à l'ouverture. Ne pas mettre au four traditionnel. Malgré tous nos contrôles, une arête peut exceptionnellement se retrouver dans ce produit., Riz blanc*  et rouge* précuits 46% (riz blanc*, riz rouge*, eau, huile de colza*, sel), filet de saumon* 18%, eau, carottes* 6%, crème fraîche*, farines de blé* et de riz*, margarine* (huiles et graisses végétales de tournesol* et de palme*, eau, sel, lécithine de tournesol, jus de carotte*, jus de citron concentré*), poudre de lait écrémé*, protéines de lait*, vinaigre d'alcool*, sel, épaississants: gomme xanthane et gomme guar, fécule de pomme de terre*, extrait de citron* 0,17% (jus et alcoolat de citron), arôme naturel (contient sulfites), jus de citron concentré* 0,11%, aneth déshydraté* 0,06%, poivre*, arôme naturel aneth 0,01%. Présence possible d'oeuf. *ingrédients issus de l'agriculture biologique., Valeur énergétique en Joules :  653kj, Valeur énergétique en Kcal : 156kcal, Glucides : 19g, Lipides : 5,5g, Protides :6,7g, A conserver à température ambiante. Conditionné sous atmosphère protectrice.]|"
13,63€ / Kg"|"
4,09 €"
2610|Filet de saumon, sauce aneth et duo de riz, certifié AB|La barquette de 300g|[Origine : FRANCE, Plat cuisiné à base de riz blanc et riz rouge, de filet de saumon sauce à l'aneth et à l'arôme naturel d'aneth, issu de l'agriculture biologique., Au four à micro-ondes : percez l'opercule de chaque compartiment. Centrez la barquette dans le four afin qu'elle ne touche pas les parois. Faîtes réchauffer 2 minutes à puissance maximale. Au bain-marie : plonger la barquette fermée dans l'eau frémissante pendant 10 minutes. Passez-la sous l'eau froide pendant quelques secondes avant de retirer l'opercule pour éviter toute projection à l'ouverture. Ne pas mettre au four traditionnel. Malgré tous nos contrôles, une arête peut exceptionnellement se retrouver dans ce produit., Riz blanc*  et rouge* précuits 46% (riz blanc*, riz rouge*, eau, huile de colza*, sel), filet de saumon* 18%, eau, carottes* 6%, crème fraîche*, farines de blé* et de riz*, margarine* (huiles et graisses végétales de tournesol* et de palme*, eau, sel, lécithine de tournesol, jus de carotte*, jus de citron concentré*), poudre de lait écrémé*, protéines de lait*, vinaigre d'alcool*, sel, épaississants: gomme xanthane et gomme guar, fécule de pomme de terre*, extrait de citron* 0,17% (jus et alcoolat de citron), arôme naturel (contient sulfites), jus de citron concentré* 0,11%, aneth déshydraté* 0,06%, poivre*, arôme naturel aneth 0,01%. Présence possible d'oeuf. *ingrédients issus de l'agriculture biologique., Valeur énergétique en Joules :  653kj, Valeur énergétique en Kcal : 156kcal, Glucides : 19g, Lipides : 5,5g, Protides :6,7g, A conserver à température ambiante. Conditionné sous atmosphère protectrice.]|"
13,63€ / Kg"|"
4,09 €"
2611|Lapin aux 2 moutardes et riz blanc|La barquette de 300g|[Origine : FRANCE, 1 personne. Au four à micro-ondes : percer l'opercule de la barquette avec un couteau ou une fourchette (l'opercule passe au micro-ondes). Centrer la barquette dans le four afin que l'opercule ne soit pas en contact avec les parois. Faites réchauffer2 minutes au micro-ondes (puissance maximale). Au bain-marie : plonger la barquette fermée dans l'eau frémissante pendant 10 min., Petit compartiment 168g : viande de lapin cuisinée 44% (viande de lapin, eau, sel, amidon transformé de manioc, dextrose de blé, épaississant : carraghénanes), eau, champignons de Paris 10% (champignons, eau, sel, acidifiant : acide citrique, antioxydant : acide ascorbique), moutarde de Dijon 5,7% (eau, graines de moutarde, vinaigre d'alcool, sel, acidifiant : acide citrique, conservateur : disulfite de potassium), moutarde à l'ancienne 2,8% (eau, graines de moutarde, vinaigre d'alcool, sel, vinblanc, sucre, épices, acidifiant : acide citrique, conservateur : disulfite de potassium), crème fraîche, huile de colza, sucre, bouillon de volaille aromatisé (maltodextrine de pomme de terre, arômes naturels, graisse de poule, extrait de levure, épices et aromates), amidon de manioc, épaississants : gomme xanthane et gomme guar, arôme naturel moutarde, poivre. Grand compartiment 132g : riz blanc cuisiné (riz blanc, eau, sel, huile de colza). Traces d'oeuf et poisson., Valeur énergétique en Joules :  542Kj, Valeur énergétique en Kcal : 129KCal, Glucides : 14g, Lipides : 3,3g, Protides :9,3g, A conserver à température ambiante avant ouverture. Conditionné sous atmosphère protectrice.]|"
9,97€ / Kg"|"
2,99 €"
2612|Merlu blanc sauce citron et boulgour aux petits légumes|La barquette de 300g|[Origine : FRANCE, 1 personne. Au four à micro-ondes : percer l'opercule de chaque compartiment. Centrer la barquette dans le four afin qu'elle ne touche pas les parois. Faire réchauffer 2 min à puissance maximale. Au bain marie : plonger la barquette fermée dans l'eaufrémissante pendant 10 min., Petit compartiment (170g) : merlu blanc 52%, eau, courgettes 7,6%, carottes 7%, jus de citron 4,1%, crème fraîche, lait écrémé en poudre, vinaigre d'alcool, ail déshydraté, amidon de tapioca, sel, fumet de poisson (sel, maltodextrines de pomme de terre, poisson déshydraté, aromates, extraits de levure, matière grasse végétale hydrogénée de coprah, sirop de glucose, protéines de lait, colorant : extrait naturel de curcuma), arôme naturel, épaississants : gomme xanthane et gomme de guar, protéinesde lait, protéines de pois, persil, colorant : extrait de curcuma et extrait de  curcuma piment, poivre. Grand compartiment (130g) : boulgour cuit (eau, boulgour (contient du blé)), courgettes 7,6%, carottes 7,6%. Traces d'oeuf., Valeur énergétique en Joules :  366kj, Valeur énergétique en Kcal : 87kcal, Glucides : 8,8g, Lipides : 1,9g, Protides :7,6g, A conserver à température ambiante avant ouverture. Conditionné sous atmosphère protectrice.]|"
9,40€ / Kg"|"
2,82 €"
2613|Merlu blanc sauce provençale et petit légumes|La barquette de 300g|[Origine : FRANCE, 1 personne. Au four à micro-ondes : percer l'opercule de chaque compartiment. Centrer la barquette dans le four afin qu'elle ne touche pas les parois. Faire réchauffer 2 min à puissance maximale. Au bain marie : plonger la barquette fermée dans l'eaufrémissante pendant 10 min., Petit compartiment (170g) : merlu blanc 69%, eau, concentré de tomates 7,5%, huile d'olive vierge extra 1,7%, fond de volaille aromatisé (maltodextrines de pomme de terre, fécule de pomme de terre, arômes naturels, sel, graisse de volaille et viandede poule déshydratée, extrait de levure, extraits naturels d'épices (contient céleri)), sucre, épices et aromates (basilic, origan, thym, poivre) 0,3%, ail, épaississants : gomme xanthane et gomme de guar, sel, jus de citron concentré, arôme naturel.Grand compartiment (130g) : tomates pelées concassées 53% (tomates pelées concassées, jus de tomates, acidifiant : acide citrique), légumes 41% (courgettes, aubergines préfrites (aubergines, huile de tournesol), poivrons rouges et verts), huile d'olive vierge extra 2,4%, sucre, sel, jus de citron concentré, amidon de riz, arômes naturels, épaississants : gomme xanthane et gomme de guar, ail déshydraté, thym, poivre. Traces de moutarde., Valeur énergétique en Joules :  296Kj, Valeur énergétique en Kcal : 71KCal, Glucides : 2,9g, Lipides : 3g, Protides :6,5g, A conserver à température ambiante avant ouverture. Conditionné sous atmosphère protectrice.]|"
10,10€ / Kg"|"
3,03 €"
2614|Paella au poulet et fruits de mer|La barquette de 300g|[Origine : FRANCE, MONOPRIX a créé pour vous une gamme de repas, rapides à préparer pour vous faciliter la vie. Retrouvez les saveurs de la cuisine Ibérique avec la recette de Paella MONOPRIX au poulet et fruits de mer. Bon appétit !, AU FOUR A MICRO-ONDES : Retirez l'opercule à l'aide de la languette. Placez une cloche sur la barquette. Faites réchauffer pendant 2 à 3 minutes à puissance moyenne (pour un four ayant une puissance restituée de 650 Watts). AU BAIN-MARIE : Plongez labarquette fermée dans l'eau frémissante pendant 15 minutes. Retirez l'opercule à l'aide de la languette., Poulet traité en salaison 27% (filet de poulet 22%, eau, amidon modifié de maïs, sel, fibres de blé, stabilisant : E451, épaississants : E407a et E410), riz réhydraté, eau, fruits de mer 7% (moules, encornets), petits pois 4,7%, oignons, poivrons 4%,huile de colza, arômes (contient du poisson), graisse de poulet, chorizo (maigre et gras de porc, piments, sel, lactose, dextrose de blé, ail, paprika, ferments lactiques, conservateurs : E250 et E301), sel, épices et aromates (curcuma, ail, pimentdoux et extra fort, poivre), concentré de tomates, colorant : E100., Valeur énergétique en Joules :  603, Valeur énergétique en Kcal : 143, Glucides : 16, Lipides : 3.9, Protides :11, A conserver à température ambiante.]|"
9,50€ / Kg"|"
2,85 €"
2615|Pâtes torsadées et saumon, sauce oseille|La barquette de 300g|[Origine : FRANCE, 1 personne. Au four à micro-ondes : percer l'opercule de chaque compartiment. Centrer la barquette dans le four afin qu'elle ne touche pas les parois. Faire réchauffer 2 min à puissance maximale. Au bain marie : plonger la barquette fermée dans l'eaufrémissante pendant 10 min., Petit compartiment (170g) : saumon 44%, eau, carottes 8,8%, crème fraîche 4,4%, farines de riz et de blé, vin blanc, huile de colza, oseille 1,3%, jus de citron, sel, vinaigre de vin blanc, protéines de lait, amidon de manioc, jus de citron concentré, épaississants : gomme xanthane et gomme guar, poivre. Grand compartiment 130g : pâtes torsadées précuites (eau, semoule de blé dur, blanc d'oeuf, sel, huile de colza)., Valeur énergétique en Joules :  617Kj, Valeur énergétique en Kcal : 147kcal, Glucides : 15g, Lipides : 5,1g, Protides :9,4g, A conserver à température ambiante avant ouverture. Conditionné sous atmosphère protectrice.]|"
10,67€ / Kg"|"
3,20 €"
2616|Pot-au-feu, jarret de boeuf et légumes|Le pot de 800g|[Origine : FRANCE, À la casserole (conseillé) : versez le contenu du bocal dans une casserole et réchauffez à feu doux 8 à 10 mm. Au micro-ondes : versez le contenu du bocal dans un récipient adapté au four à micro-ondes et réchauffez 3 à 4 minutes selon la puissance de votre four., Bouillon 34% [eau, bouillon de boeuf déshydraté (sel, dextrose de blé, arômes (céleri), amidon de blé, huile de tournesol, maltodextrine de pomme de terre et de blé, extrait de boeuf, farine de riz, oignons en poudre, colorant : E150c, lactose), gélatine de porc, bouillon de légumes déshydratés (extrait de légumes déshydratés, arômes, sucre, sel, épices et aromates, antioxygènes : E300 et E301)], sauté de jarret de boeuf 33%, carottes 11%, poireaux 11%, navets 8,8%, oignons 2,2%., Valeur énergétique en Joules :  346Kj, Valeur énergétique en Kcal : 83Kcal, Glucides : 2g, Lipides : 3,6g, Protides :9,6g, Garder dans un endroit sec à l'abri de la chaleur et de la lumière.]|"
9,13€ / Kg"|"
7,30 €"
2617|Potée auvergnate, jarret de porc et légumes|Le pot de 800g|[Origine : FRANCE, A la casserole (conseillé) : versez le contenu du bocal dans une casserole et réchauffez à feu doux 8 à 10min. Au micro-ondes : versez le contenu du bocal dans un récipient adapté au four à micro-ondes et réchauffez 3 à 4 minutes selon la puissance de votre four., Choux vert 27%, bouillon 21% (eau, gelée ambrée (gélatine de porc, sel, lactose, arôme naturel, colorant : E150c, acidifiant : E330)), sauté de jarret de porc saumuré 14% (sauté de jarret de porc, eau, sel, sucre, genièvre, laurier, thym, poivre, conservateur : E250), sauté d'épaule de porc saumuré 12% (sauté d'épaule de porc, eau, sel, poivre, sucre, conservateur : E250), saucisse de porc 12% (épaule de porc, sel, conservateur : E250, poivre, pulpe d'ail, boyau de porc), pomme de terre 7%, carotte 7%., Valeur énergétique en Joules :  368Kj, Valeur énergétique en Kcal : 88KCal, Glucides : 2,4g, Lipides : 4,6g, Protides :8,4g, Garder dans un endroit sec à l'abri de la chaleur et de la lumière.]|"
9,14€ / Kg"|"
7,31 €"
2618|Poulet sauce estragon aux légumes et quinoa|La barquette de 300g|[Origine : FRANCE, 1 personne. Au four à micro-ondes : percer l'opercule de chaque compartiment. Centrer la barquette dans le four afin qu'elle ne touche pas les parois. Faire réchauffer 2 min à puissance maximale. Au bain marie : plonger la barquette fermée dans l'eaufrémissante pendant 10 min., Petit compartiment (150g) : eau, viande de poulet rôti 26,6% (viande de poulet, amidon de tapioca, dextrose de tapioca, sel), carottes 13,3%, haricots verts 6,6%, oignons 6,6%, petits pois 4%, brocolis 3,3%, épinards 2,6%, lait écrémé en poudre, vinblanc, jus de citron, vinaigre d'alcool, amidon de manioc, moutarde forte (eau, graine de moutarde, vinaigre d'alcool, sel, acidifiant : acide citrique, conservateur : disulfite de potassium), protéines de lait, ail déshydraté, estragon 0,3%, épaississants : gomme xanthane et gomme de guar, sel, poivre. Grand compartiment (150g) : quinoa cuit (quinoa, eau). Traces d'oeuf et de poisson., Valeur énergétique en Joules :  492Kj, Valeur énergétique en Kcal : 117kcal, Glucides : 16g, Lipides : 2,4g, Protides :6,8g, A conserver à température ambiante avant ouverture. Conditionné sous atmosphère protectrice.]|"
8,87€ / Kg"|"
2,66 €"
2619|Ravioli bolognaise au boeuf|La boîte de 400g|[Origine : FRANCE, A la casserole : 8 minutes à feu doux en remuant de temps en temps. Au micro-ondes : 4 minutes à puissance maximale dans un plat adapté. Mélanger avant de servir. Au four : 7 minutes dans un plat à gratin., Sauce : eau, viande de boeuf 10%, concentré de tomate, légumes (oignons, carottes, céleri), vin blanc, sel, sucre, ail, persil, arômes. Pâte : semoule de blé dur, eau, blanc d'oeuf en poudre. Farce : viande de boeuf 5%, chapelure (farine de blé, sel,huile de colza, levure, paprika), carottes, sel, oignons déshydratés. Viande mise en oeuvre 15% du poids net total., Valeur énergétique en Joules :  438kj, Valeur énergétique en Kcal : 104kcal, Glucides : 13g, Lipides : 3,5g, Protides :4,8g, A conserver à température ambiante.]|"
2,80€ / Kg"|"
1,12 €"
2620|Ravioli pur boeuf, certifié AB|La barquette de 300g|[Origine : FRANCE, Au four à micro-ondes : percez l'opercule de chaque compartiment. Centrez la barquette dans le four afin qu'elle ne touche pas les parois. Faites réchauffer 2 minutes à puissance maximale. Au bain-marie : plonger la barquette fermée dans l'eau frémissante pendant 10 minutes. Passez-la sous l'eau froide pendant quelques secondes avant de retirer l'opercule pour éviter toute projection à l'ouverture., Ravioli précuits* 43% (pâte 26% (semoule de blé dur*, eau, oeufs*), farce 17% (viande de boeuf* 9,5%, couscous*, coulis de tomate*, tomates*, oignons*, sel, huile de tournesol*, arômes naturels), eau, huile de colza*, sel), eau, concentré de tomates*5,8%, tomates concassées* 4,9%, carottes* 1,6%, oignons* 1,6%, huile de colza*, sel, sucre*, fécule de pomme de terre*, ail déshydraté*, épaississants : gomme xanthane et gomme guar, poivre, origan*, persil*, basilic*, paprika*. Présence possible depoisson. *Ingrédients issus de l'agriculture biologique., Valeur énergétique en Joules :  394KJ, Valeur énergétique en Kcal : 94KCAL, Glucides : 13g, Lipides : 2,3g, Protides :4,1g, A conserver à température ambiante. Conditionné sous atmosphère protectrice.]|"
8,47€ / Kg"|"
2,54 €"
2621|Ravioli pur boeuf, certifié AB|La barquette de 300g|[Origine : FRANCE, Au four à micro-ondes : percez l'opercule de chaque compartiment. Centrez la barquette dans le four afin qu'elle ne touche pas les parois. Faites réchauffer 2 minutes à puissance maximale. Au bain-marie : plonger la barquette fermée dans l'eau frémissante pendant 10 minutes. Passez-la sous l'eau froide pendant quelques secondes avant de retirer l'opercule pour éviter toute projection à l'ouverture., Ravioli précuits* 43% (pâte 26% (semoule de blé dur*, eau, oeufs*), farce 17% (viande de boeuf* 9,5%, couscous*, coulis de tomate*, tomates*, oignons*, sel, huile de tournesol*, arômes naturels), eau, huile de colza*, sel), eau, concentré de tomates*5,8%, tomates concassées* 4,9%, carottes* 1,6%, oignons* 1,6%, huile de colza*, sel, sucre*, fécule de pomme de terre*, ail déshydraté*, épaississants : gomme xanthane et gomme guar, poivre, origan*, persil*, basilic*, paprika*. Présence possible depoisson. *Ingrédients issus de l'agriculture biologique., Valeur énergétique en Joules :  394KJ, Valeur énergétique en Kcal : 94KCAL, Glucides : 13g, Lipides : 2,3g, Protides :4,1g, A conserver à température ambiante. Conditionné sous atmosphère protectrice.]|"
8,47€ / Kg"|"
2,54 €"
2622|Ravioli pur boeuf à la sauce italienne|La boîte de 400g|[Origine : FRANCE, Les raviolis Monoprix ont été préparés avec soin. Vous pouvez les agrémenter de parmesan râpé, de thym ou de romarin. Bon appétit !, Au four traditionnel : préchauffez votre four 10 minutes (th 6/7 - 200°C), versez le contenu de la boîte dans un plat, saupoudrez de fromage râpé et faites gratiner pendant 10min. Au four à micro-ondes : réchauffez les raviolis dans un plat adapté, pendant 2 à 3 min. à puissance maximale. A la casserole : versez le contenu de la boîte dans  une casserole et chauffez 7 min. à feu doux en remuant.  Four. Micro-ondes. Casserole., Valeur énergétique en Joules :  369kj, Valeur énergétique en Kcal : 88kcal, Glucides : 12g, Lipides : 2,2g, Protides :3,8g, Sauce : eau, purée de tomates et tomate pelée 17%, légumes 4,5% (carotte 3%, oignon 1.5%), viande bovine 3,3%, sucre, amidon transformé de maïs, sel, huile de tournesol, arôme. Pâte : semoule de blé dur, eau, blanc d'oeufs, sel. Farce : viande bovine4,2%, chapelure (farine de blé tendre, sel), semoule de blé dur, légumes 0,3% (carotte, oignon), sel, poudre de lait écrémé, arômes (dont céleri), huile de tournesol. Viande bovine mise en oeuvre : 7,5% du poids net total.]|"
2,33€ / Kg"|"
0,93 €"
2623|Ravioli pur boeuf à la sauce italienne|La boîte de 800g|[Origine : FRANCE, Les raviolis Monoprix ont été préparés avec soin. Vous pouvez les agrémenter de parmesan râpé, de thym ou de romarin. Bon appétit !, Au four traditionnel : préchauffez votre four 10 minutes (th 6/7 - 200°C), versez le contenu de la boîte dans un plat, saupoudrez de fromage râpé et faites gratiner pendant 10min. Au four à micro-ondes : réchauffez les raviolis dans un plat adapté, pendant 2 à 3 min. à puissance maximale. A la casserole : versez le contenu de la boîte dans  une casserole et chauffez 7 min. à feu doux en remuant.  Four. Micro-ondes. Casserole., Valeur énergétique en Joules :  369, Valeur énergétique en Kcal : 88, Glucides : 12g, Lipides : 2,2g, Protides :3,8g, Sauce : eau, purée de tomates et tomate pelée 17%, légumes 4,5% (carotte 3%, oignon 1.5%), viande bovine 3,3%, sucre, amidon transformé de maïs, sel, huile de tournesol, arôme. Pâte : semoule de blé dur, eau, blanc d'oeufs, sel. Farce : viande bovine4,2%, chapelure (farine de blé tendre, sel), semoule de blé dur, légumes 0,3% (carotte, oignon), sel, poudre de lait écrémé, arômes (dont céleri), huile de tournesol. Viande bovine mise en oeuvre : 7,5% du poids net total.]|"
1,66€ / Kg"|"
1,33 €"
2624|Saucisses lentilles|La boîte de 420g|[Origine : FRANCE, A la casserole : versez le contenu de la boite dans une casserole à fond épais, couvrez et faites chauffer à feu doux en remuant de temps en temps. Au four à micro ondes : versez le contenu de la boite dans un plat adapté, non métallique, et faites chauffer 3 à 5 minutes selon la puissance du four. Bon appétit !  Casserole. Micro-ondes., Valeur énergétique en Joules :  518, Valeur énergétique en Kcal : 124, Glucides : 11, Lipides : 5.9, Protides :6.6, Sauce cuisinée : eau, concentré de tomates, sel, amidon transformé de pomme de terre, arôme naturel (antioxygène : E310, E320), exhausteur de goût : E621, colorant : E160c. Légumes à la mise en oeuvre 34% : lentilles trempées 29%, petits légumes 5%(carottes, oignons). Garniture à la mise en oeuvre 20.5% : saucisses pur porc fumées : viande de porc, gras de porc, gorge de porc , eau, couenne de porc, oignons, sel, liant (protéines de lupin, fibres de blé, épices), plasma de porc, stabilisants : E450 et E451, épices (dont moutarde), arôme, ail en poudre, lactose, arôme fumée, colorant : E160c, exhausteur de goût : E621, conservateur : E250., Avant ouverture, se conserve dans un endroit sec et tempéré.]|"
2,81€ / Kg"|"
1,18 €"
2625|Saucisses lentilles|La boîte de 840g|[Origine : FRANCE, A la casserole : versez le contenu de la boîte dans une casserole et réchauffer 15 min à feu doux, tout en remuant de temps en temps. Au micro-ondes : versez le contenu de la boîte dans un plat adapté, non métallique, et faites chauffer 3 à 5 minutesselon la puissance du four., Sauce : eau, concentré de tomates, moutarde (eau, graines de moutarde, vinaigre, sel, acidifiant : E330, conservateur : sulfite de potassium), amidon transformé de maïs, sel, oignon en poudre, arômes (dont arôme de fumée, sel, dextrose), sucre. Légumes 36% : lentilles réhydratées 82%, carottes, oignons. Saucisses fumées 18% : viande de porc, eau, gras et couenne de porc, maigre de tête de porc, plasma de porc, amidon de pois, sel, protéines de blé, arômes naturels, stabilisant : E451, gélifiants: E407, E412, E415, coriandre en poudre, sirop de glucose, conservateur : E250. Traces de lait., Valeur énergétique en Joules :  518, Valeur énergétique en Kcal : 124, Glucides : 11, Lipides : 5.9, Protides :6.6, A conserver à température ambiante.]|"
2,37€ / Kg"|"
1,99 €"
2626|Sauté d'agneau aux flageolets verts et carottes|La barquette de 300g|[Origine : FRANCE, Sauté d'agneau aux flageolets verts et carottes., Au four à micro-ondes : percez l'opercule de la barquette avec un couteau ou une fourchette (l'opercule passe au micro-ondes). Centrez la barquette afin que l'opercule ne soit pas en contact avec les parois. Faites réchauffer 2 minutes au four micro-ondes (puissance maximale). Au bain-marie : plongez la barquette fermée dans l'eau frémissante pendant 10 minutes., Flageolets verts 31,6%, eau, sauté d'agneau précuit 25% (viande d'agneau, eau, amidon modifié de tapioca, sel), carottes 5,6%, oignon 2,6%, vin blanc (contient sulfites), margarine (huiles végétales et graisses végétales raffinées de palme et colza,eau, émulsifiants : mono- et diglycérides d'acides gras, acidifiant : acide citrique, arômes), concentré de tomate, épices et aromates déshydratés (ail, oignon, laurier, piment fort, thym), farine de blé, farine de riz, sel, épaississants : gomme deguar et gomme xanthane. Traces de moutarde et poisson., Valeur énergétique en Joules :  457Kj, Valeur énergétique en Kcal : 109Kcal, Glucides : 12g, Lipides : 2,5g, Protides :7,3g, A conserver à température ambiante. Conditionné sous atmosphère protectrice.]|"
9,23€ / Kg"|"
2,77 €"
2627|Tajine de poulet aux pruneaux et amandes|La barquette de 300g|[Origine : FRANCE, Au bain-marie : plonger entièrement la barquette fermée dans l'eau frémissante 10 minutes environ. Agiter doucement avant d'ouvrir. Au four à micro-ondes : percer l'opercule de plusieurs trous. Placer la barquette au centre du micro-ondes. Réchauffer3 minutes à puissance maximale (pour n four d'une puissance de 750 Watts). Agiter doucement et attendre 2 minutes avant d'ouvrir. Au four traditionnel : ouvrir la barquette, la renverser dans un plat allant au four. Faire chauffer à 220°C (thermostat 7) pendant 20 minutes., Grand compartiment 180g : eau, viande de poulet 25% (poulet, stabilisants : E450 et E451), pruneaux 7,2% (pruneaux, conservateur : sorbate de potassium), oignons 3,8%, carottes 3,3%, courgettes 3,3%, concentré de tomates, amandes 2,5%, raisins secs 2,5% (raisins, agent d'enrobage : huile de coton non hydrogénée), amidon transformé de maïs, huile de colza, fond aromatisé de veau (sirop de glucose de blé, arômes (dont lactose), amidon de blé, épices et plantes aromatiques, arômes naturels (dont céleri), sel, épaississant : farine de graines de caroube, sucre, viande de veau déshydratée, colorant : caramel ammoniacal), farine de blé, sucre, sel, jus concentrés de citron et d'orange, pulpe de citron, acidifiant : acide citrique, extrait naturelde citron, raz el hanout (mélange d'épices) 0,17%, cumin, poivre, ail, cannelle. Contient des sulfites. Pourcentages exprimés par rapport au grand compartiment. Petit compartiment 120g : boulgour cuit 97%, huile de colza, menthe 0,5%, sel., Valeur énergétique en Joules :  473Kj, Valeur énergétique en Kcal : 111Kcal, Glucides : 14g, Lipides : 3,1g, Protides :5,4g, A conserver dans un endroit sec et tempéré avant ouverture.]|"
9,47€ / Kg"|"
2,84 €"
2628|Thon à la tomate et penne rigate|La barquette de 300g|[Origine : FRANCE, 1 personne. Au four à micro-ondes : percer l'opercule de chaque compartiment. Centrer la barquette dans le four afin qu'elle ne touche pas les parois. Faire réchauffer 2 min à puissance maximale. Au bain marie : plonger la barquette fermée dans l'eaufrémissante pendant 10 min., Petit compartiment (175g) : thon listao précuit 37%, eau, tomates pelées concassées 10% (tomates pelées concassées, jus de tomates, acidifiant : acide citrique), concentré de tomates 6,3%, oignons 5,7%, carottes 5,7%, huile de colza, fond de volaillearomatisé (maltodextrines de pomme de terre, fécule de pomme de terre, arômes naturels, sel, graisse de volaille et viande de poule déshydratée, extrait de levure, aromates), sucre, jus de citron concentré, arômes naturels (dont céleri), épaississants : gomme xanthane et gomme de guar, ail déshydraté, épices et aromates (poivre, origan et persil déshydraté). Grand compartiment (125g) : pâtes penne précuites (eau, semoule de blé dur, poudre de blanc d'oeuf, sel, huile de colza). Traces de moutarde., Valeur énergétique en Joules :  526Kj, Valeur énergétique en Kcal : 125kcal, Glucides : 13gg, Lipides : 2,7g, Protides :11g, A conserver à température ambiante avant ouverture. Conditionné sous atmosphère protectrice.]|"
8,50€ / Kg"|"
2,55 €"
2629|Maccheroni alla bolognese|La barquette de 300g|[Origine : FRANCE, Tout le plaisir d'un plat de pâtes tout juste assaisonné., Seulement au micro-ondes : 90 sec à 750 watts. Ne pas mettre la barquette au four traditionnel., Pâtes de semoule de blé dur 27,1% (avant la cuisson), eau, pulpe de tomate 14,3%, viande de boeuf 4,5%, concentré de tomate, viande de porc 3,5%, oignon 2,8%, carottes, céleri, huile de tournesol, vin rouge, sel, amidon, arômes naturels, sucre, marjolaine, thym, laurier, arôme naturel basilic, poivre. Produit dans une usine utilisant également : poisson, crustacés, oeufs., Valeur énergétique en Joules :  618kj, Valeur énergétique en Kcal : 147kcal, Glucides : 23,4g, Lipides : 2,0g, Protides :5,5g, Conditionné sous atmosphère protectrice.]|"
10,47€ / Kg"|"
3,14 €"
2630|Penne Pomodoro Basilico|La barquette de 300g|[Origine : FRANCE, Seulement au micro-ondes, 90 secondes à 750 watt. Ne pas mettre la barquette au four traditionnel., Pulpe de tomate 30%, eau, pâtes de semoule de blé dur 27,5% (avant cuisson), concentré de tomate, huile de tournesol, carottes, basilic 1%, oignon, huile d'olive, sel, sucre, amidon, arôme naturel basilic. Produit dans une usine utilisant également :céleri, poisson, crustacés, oeufs., Valeur énergétique en Joules :  591kj, Valeur énergétique en Kcal : 140kcal, Glucides : 24,9g, Lipides : 2,0g, Protides :3,5g, Conditionné sous atmosphère protectrice.]|"
10,47€ / Kg"|"
3,14 €"
2631|Préparation  gastronimique à base de pates de semoule de blé dur cuites(60%) et de sauce tomate et fromage ricotta(40%)|La barquette de 300g|[Origine : ITALIE, Emballage révolutionnaire qui permet de conserver séparément les pâtes et le bol de sauce pour préserver le goût, la texture et la fraîcheur., 1 personne. Plateau avec bol de sauce séparé, à verser au dernier moment. Au micro-ondes : seulement au micro-ondes. Ne pas mettre la barquette au four traditionnel. A la poêle : verser les pâtes et la sauce dans la poêle, ajouter 2 cuillères deau (30 ml), faire chauffer pendant 2 minutes½., Pâte de semoule de blé dur cuites (eau, pâtes de semoule de blé dur 25,8%, sel), pulpe de tomates 24,0%, fromage ricotta (lactosérum pasteurisé) 4,8%, concentré de tomates 2,8%, oignons, huile de tournesol 1,9%, fromage grana padano PDO (lysozyme d'oeuf), persil 0,4%, ail, amidon de maïs, sel, sucre, arôme naturel (lait), arôme naturel basilic., Valeur énergétique en Joules :  542kj, Valeur énergétique en Kcal : 129kcal, Glucides : 19,6g, Lipides : 2,8g, Protides :4,9g, Produit conditionné sous atmosphère protectrice.]|"
10,47€ / Kg"|"
3,14 €"
2632|Avoine cuisine|Le pack de 200ml|[Origine : ITALIE, L'avoine cuisine Bjorg est une excellente alternative à la crème classique., Elle accompagnera aussi bien vos recettes salées que sucrées (quiches, gratins, sauces, desserts, gâteaux, etc). Bien agiter avant utilisation., Eau, *avoine (8%), *huile de tournesol pressÍe Å froid, Ípaissants : gomme de guar et gomme de xanthane, sel marin, Valeur énergétique en Joules :  395kj, Valeur énergétique en Kcal : 95kcal, Glucides : 5,8g, Lipides : 7,6g, Protides :0,6g, À conserver au frais après ouverture et à consommer rapidement .]|"
8,65€ / L"|"
1,73 €"
2633|Avoine cuisine|Le pack de 200ml|[Origine : ITALIE, L'avoine cuisine Bjorg est une excellente alternative à la crème classique., Elle accompagnera aussi bien vos recettes salées que sucrées (quiches, gratins, sauces, desserts, gâteaux, etc). Bien agiter avant utilisation., Eau, *avoine (8%), *huile de tournesol pressÍe Å froid, Ípaissants : gomme de guar et gomme de xanthane, sel marin, Valeur énergétique en Joules :  395kj, Valeur énergétique en Kcal : 95kcal, Glucides : 5,8g, Lipides : 7,6g, Protides :0,6g, À conserver au frais après ouverture et à consommer rapidement .]|"
8,65€ / L"|"
1,73 €"
2634|Sauce soja gratin|La brique de 20cl|[Origine : FRANCE, Cette délicieuse sauce est facile à digérer et convient particulièrement aux personnes intolérantes aux lactose. Elle apportera de l'onctuosité et relèvera subtilement vos plats., Bien agiter avant utilisation. Cette sauce est un atout indispensable pour réussir vos gratins, pâtes, pommes de terre et légumes., *Tonyu (eau, *fèves de soja 7,6%), *farine de blé, *huiles végétales non hydrogénées (*palme et *tournesol), *amidon de blé, émulsifiant : lécithine de *tournesol, sel, *noix de muscade, épaississants : gomme guar, gomme xanthane, arômes naturel. *100% des ingrédients d'origine agricole ont été obtenus selon les règles de la production biologique., Valeur énergétique en Joules :  433, Valeur énergétique en Kcal : 104, Glucides : 8.7, Lipides : 6, Protides :3.7, A conserver au réfrigérateur après ouverture et à consommer rapidement.]|"
7,70€ / L"|"
1,54 €"
2635|Sauce soja gratin|La brique de 20cl|[Origine : FRANCE, Cette délicieuse sauce est facile à digérer et convient particulièrement aux personnes intolérantes aux lactose. Elle apportera de l'onctuosité et relèvera subtilement vos plats., Bien agiter avant utilisation. Cette sauce est un atout indispensable pour réussir vos gratins, pâtes, pommes de terre et légumes., *Tonyu (eau, *fèves de soja 7,6%), *farine de blé, *huiles végétales non hydrogénées (*palme et *tournesol), *amidon de blé, émulsifiant : lécithine de *tournesol, sel, *noix de muscade, épaississants : gomme guar, gomme xanthane, arômes naturel. *100% des ingrédients d'origine agricole ont été obtenus selon les règles de la production biologique., Valeur énergétique en Joules :  433, Valeur énergétique en Kcal : 104, Glucides : 8.7, Lipides : 6, Protides :3.7, A conserver au réfrigérateur après ouverture et à consommer rapidement.]|"
7,70€ / L"|"
1,54 €"
2636|Lentilles façon petit salé|La boîte de 400g|[Origine : FRANCE]|"
3,80€ / Kg"|"
1,52 €"
2637|Curry jaune de légumes|La boîte de 375g|[Origine : COMMUNAUT EUROPEENNE, Valeur énergétique en Joules :  289kj, Valeur énergétique en Kcal : 70kcal, Glucides : 4,7g, Lipides : 4,0g, Protides :1,3g]|"
10,85€ / Kg"|"
4,07 €"
2638|Légumes compotés pour couscous|La boîte de 375g|[Origine : COMMUNAUT EUROPEENNE, Valeur énergétique en Joules :  274kj, Valeur énergétique en Kcal : 66kcal, Glucides : 6,4g, Lipides : 3,1g, Protides :1,3g]|"
10,93€ / Kg"|"
4,10 €"
2639|Calamars à l'américaine, recette espagnole.|La boîte de 111g|[Origine : FRANCE, Encornets en morceaux, sauce à base de concentré de tomates et d'oignon., Encornets 58,5%, huile de tournesol, double concentré de tomates, oignon, épices, sel., Valeur énergétique en Joules :  1090kj, Valeur énergétique en Kcal : 261kcal, Glucides : 1,9g, Lipides : 13g, Protides :15g, A conserver dans un endroit sec. Après ouverture à conserver au réfrigérateur et à consommer rapidement.]|"
13,33€ / Kg"|"
1,48 €"
2640|Filets de maquereaux aux 2 moutardes|La boîte de 113g|[Origine : FRANCE, Filets de maquereaux 56%, eau, moutarde forte de Dijon 6,5% et moutarde à l'ancienne 3,3% (eau, graines de moutarde, vinaigre, sel, vin blanc, sucre, acidifiant : acide citrique, conservateur : disulfite de potassium, épices), huile de colza, vinaigres de vin blanc et d'alcool (dont sulfites), vin blanc Muscadet (dont sulfites), sucre, épices et aromates, sel, amidon modifié de maïs, épaississants : gomme xanthane et gomme guar. Traces éventuelles de lait., Valeur énergétique en Joules :  895kj, Valeur énergétique en Kcal : 216kcal, Glucides : 1,2g, Lipides : 17g, Protides :14g, A conserver à température ambiante.]|"
10,44€ / Kg"|"
1,18 €"
2641|Filets de maquereaux aux 2 moutardes|La boîte de 169g|[Origine : FRANCE, Filets de maquereaux 56%, eau, moutarde forte de Dijon 6,5% et moutarde à l'ancienne 3,3% (eau, graines de moutarde, vinaigre, sel, vin blanc, sucre, acidifiant : acide citrique, conservateur : disulfite de potassium, épices), huile de colza, vinaigres de vin blanc et d'alcool (dont sulfites), vin blanc Muscadet (dont sulfites), sucre, épices et aromates, sel, amidon modifié de maïs, épaississants : gomme xanthane et gomme guar. Traces éventuelles de lait., Valeur énergétique en Joules :  895kj, Valeur énergétique en Kcal : 216kcal, Glucides : 1,2g, Lipides : 17g, Protides :14g, A conserver à température ambiante.]|"
7,63€ / Kg"|"
1,29 €"
2642|Filets de maquereaux marinés au muscadet et aux 9 aromates|La boîte de 118g|[Origine : FRANCE, Filets de maquereaux 60%, eau, aromates 12,5% (citron, poivron rouge, carottes, poivron vert, cornichon, oignon, coriandre, basilic, persil), vinaigres de vin blanc et d'alcool (dont sulfites), vin blanc Muscadet 2,7% (dont sulfites), sel, épices etaromates. Traces éventuelles de moutarde, lait., Valeur énergétique en Joules :  514kj, Valeur énergétique en Kcal : 118kcal, Glucides : 0,2g, Lipides : 3,6g, Protides :22g, A conserver à température ambiante.]|"
12,37€ / Kg"|"
1,46 €"
2643|Filets de maquereaux marinés au muscadet et aux aromates|La boîte de 176g|[Origine : FRANCE, Filets de maquereaux 60%, eau, aromates 12,5% (citron, poivron rouge, carottes, poivron vert, cornichon, oignon, coriandre, basilic, persil), vinaigres de vin blanc et d'alcool (dont sulfites), vin blanc Muscadet 2,7% (dont sulfites), sel, épices etaromates. Traces éventuelles de moutarde, lait., Valeur énergétique en Joules :  514kj, Valeur énergétique en Kcal : 122kcal, Glucides : 0,2g, Lipides : 3,6g, Protides :22g, A conserver à température ambiante.]|"
8,81€ / Kg"|"
1,55 €"
2644|Filets de sardines à l'huile d'olive vierge extra, sans arête|La boîte de 100g|[Origine : FRANCE, Sans arête, ces filets de sardines à l'huile d'olive sont préparés à partir de sardines fraîches du Nord-Est de l'océan Atlantique., Filets de sardines frites à l'huile de tournesol, huile d'olive vierge extra 19%, sel., Valeur énergétique en Joules :  835kj, Valeur énergétique en Kcal : 200kcal, Glucides : <0,1g, Lipides : 12g, Protides :23g, A température ambiante]|"
13,00€ / Kg"|"
1,30 €"
2645|Filets de sardines à la sauce tomate et au petis légumes, sans arête|La boite de 100g|[Origine : FRANCE, Filets de sardines à la sauce tomate et aux petits légumes, sans arête., Filets de sardines, eau, petits légumes (courgettes, oignons) 9%, concentré de tomates 8%, vinaigre d'alcool, sel, sucre, amidon transformé de maïs, plantes aromatiques (oignon, ail, basilic), arôme naturel., Valeur énergétique en Joules :  610kj, Valeur énergétique en Kcal : 146kcal, Glucides : 4g, Lipides : 8g, Protides :14g, A température ambiante.]|"
11,60€ / Kg"|"
1,16 €"
2646|Filets de sardines au citron et basilic sans arête|La boîte de 100g|[Origine : FRANCE, Filets de sardines, eau, vinaigres d'alcool et de vin (dont sulfites), citron broyé 3%, vin blanc, sel, sucre, basilic 0,35%, arôme naturel de citron, épaississant : gomme guar, arôme naturel., Valeur énergétique en Joules :  655kj, Valeur énergétique en Kcal : 156kcal, Glucides : 0,3g, Lipides : 7g, Protides :23g, A température ambiante.]|"
11,90€ / Kg"|"
1,19 €"
2647|Miettes de thon à l'huile de tournesol|La boîte de 160g|[Origine : COTE D IVOIRE, Thon, huile de tournesol, sel., Valeur énergétique en Joules :  1010kj, Valeur énergétique en Kcal : 243kcal, Glucides : 1,4g, Lipides : 17g, Protides :21g, Avant ouverture : conservez à température ambiante. Après ouverture : conservez à +4°C hors de la boîte dans un récipient hermétique et consommez dans les 24 heures.]|"
7,25€ / Kg"|"
1,16 €"
2648|Miettes de Thon à l'huile de Tournesol|La boîte de 80g|[Origine : COTE D IVOIRE, Thon, huile de tournesol, sel., Valeur énergétique en Joules :  1010kj, Valeur énergétique en Kcal : 243kcal, Glucides : 1,4g, Lipides : 17g, Protides :21g, Avant ouverture : conservez à température ambiante. Après ouverture : conservez à +4°C hors de la boîte dans un récipient hermétique et consommez dans les 24h.]|"
10,50€ / Kg"|"
0,84 €"
2649|Miettes de thon à la tomate|La boîte de 160g|[Origine : COTE D IVOIRE, Thon, eau, concentré de tomate 7,5%, huile de tournesol, sel, sucre, vinaigre d'alcool, poivre., Valeur énergétique en Joules :  466kj, Valeur énergétique en Kcal : 111kcal, Glucides : 2,5g, Lipides : 5g, Protides :14g, Avant ouverture : conservez à température ambiante. Après ouverture : conservez à +4°C hors de la boîte dans un récipient hermétique et consommez dans les 24h.]|"
9,13€ / Kg"|"
1,46 €"
2650|Miettes de thon à la tomate|La boîte de 80g|[Origine : COTE D IVOIRE, Thon, eau, concentré de tomate (7,5%), huile de tournesol, sel, sucre, vinaigre d'alcool, poivre., Valeur énergétique en Joules :  466kj, Valeur énergétique en Kcal : 111kcal, Glucides : 2,5g, Lipides : 5g, Protides :14g, Avant ouverture : conservez à température ambiante. Après ouverture : conservez à 4°C hors de la boîte dans un récipient hermétique et consommez dans les 24 heures.]|"
10,13€ / Kg"|"
0,81 €"
2651|Morceaux de thon au naturel|La boîte de 185g|[Origine : FRANCE, Thon, eau, sel. Importé du Ghana., Valeur énergétique en Joules :  532kj, Valeur énergétique en Kcal : 126kcal, Glucides : 0,7g, Lipides : 2,1g, Protides :26g, A conserver dans un endroit frais et sec.]|"
8,38€ / Kg"|"
1,09 €"
2652|Moules à l'escabèche, recette espagnole|La boîte de 111g|[Origine : FRANCE, Moules 62,2%, huile de tournesol, vinaigre de vin, épices et aromates, sel. s., Valeur énergétique en Joules :  1082kj, Valeur énergétique en Kcal : 261kcal, Glucides : 4,5g, Lipides : 21g, Protides :13g, A conserver dans un endroit sec. Après ouverture à conserver au réfrigérateur et à consommer rapidement.]|"
13,42€ / Kg"|"
1,49 €"
2653|Salade au légumes, au thon et au blé|La boîte de 250g|[Origine : FRANCE, Salade aux légumes, au thon et au blé., Cette salade est à servir fraîche de préférence., Eau, thon 20% (soit 62,5g à l'ouverture), carottes 12,2%, courgettes 11%, oignons 7,6%, blé dur précuit 6,8%, pois chiches 3,4%, huile de colza, vinaigre d'alcool, olives noires (olive noire, sel, stabilisant : gluconate ferreux), épices et aromates,huile d'olive vierge extra, sel, concentre de tomate, moutarde de Dijon (eau, graines de moutarde, vinaigre d'alcool, sel, acidifiant : acide citrique, conservateur : disulfite de potassium), sucre, colorant : extrait de paprika, épaississants : gomme guar, gomme xanthane., Valeur énergétique en Joules :  440Kj, Valeur énergétique en Kcal : 105kcal, Glucides : 9,9g, Lipides : 5g, Protides :3,8g, Avant ouverture, à conserver à température ambiante. Après ouverture, à conserver au frais et à consommer rapidement.]|"
7,12€ / Kg"|"
1,78 €"
2654|Salade italienne, pâtes au pesto et thon|La boîte de 250g|[Origine : FRANCE, Salade aux légumes, au thon et aux pâtes., Cette salade est à servir fraîche de préférence., Tomates 21%, thon 20% (soit 62.5g à l'ouverture), eau, oignons 9.3%, poivrons rouges 8.6%, pâtes 7.2% (semoule de blé dur, blanc d'oeuf), basilic 4.4%, huile de colza, huile d'olive vierge extra 2.3%, vinaigre balsamique (moût de raisin, vinaigre devin, colorant : caramel, conservateur : bisulfite de potassium), parmesan râpé 1.8% (lait, présure, sel), ail 0.9%, pignons de pin 0.9%, sel, vinaigre d'alcool, épaississant : gomme xanthane., Valeur énergétique en Joules :  477Kj, Valeur énergétique en Kcal : 114kcal, Glucides : 7,1g, Lipides : 5,7g, Protides :7,6g, Avant ouverture : à conserver à température ambiante. Après ouverture, garder au réfrigérateur et consommer rapidement.]|"
7,44€ / Kg"|"
1,86 €"
2655|Salade mexicaine au thon et haricots rouges|La boîte de 250g|[Origine : FRANCE, Salade aux légumes et au thon., Cette salade est à servir fraîche de préférence., Maïs 24%, thon 20% (soit 62,5g à l'ouverture), haricots rouges 16%, poivrons rouges 9,7%, eau, huile de colza, carottes 4,2%, oignons 4,2%, haricots verts 3,8%, vinaigre d'alcool, sucre, vinaigre de vin (dont sulfites), sel, épices et aromates, amidon de riz, colorant : extrait de paprika, épaississant : gomme guar., Valeur énergétique en Joules :  494kj, Valeur énergétique en Kcal : 118kcal, Glucides : 8g, Lipides : 4,5g, Protides :8,4g, Avant ouverture, à conserver à température ambiante. Après ouverture, à conserver au frais et à consommer rapidement.]|"
5,76€ / Kg"|"
1,44 €"
2656|Salade niçoise, légumes thon et olives|La boîte de 250g|[Origine : FRANCE, La salade niçoise Monoprix est savoureuse et gourmande. Elle est idéale pour une pause repas ou pour agrémenter une salade., Cette salade est à servir fraîche de préférence., Pommes de terre 29% (conservateur : bisulfite de sodium), thon 20% (soit 62.5g à l'ouverture), tomates 11%, poivrons rouges 9.3% : haricots verts 8%, eau, oignons 4.3%, olives noires en rondelles 2.8% (olive noire, sel, stabilisant : gluconate ferreux), huile de colza, vinaigre d'alcool, épices et aromates, huile d'olive vierge extra, sel, amidon transformé de maïs, arômes naturels (dont céleri), sucre, épaississant : gomme guar, colorant : extrait de paprika., Valeur énergétique en Joules :  364Kj, Valeur énergétique en Kcal : 87kcal, Glucides : 5,1g, Lipides : 4g, Protides :6,2g, A conserver à température ambiante. Après ouverture, garder au réfrigérateur et consommer dans les 24 heures.]|"
5,92€ / Kg"|"
1,48 €"
2657|Salade thaï, thon et pousse de bambou|La boîte de 250g|[Origine : FRANCE, La salade Thaï au thon Monoprix est savoureuse et gourmande. Elle est idéale pour une pause repas ou pour agrémenter une salade., Cette salade est à servir fraîche de préférence., Carottes 25%, thon 20% (soit 62.5g à l'ouverture), oignon, eau, poivrons rouges 9.6%, haricots verts 7.5%, pousses de bambou 4.2%, épis de maïs 4.2%, huile de colza, vinaigre d'alcool, champignons noirs déshydratés 1.1%, sel, moutarde de Dijon (eau,graines de moutarde, vinaigre d'alcool, sel, acide citrique, conservateur : disulfite de potassium), sucre, épices et aromates 0.2% (dont céleri et farine de moutarde), jus de citron concentré, épaississant : gomme guar, amidon de riz, sauce nuoc mam(jus de poisson, sel, sucre)., Valeur énergétique en Joules :  293Kj, Valeur énergétique en Kcal : 70kcal, Glucides : 6,9g, Lipides : 2,4g, Protides :3,8g, A conserver à température ambiante. Après ouverture, garder au réfrigérateur et consommer dans les 24 heures.]|"
9,36€ / Kg"|"
2,34 €"
2658|Sardines à l'huile d'olive vierge extra|La boîte de 135g|[Origine : FRANCE, Mise en boîte à la main., Sardines, huile d'olive vierge extra 29%, sel., Valeur énergétique en Joules :  1259kj, Valeur énergétique en Kcal : 303kcal, Glucides : 0,1g, Lipides : 23g, Protides :24g, A température ambiante.]|"
10,15€ / Kg"|"
1,37 €"
2659|Sardines à l'huile d'olive vierge extra et au citron|La boîte de 135g|[Origine : FRANCE, Mises en boîte à la main, les sardines Monoprix sont cuites à la vapeur pour préserver une chair moelleuse et fondante., Les savoureuses recettes de sardines Monoprix sont idéales accompagnées de pommes vapeur ou pour agrémenter vos entrées légères., Sardines fraîches, huile d'olive vierge extra 25%, tranche de citron 4%, sel., Valeur énergétique en Joules :  1259kj, Valeur énergétique en Kcal : 303kcal, Glucides : <0,1g, Lipides : 23g, Protides :23g, A température ambiante]|"
12,22€ / Kg"|"
1,65 €"
2660|Sardines à l'huile de tournesol|La boîte de 135g|[Origine : FRANCE, Sardines, huile de tournesol 29%, sel., Valeur énergétique en Joules :  1074kj, Valeur énergétique en Kcal : 258kcal, Glucides : 0,1g, Lipides : 18g, Protides :24g, A température ambiante.]|"
7,48€ / Kg"|"
1,01 €"
2661|Sardines à la sauce tomate|La boîte de 135g|[Origine : FRANCE, Sardines, eau, concentré de tomate 13,5%, huile de tournesol, sel, sucre., Valeur énergétique en Joules :  758kj, Valeur énergétique en Kcal : 182kcal, Glucides : 1g, Lipides : 12g, Protides :17g, A température ambiante.]|"
9,04€ / Kg"|"
1,22 €"
2662|Sardines au beurre de baratte demi-sel à poêler|La boîte de 115g|[Origine : FRANCE, Valeur énergétique en Joules :  1087kj, Valeur énergétique en Kcal : 262kcal, Glucides : 0g, Lipides : 21g, Protides :18g]|"
23,65€ / Kg"|"
2,72 €"
2663|Taboulé à l'huile d'olive extra vierge et à la menthe|La boîte de 740g|[Origine : FRANCE, 3 personnes. Verser la semoule dans un plat rond creux (elle est déjà précuite). Ajouter le contenu de la boîte de garniture. Mélanger avec une fourchette. Égaliser la surface, couvrir et placer cette préparation au réfrigérateur 45 minutes minimum., Une boîte de garniture : 560 g. Tomates 50 % (affermissant : chlorure de calcium, acidifiant : acide citrique), oignons, eau, huile de tournesol, jus de citron concentré 1,7%, sel, huile d'olive vierge extra 1%, menthe poivrée 0,43%, persil, arôme naturel. Un sachet de semoule de blé dur précuite : 180 g., Valeur énergétique en Joules :  604Kj, Valeur énergétique en Kcal : 144Kcal, Glucides : 20g, Lipides : 4,7g, Protides :4,5g, A conserver à température ambiante.]|"
2,20€ / Kg"|"
1,63 €"
2664|Thon à l'huile de tournesol|La boîte de 160g|[Origine : COTE D IVOIRE, Thon, huile de tournesol, sel., Valeur énergétique en Joules :  989kj, Valeur énergétique en Kcal : 237kcal, Glucides : 0,5g, Lipides : 15g, Protides :25g, Avant ouverture : conservez à température ambiante. Après ouverture : conservez à +4°C hors de la boîte dans un récipient hermétique et consommez dans les 24h.]|"
10,81€ / Kg"|"
1,73 €"
2665|Thon à l'huile de tournesol|La boîte de 80g|[Origine : COTE D IVOIRE, Thon, huile de Tournesol, sel., Valeur énergétique en Joules :  989kj, Valeur énergétique en Kcal : 237kcal, Glucides : 0,5g, Lipides : 15g, Protides :25g, Avant ouverture, conservez à température ambiante. Après ouverture, conservez à 4°C hors de la boite dans un récipient hermétique et consommez dans les 24h.]|"
16,63€ / Kg"|"
1,33 €"
2666|Thon à la catalane, sauce tomate et légumes|La boîte de 135g|[Origine : FRANCE, Thon 28%, eau, concentré de tomate 20%, carotte 6%, oignons 6%, huile de colza, cornichons 3%, poivrons rouges 3%, vinaigre d'alcool, sucre, olives noires 0,5%, sel, amidon transformé de maïs, épaississants : gomme xanthane et gomme guar, arômes., Valeur énergétique en Joules :  489Kj, Valeur énergétique en Kcal : 117KCal, Glucides : 5,5g, Lipides : 6g, Protides :9,5g, A conserver à température ambiante.]|"
8,44€ / Kg"|"
1,14 €"
2667|Thon albacore au naturel|La boîte de 200g|[Origine : SEYCHELLES, Thon albacore, eau, sel. Importé des Seychelles., Valeur énergétique en Joules :  496kj, Valeur énergétique en Kcal : 117kcal, Glucides : 0g, Lipides : 1g, Protides :27g, A conserver à température ambiante, à l'abri de l'humidité.]|"
11,43€ / Kg"|"
1,60 €"
2668|Thon albacore au naturel|La boîte de 280g net égoutté|[Origine : SEYCHELLES, Thon albacore, eau, sel., Valeur énergétique en Joules :  496kj, Valeur énergétique en Kcal : 117kcal, Glucides : 0g, Lipides : 1g, Protides :27g, A conserver à température ambiante, à l'abri de l'humidité.]|"
11,29€ / Kg"|"
3,16 €"
2669|Thon albacore au naturel|La boîte de 93g|[Origine : SEYCHELLES, Thon albacore, eau, sel., Valeur énergétique en Joules :  496kj, Valeur énergétique en Kcal : 117kcal, Glucides : 0g, Lipides : 1g, Protides :27g, A conserver à température ambiante, à l'abri de l'humidité.]|"
14,09€ / Kg"|"
1,31 €"
2670|Thon blanc à l'huile d'olive vierge extra|La boîte de 160g|[Origine : FRANCE, Thon blanc (germon), huile d'olive vierge extra 31%, sel., Valeur énergétique en Joules :  977kj, Valeur énergétique en Kcal : 234kcal, Glucides : 0,1g, Lipides : 14g, Protides :27g, A température ambiante]|"
15,38€ / Kg"|"
2,46 €"
2671|Thon blanc à l'huile d'olive vierge extra|La boîte de 80g|[Origine : FRANCE, Thon blanc, huile d'olive vierge extra 31%, sel., Valeur énergétique en Joules :  977kj, Valeur énergétique en Kcal : 234kcal, Glucides : 0,1g, Lipides : 14g, Protides :27g, A température ambiante.]|"
20,63€ / Kg"|"
1,65 €"
2672|Thon blanc au naturel|La boîte de 93g net égoutté|[Origine : FRANCE, Thon blanc (germon), eau, sel., Valeur énergétique en Joules :  572kj, Valeur énergétique en Kcal : 136kcal, Glucides : 0,1g, Lipides : 3,5g, Protides :26g, A température ambiante.]|"
20,86€ / Kg"|"
1,94 €"
2673|Foie de morue fumé|La boîe de 120g|[Origine : ISLANDE, Valeur énergétique en Joules :  1670Kj, Valeur énergétique en Kcal : 410Kcal, Glucides : 0,5g, Lipides : 41g, Protides :8,5g, Foie de morue fumé (99%), sel.                                                 L'huile contenue dans la boite est l'huile du foie de morue naturellement exsudée pendant la fabrication.]|"
18,42€ / Kg"|"
2,21 €"
2674|Filets de hareng fumés à l'huile|La boîte de 190g net égoutté|[Origine : ALLEMAGNE, Filets de harengs fumés, Ils sont tout prêts à consommer : en entrée, en plat principal., Filets de harengs (74%), huile végétale, sel, fumée. Sans colorant ni conservateur., Valeur énergétique en Joules :  940kj, Valeur énergétique en Kcal : 226kcal, Glucides : 0,0g, Lipides : 15,9g, Protides :20,7g]|"
18,15€ / Kg"|"
2,36 €"
2675|Foie de morue fumé, riche en oméga 3|La boîte de 121g|[Origine : ISLANDE, Ce foie de morue Balthor vient de poissons pêchés dans les eaux froides d'Islande., Foie de morue, huile exsudée, sel, arôme de fumée., Nous vous conseillons de le servir  sur des petits toasts grillés arrosé d'un filet de citron.]|"
17,36€ / Kg"|"
2,10 €"
2676|Filet de saumon, certifié AB|La boîte de 125g|[Origine : FRANCE, 100% biologique, il est fabriqué avec des poissons ayant grandi dans une eau de qualité, et vous offre le goût subtil et naturel d'une chair bien ferme.*100% des ingrédients d'origine agricole ont été obtenus selon les règles de la production biologique., Laissez-le s'inviter dans vos repas : servez-le en plat principal avec l'accompagnement de votre choix ou avec une salade verte pour une entrée fraîcheur., Filet de saumon Atlantique* (72%), eau, sel. *100% des ingrédients d'origine agricole ont été obtenus selon les règles de la production biologique., Valeur énergétique en Joules :  721Kj, Valeur énergétique en Kcal : 173Kcal, Glucides : 0,6g, Lipides : 10,3g, Protides :194g, A conserver au frais après ouverture et à consommer rapidement.]|"
43,04€ / Kg"|"
5,38 €"
2677|Filet de saumon, certifié AB|La boîte de 125g|[Origine : FRANCE, 100% biologique, il est fabriqué avec des poissons ayant grandi dans une eau de qualité, et vous offre le goût subtil et naturel d'une chair bien ferme.*100% des ingrédients d'origine agricole ont été obtenus selon les règles de la production biologique., Laissez-le s'inviter dans vos repas : servez-le en plat principal avec l'accompagnement de votre choix ou avec une salade verte pour une entrée fraîcheur., Filet de saumon Atlantique* (72%), eau, sel. *100% des ingrédients d'origine agricole ont été obtenus selon les règles de la production biologique., Valeur énergétique en Joules :  721Kj, Valeur énergétique en Kcal : 173Kcal, Glucides : 0,6g, Lipides : 10,3g, Protides :194g, A conserver au frais après ouverture et à consommer rapidement.]|"
43,04€ / Kg"|"
5,38 €"
2678|Salade de lentilles, épeautre, tofu et petites légumes|Le paquet de 220g|[Origine : FRANCE, Découvrez le goût unique et la fraîcheur de la salade lentilles Céréal Bio. Céréal Bio a revisité pour vous la traditionnelle salade de lentilles aux petits légumes émincés en y ajoutant le croquant de l'épeautre et le goût subtil et original du tofufumé. Relevée par de la moutarde et du vinaigre de cidre, cette salade vous apportera tout sa saveur lors de votre pause déjeuner., A consommer froid., Eau, lentilles vertes* 11%, tomate* 10,5%, haricots verts* 10%, épeautre*, précuit 8,5%, carotte* 6%, tofu fumé* 5% (tofu* (eau, soja* dépelliculé 1,5%, gélifiant : nigari), sauce de soja* (eau, soja*, sel marin, alcool*, ferment : aspergillus oryzae), sel marin, ail*, coriandre*, muscade*, poivre*), échalote*, moutarde* 3,5% (eau, graines de moutarde*, vinaigre de cidre*, sel), persil*, vinaigre de cidre* 1,5%, huile d'olive*, sauce de soja* (eau, soja*, blé*, sel marin, ferment : aspergillus oryzae), sel marin, poivre blanc*. Ingrédients issus de l'agriculture biologique., Valeur énergétique en Joules :  381kj, Valeur énergétique en Kcal : 91kcal, Glucides : 9,2g, Lipides : 2,6g, Protides :5g, A conserver au réfrigérateur deux jours maximum après son ouverture. Conserver à l'abri de la chaleur et de l'humidité. Conditionné sous atmosphère protectrice.]|"
12,68€ / Kg"|"
2,79 €"
2679|Crabe royal, 40% minimum de pattes|La boîte de 240g|[Origine : FRANCE, Crabe royal 40% pattes et 60% chair, eau, sel, sucre, arôme, correcteur d'acidité : E330, conservateur : E223.  Contient : crustacés, sulfites., Valeur énergétique en Joules :  381Kj, Valeur énergétique en Kcal : 91KCal, Glucides : 0g, Lipides : 1g, Protides :20g]|"
114,57€ / Kg"|"
16,04 €"
2680|Fleur de sel de Noirmoutier|Le pot de 125g|[Origine : FRANCE, Délicatement récoltée à la surface des marais salants de l'île de Noirmoutier, la fleur de sel Monoprix Gourmet sèche naturellement grâce à l'action du soleil et du vent., Ajouter en toute fin de cuisson., Fleur de sel de Noirmoutier 100%., Conserver à l'abri de l'humidité]|"
27,60€ / Kg"|"
3,45 €"
2681|Herbes de Provence pour barbecue|Le paquet de 100g|[Origine : FRANCE, Saupoudrez les Herbes de Provence Ducros en cours de cuisson pour aromatiser vos grillades de viandes, de poissons ou de légumes. Parfumez également vos ratatouilles, plats en sauces,pizzas, poulets..., Sariette, romarin, serpolet, marjolaine, origan, basilic, thym en proportions variables.]|"
22,90€ / Kg"|"
2,29 €"
2682|Ail semoule|Le pot de 100g|"[Origine : FRANCE, Ail semoule: L'ail est connu depuis la nuit des temps pour ses vertus curatives. Du celte ""ail"" signifiant ""brûlant"", l'ail aurait poussé dans les empreintes laissées par l'un des pieds du diable à la sortie du jardin d'Eden., Facile d'utilisation, cet ail semoule entrera   dans la préparation de vos vinaigrettes, de spécialités provençales telles que la brandade, la ratatouille ou l'aïoli. Accompagné de persil,il est idéal pour parfaire la préparation des champignons., Contient des sulfites.Peut contenir des traces de gluten, de sésame, de moutarde et de céleri.]"|"
48,40€ / Kg"|"
4,84 €"
2683|Bouquet garni pour viandes|Le pot de 12g|[Origine : FRANCE, Le bouquet garni pour viandes est composé d'un ensemble d'herbes dont les saveur se marient et se complètent parfaitement., Le sachet mousseline, facile à utiliser, se plonge dans votre préparation en début de cuisson afin de transmettre à vos viandes braisées ou bouillies toutes les saveurs de ses aromates., Tym, coriandre entière, marjolaine, persil, laurier. Peut contenir des traces de gluten, sésame, moutarde, céleri et sulfites.]|"
437,50€ / Kg"|"
5,25 €"
2684|Clous de girofle|Le pot de 50g|[Origine : FRANCE, Originaire des îles Moluques, ou îles aux épices, le clou de girofle est le bouton floral du giroflier, cueilli avant que la corolle ne s'épanouisse.  Introduit en Europe au 4e siècle par les arabes, le clou de girofle est devenu un produit de luxe qui était taxé au Moyen-Age., Il est utilisé depuis toujours dans des mélanges d'épices, en Chine et aux Indes. Piqués dans un oignon, les clous de girofle parfument délicieusement les choucroutes, blanquettes et pots au feu.]|"
113,40€ / Kg"|"
5,67 €"
2685|Noix de muscade moulue|Le flacon de 80g|[Origine : FRANCE, Originaire des îles moluques (archipel indonésien), ou îles aux épices, la noix de muscade a été introduite en Europe par les arabes. La noix de muscade est l'amande du noyau du fruit du muscadier. A maturité, le fruit libère son noyau, qu'il faut casser pour en extraire la noix de muscade., Elle communique aux sauces blanches une saveur fine et parfumée. Elle relève les soufflés au fromage, les quiches ou les soupes de légumes de ses notes épicées de bergamote et de sa saveur citronnée.]|"
77,13€ / Kg"|"
6,17 €"
2686|Piment d'Espelette AOC|Le flacon de 62g|[Origine : FRANCE]|"
209,23€ / Kg"|"
13,60 €"
2687|Quatre épices|Le pot de 65g|[Origine : FRANCE, Le mélange Quatre épices est composé de cannelle, de clous de girofle, de poivre noir et de muscade. Cette association allie délicatement les parfums doux et enivrants de la cannelle, l'exotisme du clou de girofle, la puissance du poivre noir et la douce chaleur de la noix de muscade., Vous en saupoudrerez vos marinades et terrines et vous l'utiliserez pour parfumer les légumes secs et les pommes de terre.Ingrédients : cannelle, noix de muscade, clous de girofle, poivre., Ingrédients : cannelle, noix de muscade, clous de girofle, poivre.]|"
60,15€ / Kg"|"
3,91 €"
2688|Romarin|Le pot de 35g|[Origine : FRANCE, Le romarin tire son nom du latin ros marinus qui signifie rosée de mer. Originaire du bassin méditerranéen, le romarin est connu depuis l'Antiquité. Les étudiants grecs en  portaient  des couronnes pour stimuler leur intellect. Le romarin a une saveur piquante et  parfumée assez prononcée., Il s'incorpore aux soupes, farces, sauces et marinades. Il aromatise de son goût légèrement camphré les viandes rôties telles que l'agneau ou le porc., Romarin]|"
126,57€ / Kg"|"
4,43 €"
2689|Safran en poudre|Le flacon de 8 capsules de 0,1g|[Origine : FRANCE, Peut contenir des traces de gluten, sésame, moutarde, céleri et sulfites.]|"
15775,00€ / Kg"|"
12,62 €"
2690|Harissa, sauce piquante|Le tube de 70g|[Origine : TUNISIE, Assaisonnement fort spécial pour couscous, viandes et tous plats., Piments rouges , épices , sel , ail., Valeur énergétique en Joules :  317Kj, Valeur énergétique en Kcal : 76Kcal, Glucides : 10,7g, Lipides : 1,9g, Protides :4g]|"
9,57€ / Kg"|"
0,67 €"
2691|Sel de déneigement|Le sac de 3kg|[Origine : FRANCE, Sel de déneigement., Convient au traitement de verglas et de neige et permet d'éviter des dommages corporels et matériels. Dégager la surface à traiter et épandre le sel. Contrôler l'efficacité de l'épandage. Si nécessaire, répéter le traitement. L'utilisation d'épandeuses permet un meilleur épandage. Eviter d'épandre du sel à proximité des arbres et pelouses. Ne pas évacuer l'eau salée vers la végétation. Sel impropre à la consommation ! Ne pas utiliser dans des préparations alimentaires.]|"
0,53€ / Kg"|"
1,60 €"
2692|5 baies, mélange de poivre et d'épices|Le pot de 24g|[Origine : FRANCE, Poivre noir, coriandre, baies roses, poivre blanc, piment de Jamaïque, poivre vert.]|"
108,33€ / Kg"|"
2,60 €"
2693|Ail|Le pot de 110g|[Origine : FRANCE, Plante aux mille vertus, il impose sa force et son caractère aux viandes, poissons, farce, sauces, salades et vinaigrettes. Dosage : 1 c. à café pour 4 personnes., Ail.]|"
21,82€ / Kg"|"
2,40 €"
2694|Ail semoule, opercule fraîcheur|Le pot de 60g|[Origine : FRANCE, Dosage : 1 cuillère à café pour 4 personnes., Ail déshydraté.]|"
35,50€ / Kg"|"
2,13 €"
2695|Aneth, opercule fraîcheur|Le pot de 10g|[Origine : FRANCE, Ensoleillez vos plats ! Cousine de l'anis vert, cette plante aromatique, très utilisée dans le pays nordiques, accompagne agréablement les poissons blancs, légumes, pommes de terre et oeufs., Dosage : 1 cuil. à soupe pour 4 personnes. Ma touche personnelle... saupoudrez sur une salade de concombre, c'est fameux !, Aneth.]|"
199,00€ / Kg"|"
1,99 €"
2696|Assaisonnement persillade, opercule fraîcheur|Le pot de 43g|[Origine : FRANCE, Ensoleillez vos plats ! Ducros a élaboré pour vous ce savoureux mélange aux herbes, idéal pour vos vinaigrettes, viandes grillées et braisées, purées de légumes, poissons, et bien sûr, escargots. Dosage : 1 à 2 cuil. à soupe pour 4 personnes., Sel, persil (20%), ail (18%), échalote, exhausteur de goût : monoglutamate de sodium, poivre, muscade.]|"
48,37€ / Kg"|"
2,08 €"
2697|Basilic, opercule fraîcheur|Le pot de 12g|[Origine : FRANCE, Dosage : 2 cuillères à soupe pour 4 personnes., Basilic.]|"
163,33€ / Kg"|"
1,96 €"
2698|Bouquet garni provençale, opercule fraîcheur|Le pot de 18g|[Origine : FRANCE, Ensoleillez vos plats ! La diversité des senteurs de ce mélange, spécialement élaboré par Ducros, parfume généreusement les viandes braisées, court-bouillons et plats en sauce. Dosage : 1 à 2 cuil. à soupe pour 4 pers., Feuille de laurier (25%), sarriette, thym (20%), persil, romarin, basilic, céleri.]|"
111,67€ / Kg"|"
2,01 €"
2699|Cajun, assaisonnement à base d'herbes et d'épices pour grillades|Le sachet de 35g|[Origine : FRANCE, La cuisine Cajun qui nous vient de Louisiane a inspirée Ducro pour créer ce savoureux mélange à base de paprika fumé et de piment qui relèvera toutes vos grillades en un clin d'oeil. Délicieux sur les cuisses de poulet ou sur des gambas., A mariner pendant 15 minutes. Mélangez le contenu du sachet à une cuillère à soupe d'huile d'olive et 1 cuillère à soupe d'eau. Enrobez votre viande avec la préparation et laissez mariner 15 minutes pour permettre aux saveurs de se diffuser. Grillezet dégustez ! A saupoudrer. Prêt en 5 minutes ! Saupoudrez le contenu du sachet sur vos grillades préalablement huilées. Grillez et dégustez !, Poivron rouge, paprika fumé (12%), sel de mer, ail déshydraté, graine de moutarde jaune, graine de coriandre, persil, piment déshydraté (4%), gingembre grillé, piment de la Jamaïque (4%), origan, poivre noir et blanc, zeste de citron déshydraté, cumin, cardamome, thym, graines de céleri, colorant (extrait de paprika), huile de tournesol, arôme naturel.]|"
63,43€ / Kg"|"
2,22 €"
2700|Cannelle, bâtons, opercule fraîcheur|Le pot de 10g|[Origine : FRANCE, Sur la route des épices ! Ces petits tuyaux d'écorce de cannelier sont incontournables dans les vins chauds, les sangrias, les pâtisseries, les confitures et les compotes., Dosage : 2 bâtons de cannelle pour 1kg ou 1l. Ma touche personnelle... avec 2 bâtons bouillis dans le lait, vos riz au lait, gâteaux de semoule et flans prendront un air de fête., Bâtons de cannelle.]|"
263,00€ / Kg"|"
2,63 €"
2701|Cannelle moulue, opercule fraîcheur|Le pot de 39g|[Origine : FRANCE, Dosage : 1 cuillère à café pour 4 personnes., Cannelle moulue.]|"
54,10€ / Kg"|"
2,11 €"
2702|Carvi, opercule fraîcheur|Le flacon de 38g|[Origine : FRANCE, Sur la route des épices ! Originaire d'Asie, ce cousin du persil est apprécié pour sa saveur citronnée, mais aussi pour ses propriétés rafraîchissantes., Il relève divinement tous les fromages, ainsi que les poissons et crustacés, la choucroute, les pommes de terre au four... Dosage : 1 cuil. à soupe pour 4 personnes., Carvi.]|"
66,32€ / Kg"|"
2,52 €"
2703|Ciboulette, opercule fraîcheur|Le pot de 2,5g|[Origine : FRANCE, Ciboulette]|"
608,00€ / Kg"|"
1,52 €"
2704|Clous de girofle, opercule fraîcheur|Le pot de 23g|[Origine : FRANCE, Tout un monde de saveurs ! Les clous de girofle sont les boutons floraux du giroflier, séchés au soleil., Dosage : 3-4 clous de girofle par plat. Ils sont parfaits pour agrémenter nombre de préparations telles que vins chauds, salades de fruits, pains d'épices, marinades et pot-au-feu., Clous de girofle.]|"
119,13€ / Kg"|"
2,74 €"
2705|Coriandre, graines moulues, opercule fraîcheur|Le flacon de 32g|[Origine : FRANCE, Sur la route des épices ! Originaire d'Asie Mineure, les graines de coriandre sont réputées pour leur délicieux goût d'orange., Leur arôme parfume subtilement les marinades pour viandes ou poissons, les court bouillons, les préparations de légumes à la grecque... Dosage : 1 à 2 cuil. à café pour 4 personnes., Graines de coriandre moulues.]|"
83,44€ / Kg"|"
2,67 €"
2706|Cuisinez à la mexicaine, assaisonnement à base d'épices et d'aromates|Le flacon de 40g|[Origine : FRANCE, Retrouvez toutes les saveurs du Mexique dans votre assiette grâce à ce délicieux mélange à base de piment doux et de cumin., Dosage : 1 à 2 c. à café sur vos viandes et légumes., Poivron rouge, oignon, piment doux (17.5%), coriandre, graines de sésame, cumin (8.8%), origan, persil, piment.]|"
70,50€ / Kg"|"
2,82 €"
2707|Cumin moulu, opercule fraîcheur|Le flacon de 32g|[Origine : FRANCE, Sur la route des épices ! Originaire d'Asie Centrale, le cumin est aujourd'hui un ingrédient indispensable de la cuisine indienne, mexicaine, marocaine Une simple cuillerée apportera une senteur exotique à vos plats les plus simples : volailles, gibiers, crudités et légumes., 1 à 2 cuil à soupe pour 4 personnes. Ma touche personnelle   Egayez vos apéritifs en saupoudrant de cumin moulu les toasts à base de fromage., Cumin.]|"
81,87€ / Kg"|"
2,62 €"
2708|Curcuma moulu|Le flacon de 37g|[Origine : FRANCE, Autrefois appelé safran des indes, le curcuma est surtout employé en mélanges, notamment dans le columbo antillais ou le curry.Il apporte un arôme poivré et frais, et colore agréablement les plats de riz, les paellas, les pâtes., Mélangez quelques pincées de curcuma dans une simple vinaigrette et le doux parfum de cette épice vous étonnera., Curcuma.]|"
77,03€ / Kg"|"
2,85 €"
2709|Curry poudre, opercule fraîcheur|Le pot de 42g|[Origine : FRANCE, Sur la route des épices ! Avec ce subtil mélange de plus de 10 épices, les saveurs magiques de l'Orient s'invitent dans votre cuisine  La recette originale de Ducros qui plait à tous!, Dosage : 2 à 3 cuillères à soupe pour 4 personnes., Curcuma, graine de coriandre, fenugrec, amidon de blé, graine de moutarde, oignon déshydraté, cardamone, sel (4%), gingembre, anis, fenouil, girofle, ail, épices, plantes aromatiques.]|"
49,52€ / Kg"|"
2,08 €"
2710|Curry tradition|Le flacon de 53g|[Origine : FRANCE]|"
81,51€ / Kg"|"
4,32 €"
2711|Echalote semoule|Le pot de 26g|[Origine : FRANCE, Ensoleillez vos plats ! Typique de la cuisine française, l'échalote est utilisée fraîche, confite ou marinée. Elle est conseillée sur toutes les viandes rouges et dans un et dans un large éventail de sauces., Dosage : 1 cuil. à soupe pour 4 personnes. Ma touche personnelle : faites mariner l'échalote semoule dans une vinaigrette, et servez-la avec vos huîtres. C'est exquis !, Echalote semoule.]|"
77,31€ / Kg"|"
2,01 €"
2712|Epices pour couscous, ras el hanout, opercule fraîcheur|Le pot de 42g|[Origine : FRANCE, Sur la route des épices ! Originaire du Maroc, le Ras El Hanout ('la tête du magasin') est un mélange aux saveurs fruitées, douces mais capiteuses., Il est particulièrement adapté à vos couscous, tajines, brochettes de volaille ou gâteaux au miel. Dosage : 1 c. à soupe pour 4 personnes., Poivre gris moulu, ail en poudre, gingembre, moutarde graine, canelle (10%), muscade, piment fort, paprika (5%), girofle.]|"
63,57€ / Kg"|"
2,67 €"
2713|Estragon|Le flacon de 5g|[Origine : FRANCE, Estragon., A conserver à l'abri de la lumière, de la chaleur et de l'humidité.]|"
436,00€ / Kg"|"
2,18 €"
2714|Genièvre, baies entières, opercule fraîcheur|Le flacon de 28g|[Origine : FRANCE, Ensoleillez vos plats ! Avec ce fruit d'un conifère, cousin du cyprès, une senteur forte et boisée parfume les sauces au vin, gibiers, terrines, choucroutes... Dosage : 8 baies par plat pour 4 personnes., Baies entières de genièvre.]|"
70,00€ / Kg"|"
1,96 €"
2715|Gingembre moulu, opercule fraîcheur|Le flacon de 26g|[Origine : FRANCE, Sur la route des épices ! Le gingembre est la tige souterraine d'une plante tropicale. Souvent employé dans la cuisine asiatique., Il apporte douceur acidulée et saveur poivrée aux émincés de volaille et canard, ainsi qu'aux confitures, salades de fruits et gâteaux. Dosage : 1 cuil. à soupe pour 4 personnes., Gingembre moulu.]|"
104,23€ / Kg"|"
2,71 €"
2716|Graines de pavot, opercule fraîcheur|Le flacon de 48g|[Origine : FRANCE, Sur la route des épices ! Originaire du Bassin Méditerranéen, le fruit du pavot est une capsule verte qui peut contenir à elle seule plus de 30000 graines. Leur délicat arôme de noix et leur note sucrée font merveille dans les plats indiens, les pâtisseries et les pains..., Ma touche personnelle... légèrement grillées, les graines de pavot parfument avec délice les viandes blanches (veau, volaille)., Graines de pavot.]|"
52,50€ / Kg"|"
2,52 €"
2717|Herbes de Provence|Le pot de 18g|[Origine : FRANCE, Ensoleillez vos plats ! Traditionnellement utilisé pour viandes, poissons & légumes grillés, ce savoureux mélange d'herbes aromatiques fera également merveille dans la cuisine de tous les jours., Dosage : à volonté. Ma touche personnelle... mélangez 1 cuillère à soupe d'herbes de Provence à vos gratins de légumes ou de pommes de terre avant de les mettre au four., Sarriette, romarin (28%), thym (18%), marjolaine, origan.]|"
82,22€ / Kg"|"
1,48 €"
2718|Herbes de Provence|Le pot de 40g|[Origine : FRANCE, Avec les Herbes de Provence, l'été, la joie et les vacances s'emparent des grillades, brochettes et méchouis. Dosage : à volonté., Sarriette, romarin, serpolet, marjolaine, origan, basilic, thym, en proportions variables.]|"
55,00€ / Kg"|"
2,20 €"
2719|Herbes de Provence, opercule fraîcheur|Le pot de 120g|[Origine : FRANCE, Ensoleillez vos plats ! Traditionnellement utilisé pour les viandes, poissons et légumes grillés, ce savoureux mélange d'herbes aromatiques, soigneusement élaboré par Ducros, fera également merveille dans la cuisine de tous les jours. Dosage : à volonté., Sariette, romarin (25%), serpolet, marjolaine, origan, basilic, thym (7%).]|"
34,67€ / Kg"|"
4,16 €"
2720|Huile d'olive vierge extra|La bouteille de 1L|[Origine : ESPAGNE, Pour cuisson, friture et assaisonnement., Huile d'olive vierge extra. Origine Espagne. Catégorie supérieure obtenue directement des olives et uniquement par des procédés mécaniques., Valeur énergétique en Joules :  3700, Valeur énergétique en Kcal : 900, Glucides : 0, Lipides : 100, Protides :0, A conserver de préférence à l'abri de la lumière dans un endroit frais et sec. Bien refermer après utilisation.]|"
5,18€ / L"|"
5,18 €"
2721|Huile d'olive vierge extra|La bouteille de 50cl|[Origine : ESPAGNE, Huile d'olive vierge extra. Origine Espagne. Huile d'olive de catégorie supérieure obtenue directement des olives et uniquement par des procédés mécaniques., Valeur énergétique en Joules :  3700, Valeur énergétique en Kcal : 900, Glucides : 0, Lipides : 100, Protides :0, A conserver à température ambiante, à l'abri de la lumière et de la chaleur. Bien refermer après usage.]|"
6,36€ / L"|"
3,18 €"
2722|Huile d'olive vierge extra, certifié AB|La bouteille de 25cl|[Origine : FRANCE, Huile d'olive de catégorie supérieure obtenue directement des olives et uniquement par des procédés mécaniques., Huile végétale pour friture et assaisonnement. Température maximale conseillée en friture : 180°C., Huile d'olive vierge extra issue de l'agriculture biologique., Valeur énergétique en Joules :  3700Kj, Valeur énergétique en Kcal : 900Kcal, Glucides : 0g, Lipides : 100g, Protides :0g, A conserver à l'abri de la lumière et de la chaleur. Bien reboucher après usage.]|"
11,84€ / L"|"
2,96 €"
2723|Huile d'olive vierge extra, certifié AB|La bouteille de 25cl|[Origine : FRANCE, Huile d'olive de catégorie supérieure obtenue directement des olives et uniquement par des procédés mécaniques., Huile végétale pour friture et assaisonnement. Température maximale conseillée en friture : 180°C., Huile d'olive vierge extra issue de l'agriculture biologique., Valeur énergétique en Joules :  3700Kj, Valeur énergétique en Kcal : 900Kcal, Glucides : 0g, Lipides : 100g, Protides :0g, A conserver à l'abri de la lumière et de la chaleur. Bien reboucher après usage.]|"
11,84€ / L"|"
2,96 €"
2724|Huile d'olive vierge extra d'Italie, extraite à froid|La bouteille de 50cl|[Origine : ITALIE, Cette huile au goût herbacé soutenu par une légère ardence se marie parfaitement avec du vinaigre balsamique pour accommoder toutes vos envies de salade, ainsi que pour cuisiner des légumes ou des plats à base de sauce tomate., Huile d'olive vierge extra. Huile d'olive de catégorie supérieure obtenue directement des olives et uniquement par des procédés mécaniques., A conserver dans un endroit frais et sec, à l'abri de la lumière Température maximum conseillée : 230°C]|"
8,34€ / L"|"
4,17 €"
2725|Huile d'olive vierge extra issue de l'agriculture biologique|La bouteille de 75cl|[Origine : ESPAGNE, Monoprix a sélectionné pour vous, avec des entreprises partenaires, des produits issus de l'agriculture biologique. Leurs modes de production et de transformation sont contrôlés et certifiés par un organisme indépendant. Les producteurs emploient notamment des engrais naturels et pratiquent la rotation des cultures afin de garder des sols vivants et une fertilité durable. L'environnement est ainsi préservé., Huile d'olive vierge extra* de catégorie supérieure obtenue directement des olives et uniquement par des procédés mécaniques. *ingrédient issu de l'agriculture biologique, Valeur énergétique en Joules :  3700Kj, Valeur énergétique en Kcal : 885KCal, Glucides : 0g, Lipides : 100g, Protides :0g, à conserver à l'abri de la lumière et de la chaleur Bien reboucher après usage]|"
10,77€ / L"|"
8,08 €"
2726|Huile d'olive vierge extra issue de l'agriculture biologique|La bouteille de 75cl|[Origine : ESPAGNE, Monoprix a sélectionné pour vous, avec des entreprises partenaires, des produits issus de l'agriculture biologique. Leurs modes de production et de transformation sont contrôlés et certifiés par un organisme indépendant. Les producteurs emploient notamment des engrais naturels et pratiquent la rotation des cultures afin de garder des sols vivants et une fertilité durable. L'environnement est ainsi préservé., Huile d'olive vierge extra* de catégorie supérieure obtenue directement des olives et uniquement par des procédés mécaniques. *ingrédient issu de l'agriculture biologique, Valeur énergétique en Joules :  3700Kj, Valeur énergétique en Kcal : 885KCal, Glucides : 0g, Lipides : 100g, Protides :0g, à conserver à l'abri de la lumière et de la chaleur Bien reboucher après usage]|"
10,77€ / L"|"
8,08 €"
2727|Huile de nouveau colza, riche en acides gras omega 3, pour assaisonnement|La bouteille de 1L|[Origine : FRANCE, L'huile de colza Monoprix est riche en acides oméga 3. C'est une huile fragile qui ne résiste pas à la chaleur., Ne pas chauffer. Réservez aux sauces et assaisonnements., Huile de nouveau colza., Valeur énergétique en Joules :  3700Kj, Valeur énergétique en Kcal : 885KCal, Glucides : 0g, Lipides : 100g, Protides :0g, Refermer après usage Stocker à l'abri de la lumière et de la chaleur]|"
1,88€ / L"|"
1,88 €"
2728|Huile de pépins de raisin, à chaud ou à froid, pour friture et assaisonnement|La bouteille de 1L|[Origine : FRANCE, Plongez les aliments doucement lorsque l'huile est à bonne température. Renouvelez la totalité du bain après 10 fritures. Température maximale recommandée : 180°C., Huile de pépins de raisin., Valeur énergétique en Joules :  3600Kj, Valeur énergétique en Kcal : 861KCal, Glucides : 0g, Lipides : 100g, Protides :0g, Refermer après usage Stocker à l'abri de la lumière et de la chaleur]|"
3,91€ / L"|"
3,91 €"
2729|Huile de tournesol, naturellement riche en vitamine E, pour friture et assaisonnement|La bouteille de 1L|[Origine : FRANCE, Naturellement riche en vitamine E., Vous pouvez utiliser cette huile pour l'assaisonnement, la cuisson et la friture (température maximale conseillée : 180°C). Plongez les aliments doucement lorsque l'huile est à bonne température. Renouvelez la totalité de votre huile après 10 fritures., Huile de tournesol., Valeur énergétique en Joules :  3700Kj, Valeur énergétique en Kcal : 885KCal, Glucides : 0g, Lipides : 100g, Protides :0g, A conserver à température ambiante et à l'abri de la lumière. Refermer après usage.]|"
1,98€ / L"|"
1,98 €"
2730|Huile riche en acide gras oméga 3,pour friture et assaisonnement|La bouteille de 1L|[Origine : FRANCE, Idéal avec une salade ou en friture lors des repas principaux. Pour réussir une bonne friture, ne pas dépasser une température de 180°C qui se caractérise par des dégagements de fumée. Introduire les aliments doucement lorsque l'huile est à bonne température. Eliminer les résidus après chaque bain et renouveler toutes les 8 à 10 utilisations., Huile de tournesol 55%, huile de tournesol à haute teneur en acide oléique 25%, huile de colza 15%, huile de pépins de raisin 5%., Valeur énergétique en Joules :  3700Kj, Valeur énergétique en Kcal : 885KCal, Glucides : 0g, Lipides : 100g, Protides :0g, A conserver à température ambiante et à l'abri de la lumière]|"
2,56€ / L"|"
2,56 €"
2731|Huile vierge de noisette, goût persistant, idéale pour les pâtisserie, pour assaisonnement|La bouteille de 25cl|[Origine : FRANCE, Aujourd'hui encore l'huile vierge de noisette Monoprix Gourmet est produite suivant une méthode ancestrale. Les fruits soigneusement sélectionnés sont broyés avec une meule en granit. La pâte ainsi obtenue est alors mise à suer dans des marmites jusqu'à atteindre le degré exact de couleur et d'odeur qui assureront après pressage une huile de grande qualité., Les notes pralinées de la noisette se marient parfaitement à la saveur délicate de l'avocat ou des champignons de Paris crus. Idéale également en pâtisserie pour sublimer une tarte aux pommes ou un Pithiviers., Huile végétale de noisette., À conserver dans un endroit frais et sec à l'abri de la lumière. Pour conserver votre produit jusqu'à 6 mois après ouverture, placez-le au réfrigérateur.]|"
25,56€ / L"|"
6,39 €"
2732|Huile vierge de noix, idéale pour les salades et assaisonnement, goût franc|La bouteille de 25cl|[Origine : FRANCE, Aujourd'hui encore l'huile vierge de noix Monoprix Gourmet est produite suivant une méthode ancestrale. Les cerneaux soigneusement sélectionnés sont broyés avec une meule en granit. La pâte ainsi obtenue est alors mise à suer dans des marmites jusqu'à atteindre le degré exact de couleur et d'odeur qui assureront après pressage une huile de grande qualité., La saveur subtile de noix grillée s'harmonise à merveille avec toutes les salades légèrement amères, comme une frisée aux magrets séchés ou des endives, noix, roquefort., Huile végétale de noix., À conserver dans un endroit frais et sec à l'abri de la lumière. Pour conserver votre produit jusqu'à 6 mois après ouverture, placez-le au réfrigérateur.]|"
23,04€ / L"|"
5,76 €"
2733|Huile d'olive de Corse, de catégorie supérieure|La bouteille de 50cl|[Origine : FRANCE, Les producteurs corses vous proposent oliu di Corsica:une huile sélectionnée parmi le meilleur de leur récolte en Appellation d'Origine Contrôlée.Typique,l'AOC Oliu di Corsica est issue d'olives noires.Notre huile vous séduira par sa douceur,son niveau modéré d'amer et de piquant.Ses arômes végétaux(atichaut,pomme....),de fruits secs (amande,noisette...) et de maquis mettrons en valeur vos plats sans masquer leurs goûts., Huile d'olive de catégorie supérieure obtenue directement des olives et uniquement par des procédés mécaniques., A conserver à l'abri de la lumière et de la chaleur.]|"
28,92€ / L"|"
14,46 €"
2734|Huile d'olive vierge extra|Le flacon de 20cl|[Origine : FRANCE, Extraite à froid, notre huile a conservé les propriétés gustatives et nutritionnelles du pur jus de l'olive., Délicatement fruitée, elle convient aux salades vertes ou composées et aux cuissons légères à la poêle.]|"
38,40€ / L"|"
7,68 €"
2735|Huile d'olive vierge extra 94% & extrait naturel d'ail rose de Lautrec|La bouteille de 250ml|[Origine : FRANCE, Complicité brûlante entre la douceur de l'huile d'olive et le goût rond et puissant de l'ail frais., Cette huile est l'exhausteur de saveur des grillades, du gigot d'agneau, des légumes grillés ou des purées de pommes de terre. Elle se révèle très utile aussi pour préparer du pain à l'ail ou une brandade de morue., Huile d'olive vierge extra, ail, extrait naturel d'ail rose de Lautrec 1% (125 g d'ail frais sont nécessaires à l'aromatisation d'un litre d'huile d'olive)., A conserver à l'abri de la lumière et de la chaleur.]|"
33,12€ / L"|"
8,28 €"
2736|Huile d'olive vierge extra 94% & extrait naturel de citron de menton|La bouteille de 250ml|[Origine : FRANCE, Après décantation et filtration, lors de la mise en bouteille, nous ajoutons quelques écorces de citrons qui apporteront avec le temps juste ce qu'il faut d'amertume., Cette préparation douce amère vous aidera à relever une mayonnaise ou un taboulé, à assaisonner poissons et fruits de mer ou encore des pâtisseries maison., Huile d'olive vierge extra, écorces de citron, extrait naturel de citron de Menton 1% (150 g de fruits frais sont nécessaires à l'aromatisation d'un litre d'huile d'olive)., A conserver à l'abri de la lumière et de la chaleur.]|"
34,88€ / L"|"
8,72 €"
2737|Huile d'olive vierge extra 96%, tomate & extrait naturel de piment d'Espelette|La bouteille de 250ml|[Origine : FRANCE, Cette huile d'olive est obtenue par macération du piment et de tomates séchées et acquière ainsi une belle couleur orangée. Sa saveur relevée ravira les amateurs de cuisine épicée., Elle accompagne naturellement la cuisine basque : piperade, ragoût d'épaule de veau (axoa), poulet en cocotte. Elle relève à merveille une poêlée de gambas et s'utilise pour l'élaboration de fonds de sauce., Huile d'olive vierge extra, tomate séchée, extrait naturel de piment d'Espelette 1,5%, extrait de piment (4 g de piments d'Espelette sont nécessaires à l'aromatisation d'un litre d'huile d'olive)., A conserver à l'abri de la lumière et de la chaleur.]|"
24,80€ / L"|"
6,20 €"
2738|Huile d'olive vierge extra 97% & extrait naturel de truffe du périgord|La bouteille de 250ml|[Origine : FRANCE, La truffe noire est apprécié pour sa puissance aromatique qui en fait une aide culinaire hors du commun., Associé à l'huile d'olive, le précieux champignon dévoile ses arômes délicats sur une pomme de terre cuite à la vapeur, sur une côte de veau à la crème, dans un risotto aux truffes, dans les pâtes ou simplement sur des mouillettes, Huile d'olive vierge extra, arôme naturel truffe, extrait naturel de truffe noire (Tuber melanosporum) 1%, (10 g de truffes sont nécessaires à l'aromatisation d'un litre d'huile d'olive)., A conserver à l'abri de la lumière et de la chaleur.]|"
32,96€ / L"|"
8,24 €"
2739|Huile d'olive vierge extra 98% & extrait naturel de basilic de la Drôme|La bouteille de 250ml|[Origine : FRANCE, La saveur intense du basilic fraîchement cueilli parfume à merveille cette huile d'olive., S'utilise sans modération pour donner un caractère méditerranéen à votre cuisine : salades de tomates et mozzarella, rougets poêlés, gaspacho, pâtes, fromage de chèvre, Huile d'olive vierge extra, basilic, extrait naturel de basilic 1% (140 g de basilic sont nécessaires à l'aromatisation d'un litre d'huile d'olive)., A conserver à l'abri de la lumière et de la chaleur.]|"
36,28€ / L"|"
9,07 €"
2740|Huile d'olive vierge extra mère goutte, biologique, fruité vert|La bouteille de 250ml|[Origine : FRANCE, Cette huile au nez très végétal possède un arôme séduisant d'amande fraîche, d'herbe coupée et de feuilles de tomate. Son ardence caractéristique explique l'agréable sensation de 'poivré' qui domine en fin de bouche., A utiliser à froid en assaisonnement de crudités et en marinade. En finition sur les poissons et les légumes cuits à la vapeur. Conseillée à chaud pour cuire poissons, légumes, viandes à la plancha. Idéale pour la cuisson au wok., Huile d'olive de catégorie supérieure, obtenue directement des olives et uniquement par des procédés mécaniques., A conserver à l'abri de la lumière et de la chaleur.]|"
37,04€ / L"|"
9,26 €"
2741|Huile d'olive vierge extra mère goutte, biologique, fruité vert|La bouteille de 250ml|[Origine : FRANCE, Cette huile au nez très végétal possède un arôme séduisant d'amande fraîche, d'herbe coupée et de feuilles de tomate. Son ardence caractéristique explique l'agréable sensation de 'poivré' qui domine en fin de bouche., A utiliser à froid en assaisonnement de crudités et en marinade. En finition sur les poissons et les légumes cuits à la vapeur. Conseillée à chaud pour cuire poissons, légumes, viandes à la plancha. Idéale pour la cuisson au wok., Huile d'olive de catégorie supérieure, obtenue directement des olives et uniquement par des procédés mécaniques., A conserver à l'abri de la lumière et de la chaleur.]|"
37,04€ / L"|"
9,26 €"
2742|Huile d'olive vierge extra mère goutte Fruité vert|La bouteille de 50cl|[Origine : FRANCE, Cette huile équilibrée possède un arôme séduisant d'agrumes, d'herbe fraîchement coupée et d'herbes aromatiques, avec des nuances florales qui mènent à un bouquet végétal complexe en bouche., Adaptée à une utilisation quotidienne, vous pouvez l'utiliser en assaisonnement de salades et de crudités et pour relever la saveur des légumes et des poissons. Elle est idéale pour cuire à feu doux en cocotte, saisir à la plancha ou rissoler au wok., Huile d'olive de catégorie supérieure, obtenue directement des olives et uniquement par des procédés mécaniques., A conserver à l'abri de la lumière et de la chaleur.]|"
24,70€ / L"|"
12,35 €"
2743|Huile d'olive vierge extra mère goutte selection|La bouteille de 50cl|[Origine : FRANCE, La Mère Goutte Sélection se distingue par la saveur douce du fruit à maturité., Adaptée à une utilisation quotidienne à la poêle, en assaisonnement ou en marinade., Huile d'olive de catégorie supérieure, obtenue directement des olives et uniquement par des procédés mécaniques.]|"
25,76€ / L"|"
12,88 €"
2744|Huile de noisette pour assaisonnement|La bouteille de 250ml|[Origine : FRANCE, Huile végétale pour assaisonnement., Elle convient particulièrement aux salades d'endives, aux avocats et aux tomates en salades. L'huile de noisette trouve également sa place en pâtisserie., Huile de noisette., Bien refermer la bouteille après utilisation et conserver au réfrigérateur une fois ouverte.]|"
26,72€ / L"|"
6,68 €"
2745|Huile vierge de sésame biologique, graines du mali|La bouteille de 250ml|[Origine : FRANCE, Notre huile à la saveur douce est idéale en assaisonnement de salades vertes et de salades composées. Pensez à ajouter quelques gouttes en fin de cuisson sur des légumes sautés ou braisés. Nous vous recommandons de ne pas la cuire., Huile vierge de sésame biologique., A conserver au réfrigérateur après ouverture.]|"
20,16€ / L"|"
5,04 €"
2746|Huile vierge de sésame biologique, graines du mali|La bouteille de 250ml|[Origine : FRANCE, Notre huile à la saveur douce est idéale en assaisonnement de salades vertes et de salades composées. Pensez à ajouter quelques gouttes en fin de cuisson sur des légumes sautés ou braisés. Nous vous recommandons de ne pas la cuire., Huile vierge de sésame biologique., A conserver au réfrigérateur après ouverture.]|"
20,16€ / L"|"
5,04 €"
2747|Preparation pour fondues grillades, huile de pépins de raisins et herbes de provences|Le bocal de 1L|[Origine : FRANCE, Préparation pour fondues et grillades à base d'huile de pépins de raisins et d'herbes de Provence., Retirer les herbes avant de chauffer.]|"
9,92€ / L"|"
9,92 €"
2748|Huile vierge d'avocat|Le flacon de 25cl|[Origine : SUISSE]|"
32,92€ / L"|"
8,23 €"
2749|Huile d'olive vierge extra bio, extrait à froid|La bouteille de 75cl|[Origine : FRANCE, C'est la qualité des olives et du processus de fabrication qui apporte tout le goût subtil et raffiné de cette huile.Notre huile d'olive vierge extrait Bjorg est riche en acides gras insaturés. De plus, elle est obtenue par une extraction à froid (excluant tout traitement chimique et opération de raffinage), une fois ses olives soigneusement récoltées., Huile d'olive de catégorie supérieure obtenue directement des olives et uniquement par des procédés mécaniques., Valeur énergétique en Joules :  3700Kj, Valeur énergétique en Kcal : 885KCal, Glucides : 0g, Lipides : 100g, Protides :0g, A conserver dans un endroit frais et sec.]|"
11,53€ / L"|"
8,65 €"
2750|Huile d'olive vierge extra bio, extrait à froid|La bouteille de 75cl|[Origine : FRANCE, C'est la qualité des olives et du processus de fabrication qui apporte tout le goût subtil et raffiné de cette huile.Notre huile d'olive vierge extrait Bjorg est riche en acides gras insaturés. De plus, elle est obtenue par une extraction à froid (excluant tout traitement chimique et opération de raffinage), une fois ses olives soigneusement récoltées., Huile d'olive de catégorie supérieure obtenue directement des olives et uniquement par des procédés mécaniques., Valeur énergétique en Joules :  3700Kj, Valeur énergétique en Kcal : 885KCal, Glucides : 0g, Lipides : 100g, Protides :0g, A conserver dans un endroit frais et sec.]|"
11,53€ / L"|"
8,65 €"
2751|Huile d'olive vierge extra, 100% italienne, extraite à froid|La bouteille de 75cl|[Origine : FRANCE, Depuis 1893, Carapelli élabore à Florence une huile d'olive vierge extra appréciée pour son goût subtil et délicat qui sublimera tous vos plats., Huile d'olive de catégorie supérieure obtenue directement des olives et uniquement par des procédés mécaniques. Obtenue d'huiles d'olive vierges extra originaires de l'union européenne., A conserver à l'abri de la lumière et de la chaleur.]|"
8,52€ / L"|"
6,39 €"
2752|Huile d'olive vierge extra  delicato  extraite à froid|La bouteille de 75cl|[Origine : ITALIE, Delicato de Carapelli est une huile subtile et douce en bouche qui révèlera le raffinement de vos plats., Huile d'olive vierge extra obtenue d'huiles d'olive vierges extra originaires de l'Union Européenne. Qualité certifiée par CSQA pour ses caractéristiques physico-chimiques et pour ses propriétés notionnelles.]|"
9,68€ / L"|"
7,26 €"
2753|Huile d'olive vierge extra extraite à, froid|La bouteille de 25cl|[Origine : FRANCE, Huile d'olive de catégorie supérieure obtenue directement des olives et uniquement par des procédés mécaniques. Obtenue d'huiles d'olive vierges extra originaires de l'union européenne., A conserver à l'abri de la lumière et de la chaleur.]|"
10,72€ / L"|"
2,68 €"
2754|Huile d'olive vierge extra extraite à froid|La bouteille de 75cl|[Origine : FRANCE, Pour les amateurs d'huile d'olive, Carapelli s'est inspiré des plus anciennes méthodes de fabrication pour vous offrir Il Nobile, une huile d'olive vierge extra riche et harmonieuse. Il Nobile est issue de la partie la plus tendre et noble des olivessélectionnées méticuleusement pour la richesse de leur pulpe. Ce procédé naturel conserve la quintessence du fruit et vous garantit une huile subtile et délicate, avec un très faible taux d'acidité. Délicatement fruité, son goût s'adapte particulièrement aux mets raffinés, aux préparations crues et à toutes les occasions spéciales. Un simple filet d'huile d'olive Il Nobile et vous sublimerez toutes les saveurs de votre cuisine !, Au froid, l'huile d'olive peut former des cristaux blancs. Ce phénomène n'altère en rien sa qualité et disparaît à température ambiante, Huile d'olive de catégorie supérieurs obtenue directement des olives et uniquement per des procédés mécaniques. Obtenue d'huiles d'olive vierges extra originaires de l'union européenne., A CONSERVER A L'ABRI DE LA LUMIERE ET DE LA CHALEUR.]|"
11,80€ / L"|"
8,85 €"
2755|Huile d'olive vierge extra issue de l'agriculture biologique|La bouteille de 75cl|[Origine : FRANCE, Depuis 1893, de nombreuses générations ont travaillé avec passion pour préserver la Tradition des Huiles d'Olive Carapelli. Ainsi la sélection des huiles les plus précieuses a permis d'élaborer ces notes parfumées et ces saveurs si spécifiques. Carapelli Bio est une Huile d'Olive Vierge Extra obtenue de la pression exclusive d'olives biologiques, cultivées et récoltées conformément aux critères de l'agriculture biologique., Délicatement piquante, l'Huile d'Olive Bio Vierge Extra de Carapelli s'adresse aux amateurs d'une cuisine saine et savoureuse. Sa richesse aromatique naturelle s'adapte parfaitement aux salades et marinades, et est idéale pour parfumer délicatement les poissons ou les légumes vapeurs., Valeur énergétique en Joules :  3378kj, Valeur énergétique en Kcal : 822kcal, Glucides : 0g, Lipides : 91,3g, Protides :0g, A conserver à l'abri de la lumière et de la chaleur.]|"
10,15€ / L"|"
7,61 €"
2756|Huile d'olive vierge extra issue de l'agriculture biologique|La bouteille de 75cl|[Origine : FRANCE, Depuis 1893, de nombreuses générations ont travaillé avec passion pour préserver la Tradition des Huiles d'Olive Carapelli. Ainsi la sélection des huiles les plus précieuses a permis d'élaborer ces notes parfumées et ces saveurs si spécifiques. Carapelli Bio est une Huile d'Olive Vierge Extra obtenue de la pression exclusive d'olives biologiques, cultivées et récoltées conformément aux critères de l'agriculture biologique., Délicatement piquante, l'Huile d'Olive Bio Vierge Extra de Carapelli s'adresse aux amateurs d'une cuisine saine et savoureuse. Sa richesse aromatique naturelle s'adapte parfaitement aux salades et marinades, et est idéale pour parfumer délicatement les poissons ou les légumes vapeurs., Valeur énergétique en Joules :  3378kj, Valeur énergétique en Kcal : 822kcal, Glucides : 0g, Lipides : 91,3g, Protides :0g, A conserver à l'abri de la lumière et de la chaleur.]|"
10,15€ / L"|"
7,61 €"
2757|Huile d'olive vierge extra première extraite à froid|La bouteille de 50cl|[Origine : FRANCE, Depuis 1893, Carapelli élabore en Toscane des huiles d'olives vierges extra appréciées pour la délicatesse de leur goût. Il Frantolio est obtenue d'une sélection des meilleures huiles d'olives.Elle vous offre un goût harmonieux et délicatement parfumé qui se marie avec tous types de plats et s'adapte parfaitement à la cuisine de tous les jours., Pour assaisonnement ou cuisson. Au froid, l'huile d'olive peut former des cristaux blancs. Ce phénomène n'altère en rien sa qualité et disparait à température ambiante., Huile d'olive de catégorie supérieure obtenue directement des olives et uniquement par des procédés mécaniques. Obtenue d'huiles d'olive vierges extra originaires de l'union européenne., A conserver à l'abri de la lumière et de la chaleur.]|"
9,04€ / L"|"
4,52 €"
2758|Vivace, huile d'olive vierge extra fruitée, première pression|La bouteille de 0,75L|[Origine : FRANCE, Depuis 1893, Carapelli élabore à Florence des huiles d'olive vierge extra, appréciées pour la délicatesse de leurs goûts. L'huile d'olive vierge extra Vivace est issue d'olives soigneusement sélectionnées en fonction de leur niveau de maturité., D'une belle couleur intense, Vivace vous propose un goût riche et fruité, délicatement piquant pour relever vos plats d'une note légèrement plus puissante. Au froid, l'huile d'olive peut former des cristaux blancs. Ce phénomène n'altère en rien sa qualité et disparaît à température ambiante., Huile d'olive de catégorie supérieure obtenue directement des olives et uniquement par des procédés mécaniques. Obtenue d'huiles d'olive vierges extra originaires de l'union européenne., A conserver à l'abri de la lumière et de la chaleur]|"
10,09€ / L"|"
7,57 €"
2759|Huile d'olive vierge extra, nouvelle récolte|La bouteille de 50cl|[Origine : FRANCE, Huile d'olive de catégorie supérieure obtenue directement des olives et uniquement par des procédés mécaniques., à conserver à l'abri de la lumière et de la chaleur]|"
19,32€ / L"|"
9,66 €"
2760|Huile d'olive de Provence|La bouteille de 500ml|[Origine : FRANCE, Huile d'olive de catégorie supérieure obtenue directement des olives et uniquement par des procédés mécaniques. Une seule pression à froid, Huile d'olive, A conserver à l'abri de la lumière et de la chaleur]|"
38,48€ / L"|"
19,24 €"
2761|Huile d'olive, A.O.C., Aix en Provence, vierge extra|La bouteille de 0,5L|[Origine : FRANCE, Cette huile est pur jus de fruit . Afin de préserver les arômes , elle n'est pas filtrée , ce qui peut engendrer un léger dépôt . De par ses critères analytiques exceptionnels , elle peut se solidifier autoour de 14°C  ,  mais reprendra sa consistance liquide à une température plus élevée . Cela n'altére en rien son goût ., Huile d'olive vierge extra., A conserver à l'abri de la lumière , de la chaleur et de l'oxygène.]|"
31,48€ / L"|"
15,74 €"
2762|Spécial friture, huile végétale, sans mauvaise odeur|La bouteille de 1L|[Origine : FRANCE, Frit croustillant et léger., Température maximum conseillée 180°. Introduire les aliments doucement quand l'huile est à bonne température. Renouveler la totalité du bain après 10 fritures. Evitez les ajouts d'huile dans un bain usé., Huile de tournesol , Huile de Colza, Huile essentielle de Coriandre, Oléisol (Huile de tournesol à haute teneur en Oléique), Valeur énergétique en Joules :  3700, Valeur énergétique en Kcal : 900, Lipides : 100, Utilisation : La formule Frial permet d'obtenir des fritures sans mauvaises odeurs, synonyme de convivialité et de plaisir. Frial est particulièrement recommandée pour être utilisée en friteuse et à la poêle. Il est possible de réaliser des frites, beignets salés et sucrés en veillant à ne pas dépasser la température maximale conseillée de 180 C en renouvelant totalement le bain après 10 fritures.]|"
3,46€ / L"|"
3,46 €"
2763|Huile végétale pour friture et assaisonnnement, riche en omega 3 et 6|La bouteille de 1L|[Origine : FRANCE, Fruit d'Or vous permet de concilier le plaisir d'une cuisine savoureuse et le bien-être d'une alimentation équilibrée.Elle est naturellement riche en vitamine E, reconnue pour son action protectrice et antioxydante, et en oméga 3 et 6, deux acides gras essentiels à votre corps. Profitez chaque jour de ses bienfaits !, En friture : température maximale recommandée : 180°C. Introduire les aliments doucement lorsque l'huile est à bonne température. Renouveler la totalité du bain après 10 fritures., huile de Tournesol (60%), huile de colza.]|"
3,20€ / L"|"
3,20 €"
2764|Huile vierge d'argan|Le flacon de 250ml|[Origine : FRANCE, 100% huile vierge d'argan biologique]|"
59,48€ / L"|"
14,87 €"
2765|Huile vierge d'argan|Le flacon de 250ml|[Origine : FRANCE, 100% huile vierge d'argan biologique]|"
59,48€ / L"|"
14,87 €"
2766|Huile vierge de noix de coco bio|Le bocal de 314ml|[Origine : FRANCE, Extraite de la pulpe dans les quatre jours suivant la récolte, l'huile vierge de noix de coco biologique La Tourangelle participe à vos défenses naturelles., 100% huile vierge de noix de coco bio]|"
23,11€ / Kg"|"
6,68 €"
2767|Huile vierge de noix de coco bio|Le bocal de 314ml|[Origine : FRANCE, Extraite de la pulpe dans les quatre jours suivant la récolte, l'huile vierge de noix de coco biologique La Tourangelle participe à vos défenses naturelles., 100% huile vierge de noix de coco bio]|"
23,11€ / Kg"|"
6,68 €"
2768|Vinaigre balsamique de Modène|La bouteille de 50cl|[Origine : FRANCE, Le goût si particulier du vinaigre balsamique de Modène est tellement apprécié qu'il remplacera avantageusement votre condiment habituel dans toutes vos préparations froides et chaudes., Vinaigre de vin , môut de raisin concentré ?môut de riasin cuit , colorant : E150d , conservateur : disulfite de potassium., Conserver à l'abri de la chaleur et de l'humidité]|"
6,94€ / L"|"
3,47 €"
2769|Vinaigre balsamique de Modène, 6% d'acidité|La bouteille de 25cl|[Origine : FRANCE, Le goût si particulier du vinaigre balsamique de Modène est tellement apprécié qu'il remplacera avantageusement votre condiment habituel dans toutes vos préparations froides ou chaudes., Vinaigre de vin, moût de raisin concentré, moût de raisin cuit, colorant : E150d, conservateur : disulfite de potassium., A conserver à l'abri de la chaleur et de l'humidité.]|"
9,40€ / L"|"
2,35 €"
2770|Vinaigre de cidre|La bouteille de 50cl|[Origine : FRANCE, Monoprix a sélectionné pour vous, avec des entreprises partenaires, des produits issus de l'agriculture biologique. Leurs modes de production et de transformation sont contrôlés et certifiés par un organisme indépendant conformément à la réglementation en vigueur. Les producteurs emploient des  fertilisants respectueux de l'environnement et pratiquent la rotation des cultures afin de garder des sols vivants et une fertilité durable., Vous pourrez utiliser ce vinaigre de cidre pour réaliser des sauces vinaigrettes savoureuses., Vinaigre de cidre issu de l'agriculture biologique., A conserver à température ambiante.]|"
4,34€ / L"|"
2,17 €"
2771|Vinaigre de cidre|La bouteille de 50cl|[Origine : FRANCE, Monoprix a sélectionné pour vous, avec des entreprises partenaires, des produits issus de l'agriculture biologique. Leurs modes de production et de transformation sont contrôlés et certifiés par un organisme indépendant conformément à la réglementation en vigueur. Les producteurs emploient des  fertilisants respectueux de l'environnement et pratiquent la rotation des cultures afin de garder des sols vivants et une fertilité durable., Vous pourrez utiliser ce vinaigre de cidre pour réaliser des sauces vinaigrettes savoureuses., Vinaigre de cidre issu de l'agriculture biologique., A conserver à température ambiante.]|"
4,34€ / L"|"
2,17 €"
2772|Vinaigre de cidre de Normandie|La bouteille de 75cl|[Origine : FRANCE, Monoprix a sélectionné une gamme de vinaigres typés qui accompagneront vos plats selon vos envies. Le délicat bouquet et la légère acidité de ce vinaigre de cidre de Normandie sont parfaits pour la salade d'endive., Vinaigre de cidre de Normandie (contient des sulfites et des protéines de lait ).]|"
1,47€ / L"|"
1,10 €"
2773|Vinaigre de jerez reserva, vieilli en fût de chêne|La bouteille de 25cl|[Origine : FRANCE, A conserver à température ambiante., Vinaigre de xérès.Contient des sulfites.]|"
7,20€ / L"|"
1,80 €"
2774|Vinaigre de vin élevé en fût de chêne|La bouteille de 75cl|[Origine : FRANCE, Monoprix a sélectionné une gamme de vinaigres typés qui accompagneront vos plats selon vos envies. Par son bouquet subtil et relevé, ce vinaigre de vin élevé en fût de chêne pendant 2 mois accompagne idéalement vos préparations de sauces et l'assaisonnement de toutes vos salades., Vinaigre de vin rouge . Contient des sulfites.]|"
1,41€ / L"|"
1,06 €"
2775|Vinaigre de vin vieilli 12 mois en fût de chêne, souple et puissant|La bouteille de 25cl|[Origine : FRANCE, Vinaigre de vin rouge, conservateurs : bisulfite de sodium. 7% d'acidité., A conserver à température ambiante.]|"
4,44€ / L"|"
1,11 €"
2776|Vinaigre exquis aromatique et doux|La bouteille de 25cl|[Origine : FRANCE, Vinaigre de Xérès, vinaigre balsamique (vinaigre de vin, moût de raisin, colorant : E150d) , vinaigre de vin rouge, épiées 0,1%. Contient des sulfites, A conserver à température ambiante]|"
7,64€ / L"|"
1,91 €"
2777|Vinaigre vin blanc aux framboises|La bouteille de 25cl|[Origine : FRANCE, A conserver à température ambiante., Vinaigre de vin blanc ,framboises 20%.Contient des sulfites.]|"
9,12€ / L"|"
2,28 €"
2778|Préparation à base de vinaigre et de pulpe de figue|La bouteille de 25cl|[Origine : FRANCE, Parfait en assaisonnement de salades de caractère : mesclun, roquette, mâche. Utilisez ce vinaigre pour déglacer des figues fraîches., Vinaigre d'alcool 8° (43%), pulpe de figue (40%), sucre cristal, pectine de pomme., Après ouverture, bien reboucher et conserver au réfrigérateur.]|"
28,04€ / L"|"
7,01 €"
2779|Préparation à base de vinaigre et de pulpe de framboise|La bouteille de 25cl|[Origine : FRANCE, S'utilise pour déglacer une escalope de foie gras, un magret de canard ou un foie de veau. A utiliser aussi en assaisonnement., Vinaigre d'alcool 8° (43%), pulpe de framboise (40%), sucre cristal, pectine de pomme., Après ouverture, bien reboucher et conserver au réfrigérateur.]|"
30,52€ / L"|"
7,63 €"
2780|Préparation à base de vinaigre et de pulpe de fruit de la passion|La bouteille de 25cl|[Origine : FRANCE, Accompagne les poissons et en particulier le carpaccio de saumon. Vous pouvez également l'utiliser pour déglacer une poêlée de langoustines ou pour relever une salade gourmande à base de germes de soja, crevettes, gingembre et huile d'olive à la menthe., Vinaigre d'alcool 8° (43%), pulpe de fruit de la passion (40%), sucre cristal, pectine de pomme., Après ouverture, bien reboucher et conserver au réfrigérateur.]|"
27,04€ / L"|"
6,76 €"
2781|Vinaigre balsamique|La bouteille avec pulvérisateur de 20cl|[Origine : FRANCE, Fabriqué à Modène au coeur du triangle d'or de la gastronomie italienne, notre vinaigre balsamique combine l'acidité du vinaigre de vin et la douceur des moûts de raisin cuits. Il révèle tout son goût, unique et délicieux, en assaisonnement de salades vertes et de crudités et en accompagnement de légumes, grillés ou cuits à la vapeur., Nous avons équipé notre bouteille d'un pulvérisateur afin de permettre une meilleure maîtrise du dosage.]|"
32,80€ / L"|"
6,56 €"
2782|Vinaigre de vin élevé en fût de chêne,|La bouteille de 75cl|[Origine : FRANCE, Elevé en fût de chêne pendant au moins 2 mois, ce vinaigre de vin Amora a été élaboré à partir de vins issus de territoires réputés pour la qualité de leur cépage., Elaboré par les vinaigriers d'Amora et mis en bouteille en Bourgogne, il relèvera toutes vos salades, marinades et viandes., Vinaigre de vin, conservateur : E224 (sulfites), stabilisant : E414.]|"
2,19€ / L"|"
1,64 €"
2783|Vinaigre Cristal|La bouteille de 1L|[Origine : FRANCE, Vinaigre d'alcool. Acidité 8%., A conserver à température ambiante.]|"
0,50€ / L"|"
0,50 €"
2784|Balsamique blanc|La bouteille de 25cl|[Origine : FRANCE, Vinaigre de vin , jus de raisin concentré, moût de raisin, conservateur (220) sulfites]|"
12,92€ / L"|"
3,23 €"
2785|Spécialité aux vinaigre et au jus d'agrumes|La bouteille de 25cl|[Origine : FRANCE, Le velours de vinaigre aux agrumes est une création exclusive Maille aux arômes intenses d'agrumes et à la texture délicatement veloutée., Le dépôt qui peut se former est naturel et n'altère en rien la qualité de votre produit., Vinaigre de vin blanc 29%, eau, jus d'orange concentré 18%, vinaigre d'alcool 9%, jus de raisin concentré, jus de mandarine concentré 5%, sirop de glucose fructose, moût de raisin, jus de citron concentré 1%, amidon modifié, stabilisant : gomme xanthane, arôme, conservateur E224 (sulfites)., Valeur énergétique en Joules :  640kj, Valeur énergétique en Kcal : 150kcal, Glucides : 36g, Lipides : >0,5g, Protides :1g, A conserver au réfrigérateur après ouverture et à consommer dans les 2 mois qui suivent l'ouverture.]|"
17,16€ / Kg"|"
4,72 €"
2786|Vinaigre, velours de balsamique|La bouteille de 25cl|[Origine : FRANCE, Velours de Balsamique est une création exclusive Maille aux arômes intenses et à la texture veloutée.A chaud comme à froid, versez-le directement sur vos crudités, légumes, viandes, poissons, pâtes et même desserts pour leur donner un goût unique. C'est un délice., Versez puis dégustez., Vinaigre balsamique de Molène (vinaigre de vin, moûts de raisin cuit et concentré, colorant: E150d): 60%, moûts de raisin cuit et concentré, eau, épaississants: E1422, E415, conservateur: E220 (sulfites). 3,3% d'acidité., Afin que votre produit délivre tout son arôme, consommez-le de préférence dans les 2 mois après ouverture. Le dépôt qui peut se former est naturel et n'altère en rien la qualité de votre produit.]|"
21,12€ / L"|"
5,28 €"
2789|Vinaigre balsamique de Modène|La bouteille de 50cl|[Origine : FRANCE, Le vinaigre balsamique de la région de Modène est le fruit d'un vin vieux et de moût de raison. Doux et délicatement fruité, il est idéal pour les salades, crudités, légumes vapeur ou sauces., Vinaigre de vin, moût de raisin cuit, colorant : caramel (E150d), conservateur : E224 (sulfites)., A consommer de préférence dans les 6 mois après ouverture.]|"
9,46€ / L"|"
4,73 €"
2790|Vinaigre de cidre adouci au jus de pomme, grande cuvée|La bouteille de 50cl|[Origine : FRANCE, Mariage de vinaigre de cidre et de jus de pomme, le vinaigre de cidre Grande Cuvée Maille est un vinaigre d'exception dont l'arôme est riche et fruité. Maître vinaigrier depuis plus de 250 ans, Maille veille à la sélection rigoureuse des meilleurs ingrédients et au parfait équilibre de ses recettes., Le dépôt qui peut se former est naturel et n'altère en rien la qualité de votre produit., Consommez-le dans les 6 mois après ouverture.]|"
5,34€ / L"|"
2,67 €"
2791|Vinaigre de vin adouci au raisin|La bouteille de 50cl|[Origine : FRANCE, vieilli en fûts de chêne pendant 12 mois, le vinaigre de vin Grande Cuvée Maille offre une saveur ronde et généreuse, obtenue par l'ajout de moût de raisin.Maître Vinaigrier depuis plus de 250 ans. Maille veille à la sélection rigoureuse des meilleurs ingrédients et au parfait équilibre de ses recettes., Afin que votre vinaigre délivre tout son arôme, consommez-le de préférence dans les 6 mois après ouverture. Le dépôt qui peut se former est naturel et n'altère en rien de la qualité de votre produit.]|"
5,54€ / L"|"
2,77 €"
2792|Vinaigre de vin aromatisé noix|La bouteille de 50cl|[Origine : FRANCE, La saveur fraîche et légèrement boisée du vinaigre de vin aromatisé Noix Maille est idéale pour vos salades, terrines et farces.Maître vinaigrier depuis plus de 250 ans, Maille veille à la sélection rigoureuse des meilleurs ingrédients et au parfaitéquilibre de ses recettes., Vinaigre de vin blanc, arôme (dont caféine 0,03%). Conservateur : E224 (sulfieten)., Afin que votre vinaigre délivre tout son arôme, consommez le de préférence dans les 6 mois après ouverture.]|"
4,44€ / L"|"
2,22 €"
2793|Vinaigre de Xérès d'andalousie, Réserve|La bouteille de 50cl|[Origine : FRANCE, Le vinaigre de Xérès réserve Maille est élaboré et vieilli dans le respect de la tradition andalouse de la Solera., Son goût madérisé est idéal pour les salades gourmandes et les déglaçages. Le dépôt qui peut se former est naturel et n'altère en rien la qualité de votre produit., Vinaigre de Xérès, conservateur : E224 (sulfites)., Consommez-le dans les 6 mois après ouverture.]|"
7,28€ / L"|"
3,64 €"
2794|Vinaigrette balsamique de modene|La bouteille de 25cl|[Origine : FRANCE, Le vinaigre balsamique Maille de la région de Modène est le fruit d'un vin vieux et de moût de raisin., Doux et délicatement fruité, il est idéal pour les salades, crudités, légumes vapeurs ou sauces pour viande., Afin que votre vinaigre délivre tout son arôme, consommez le de préférence dans les 6 mois après ouverture. Le dépôt qui peut se former est naturel et n'altère en rien la qualité de votre produit.]|"
13,16€ / L"|"
3,29 €"
2795|Original, condiment pour vinaigrettes, salades, crudités, aromatisé au miel et à l'infusion de plantes, spécialité d'Alsace|La bouteille de 1L|[Origine : FRANCE, Plus doux que le vinaigre., Vinaigre d'alcool, eau, miel, infusion de plantes, colorant : caramel (E150c), conservateur : disulfite de potassium.]|"
1,40€ / L"|"
1,40 €"
2796|Vinaigre aromatisé au miel et à l'infusion de plantes|Le bouteille de 50cl|[Origine : FRANCE, Vinaigre d'alcool . Eau. Miel toutes fleurs. Infusion de plantes. Aromes naturels : basilic / menthe, jus de citron. Colorant caramel E150C. Conservateur : bisulfite de potassium., Valeur énergétique en Joules :  98, Valeur énergétique en Kcal : 23, Glucides : 0.5]|"
2,00€ / L"|"
1,00 €"
2797|Balsic glaze, crème de vinaigre balsamique de Modène|Le flacon de 250ml|[Origine : FRANCE, Jus de raisin concentré, vinaigre balsamique de Modène 35% (vinaigre de vin, moût de raisin concentré, colorant E150d), sirop de glucose-fructose, vinaigre de vin, colorant E150d, amidon modifié. Contient des sulfites.]|"
24,36€ / L"|"
6,09 €"
2798|Vinaigre d'alcool coloré|La bouteille de 1 litre|[Origine : FRANCE, Valeur énergétique en Joules :  87kj, Valeur énergétique en Kcal : 20kcal, Glucides : 0g, Protides :0,1g]|"
0,34€ / L"|"
0,34 €"
2799|Sublime vinaigre balsamique de Modena vieilli en fûts de chêne|La bouteille de 250ml|[Origine : FRANCE, Velouté, doux et aigre à la fois, il a une saveur douce et harmonieuse, un arôme intense et délicat qui font de lui un vinaigre avec des notes aromatiques exceptionnelles., Apprécié et renommé dans le monde entier, utilisez-le selon votre goût, et dégustez-le comme les italiens sur des morceaux de parmesan ou sur des fraises fraîches., Moût de raisin cuit, vinaigre de vin, colorant : caramel (E150d), antioxydant (sulfites). Acidité (exprimé en acide acétique) : 6%.]|"
46,04€ / L"|"
11,51 €"
2800|Vinaigre balsamique de Modène|La bouteille de 0,5L|[Origine : FRANCE, Bouteille dotée d'un système anti-goutte., Idéal pour agrémenter salades, légumes et viandes et pour confectionner des vinaigrettes et autres préparations culinaires., Vinaigre balsamique de Modène. Contient naturellement des sulfites., A conserver dans un endroit sec, à l'abri de la lumière et des sources de chaleur.]|"
7,50€ / L"|"
3,75 €"
2801|Sauce crudités nature|La bouteille de 500ml|[Origine : FRANCE, Facilitez-vous la vie avec catte savoureuse recette qui vous étonnera par son gôut doux et sa texture onctueuse. Cette sauce crudités nature est idéale pour accompagner vos salades et crudités au quotidien., Eau,huile de tournesol,vinaigres d'alcool et de vin blanc 6,1% (dont lait),sucre,sel,jaune d'oeufs,moutarde de Dijon( eau,graines de moutarde,vinaigre d'alcool,sel,conservateur:disulfite de potassium,acidifiant:acide citrique),amidon transformé de pomme de terre,jus de citron concentré,lait entier en poudre,épaississant:gomme xanthane,acidifiant:acide lactique,conservateur:sorbate de potassium,arômes,poivre., Valeur énergétique en Joules :  1585Kj, Valeur énergétique en Kcal : 385KCal, Glucides : 4,7g, Lipides : 40g, Protides :1,5g, A conserver au réfrigérateur aprés ouverture et à consommer dans le mois qui suit.]|"
2,76€ / L"|"
1,38 €"
2802|Vinaigrette à la moutarde à l'ancienne|La bouteille de 500ml|[Origine : FRANCE, Savoureuse et légère, la vinaigrette MONOPRIX a 3 fois moins de matières grasses qu'une vinaigrette classique (2850kj / 680kcal pour 100g) soit 25% d'huile contre 75% pour une vinaigrette classique. Pour varier vos assaisonnements, les vinaigrettes allégées MONOPRIX existent aussi nature ou aux herbes., Bien agiter avant l'utilisation., Eau, huile de tournesol 25%, vinaigres de vin rouge et de vin blanc (dont lait et sulfites), moutarde à l'ancienne 6% (eau, graines de moutarde, vinaigre d'alcool, vinaigre de vin blanc (dont lait), sel, sucre, conservateur : disulfite de potassium,acidifiant : acide citrique), moutarde de Dijon (eau, graines de moutarde, vinaigre d'alcool, sel, conservateur : disulfite de potassium, acidifiant : acide citrique), sel, amidon transformé de pomme de terre, sucre, épaississant : gomme xanthane, jus de citron concentré, colorants : béta carotène, arôme moutarde., Valeur énergétique en Joules :  996kj, Valeur énergétique en Kcal : 242kcal, Glucides : 1,1g, Lipides : 26g, Protides :0,9g, A conserver au réfrigérateur après ouverture et à consommer dans le mois qui suit.]|"
3,34€ / L"|"
1,67 €"
2803|Vinaigrette allégée, vinaigre balsamique et huile d'olive vierge extra, note de basilic|La bouteille de 25cl|[Origine : FRANCE, Secouer avant utilisation, idéale pour les salades et marinades., Vinaigre balsamique de Modène 40% (vinaigre de vin, moût de raisin concentré, antioxygène: anhydride sulfureux), huile de soja 31%, eau, huile d'olive vierge extra 6%, miel, arôme naturel basilic, arôme naturel oignon, arôme naturel poivre, antioxygènes: disulfite de potassium., Valeur énergétique en Joules :  1553Kj, Valeur énergétique en Kcal : 376Kcal, Glucides : 10,4g, Lipides : 37g, Protides :0,4g, A conserver à l'abri de la lumière et de la chaleur. Après ouverture, à conserver 1 mois au réfrigérateur.]|"
8,76€ / L"|"
2,19 €"
2804|Vinaigrette aux fines herbes|La bouteille de 500ml|[Origine : FRANCE, Savoureuse et légère, la vinaigrette Monoprix a 3 fois moins de matières grasses qu'une vinaigrette classique., Eau,huile de tournesol 25%,vinaigres d'alcool et de vin blanc(dont lait),moutarde de dijon(eau,graines de moutarde,vinaigre d'alcool,sel,conservateur:disulfite de potassium,acidifiant:acide citrique),fines herbes 2,5%(estragon,cerfeuil,persil),sel,amidon tranformé de pomme de terre,sucre,jus de citron concentré,épaississant:gomme xanthane,colorant:béta carotène,arômes,poivre., Valeur énergétique en Joules :  983kj, Valeur énergétique en Kcal : 239kcal, Glucides : 0,6g, Lipides : 26g, Protides :0,6g, A conserver au frais au réfrégérateur après ouverture et à consommer dans le mois qui suit ..]|"
2,32€ / L"|"
1,16 €"
2805|12 vinaigrettes à l'huile d'olive et au vinaigre balsamique,     nature, citron, basilic|La boite de 12 flaconnettes de 20ml|[Origine : FRANCE]|"
35,55€ / L"|"
7,11 €"
2806|Figue-argan, riche en oméga 3|Le flacon souple de 250ml|[Origine : FRANCE, Essayez dans des salades vertes ou dans des salades composées : tomates, poivrons, oignon, persil et pignons de pin / mâche, gésiers, échalote, fromage de brebis et noix / cresson et toasts de foie gras., Huile de colza, vinaigre à la pulpe de figue 40% (vinaigre d'alcool, pulpe de figue 43%, sucre cristal, pectine de pomme), huile vierge d'argan 10%, condiment à la figue et au vinaigre balsamique (figue, sucre de canne, vinaigre balsamique, épices),oeuf, stabilisants : gommes de xanthane et de guar., Valeur énergétique en Joules :  2220kj, Valeur énergétique en Kcal : 540kcal, Glucides : 12g, Lipides : 55g, Protides :traces, Après utilisation, bien reboucher et conserver au réfrigérateur.]|"
22,60€ / L"|"
5,65 €"
2807|Huile d'olive 75%, vinaigre balsamique et arôme truffe|La bouteille de 20cl|[Origine : FRANCE, Bien agiter la bouteille avant utilisation. En assaisonnement d'une salade de pommes de terre, d'une salade de riz ou d'une salade gourmande à base de foie gras et de filets de canard fumés., Huile d'olive vierge extra 75%, vinaigre balsamique de Modène 23% (vinaigre de vin 6°, moût de raisin cuit, caramel E150d), arôme naturel de truffe 2%. Contient des sulfites., Consommer rapidement après ouverture. Une pellicule blanche est susceptible de se former entre l'huile et le vinaigre. Il s'agit d'un phénomène normal qui n'altère pas la qualité du produit.]|"
29,70€ / L"|"
5,94 €"
2808|Huile d'olive 75%, vinaigre balsamique et basilic|La bouteille de 20cl|[Origine : FRANCE, Bien agiter la bouteille avant utilisation. Convient pour parfumer une salade de tomates ou de poivrons grillés, un fromage de tête, une salade froide de pâtes, une salade de rougets., Huile d'olive vierge extra 75%, vinaigre balsamique 24% (vinaigre de vin, moût de raisin cuit, caramel E150d), extrait naturel de basilic 1%. Contient des sulfites., Consommer rapidement après ouverture. Une pellicule blanche est susceptible de se former entre l'huile et le vinaigre. Il s'agit d'un phénomène normal qui n'altère pas la qualité du produit.]|"
31,20€ / L"|"
6,24 €"
2809|Huile d'olive 75%, vinaigre balsamique et citron|La bouteille de 20cl|[Origine : FRANCE, Bien agiter la bouteille avant utilisation. Parfaite avec les salades de crevettes, le taboulé et les salades à base de volaille. Convient également à l'assaisonnement des salades vertes., Huile d'olive vierge extra 75%, vinaigre balsamique de Modène 24% (vinaigre de vin 6°, moût de raisin cuit, caramel E150d), extrait naturel de citron 1%. Contient des sulfites., Consommer rapidement après ouverture. Une pellicule blanche est susceptible de se former entre l'huile et le vinaigre. Il s'agit d'un phénomène normal qui n'altère pas la qualité du produit.]|"
29,45€ / L"|"
5,89 €"
2810|Huile d'olive 75% et vinaigre balsamique|La bouteille de 20cl|[Origine : FRANCE, Bien agiter la bouteille avant utilisation. Convient à l'assaisonnement des crudités et aux salades méditerranéennes., Huile d'olive vierge extra 75%, vinaigre balsamique 25% (vinaigre de vin, moût de raisin cuit, caramel E150d). Contient des sulfites., Consommer rapidement après ouverture. Une pellicule blanche est susceptible de se former entre l'huile et le vinaigre. Il s'agit d'un phénomène normal qui n'altère pas la qualité du produit.]|"
27,20€ / L"|"
5,44 €"
2811|Passion-gingembre, riche en oméga 3|Le flacon souple de 250ml|[Origine : FRANCE, Elle relève finement la chicorée à feuilles rouges ou la laitue iceberg et apporte une touche de chef aux salades vertes accompagnées de fruits exotiques, de volaille ou de fruits de mer., Vinaigre à la pulpe de fruit de la passion 43,4% (vinaigre d'alcool, pulpe de fruit de la passion 43%, sucre cristal, pectine de pomme), huile de colza, huile d'olive vierge extra 23%, oeuf, extrait naturel de gingembre 1%, extrait naturel de poivre1%, stabilisants : gomme de xanthane et de guar., Valeur énergétique en Joules :  2196kj, Valeur énergétique en Kcal : 541kcal, Glucides : 11g, Lipides : 55g, Protides :traces, Après utilisation, bien reboucher et conserver au réfrigérateur.]|"
22,60€ / L"|"
5,65 €"
2812|Poivron, ail-romarin, riche en oméga 3|La flacon souple de 250ml|[Origine : FRANCE, Assaisonne parfaitement les salades de tomates, les concombres, les petits artichauts violets, les champignons crus et les betteraves. A essayer dans une Caesar salad., Vinaigre à la pulpe de poivron 43,4% (vinaigre d'alcool, pulpe de poivron 42,5%, sucre cristal, pectine de pomme, piment d'Espelette 0,6%, sel), huile d'olive vierge extra 28%, huile de colza, oeuf, extrait naturel d'ail 1%, extrait naturel de romarin 1%, stabilisants : gommes de xanthane et de guar., Valeur énergétique en Joules :  2153kj, Valeur énergétique en Kcal : 531kcal, Glucides : 11g, Lipides : 55g, Protides :traces, Après utilisation, bien reboucher et conserver au réfrigérateur.]|"
22,60€ / L"|"
5,65 €"
2813|Tomate-basilic, riche en oméga 3|Le flacon souple de 250ml|[Origine : FRANCE, Convient aux salades de caractères, telles que la romaine, la roquette et le mesclun. Remplace avantageusement la mayonnaise avec des crevettes en salades. A essayer avec des asperges tièdes., Vinaigre à la pulpe de tomate 43,4% (vinaigre d'alcool, pulpe de tomate 40%, sucre cristal, pectine de pomme, huile végétale, ail, oignon, amidon de maïs modifié, sel), huile de colza, huile d'olive vierge extra 24%, oeuf, extrait naturel de basilic1%, stabilisants : gommes de xanthane et de guar., Valeur énergétique en Joules :  2156kj, Valeur énergétique en Kcal : 524kcal, Glucides : 7g, Lipides : 55g, Protides :traces, Après utilisation, bien reboucher et conserver au réfrigérateur.]|"
22,60€ / L"|"
5,65 €"
2814|Les sauces crudités, crudités nature, extra légère, douce & onctueuse,|Le flacon de 45cl|[Origine : FRANCE, Vinaigre, huile de Colza : 12%, crème fraîche : 10%, sucre, épaississants : E1442, E405 et E415, sel, lait écrémé en poudre, jaune d'oeuf, jus de citron concentré, acidifiant : acide lactique, oignon, conservateur : E202, moutarde (eau, graines de moutarde, vinaigre, sel, acidifiant : acide citrique), antioxydant : E306 (contient arachide et soja), ciboulette, arôme., A consommer de préférence dans le mois qui suit l'ouverture.;A conserver au réfrigérateur après ouverture.]|"
5,04€ / L"|"
2,27 €"
2815|Sauce crudités bulgare, citron ciboulette|Le flacon de 290ml|[Origine : FRANCE, Une texture légère et onctueuse idéale pour toutes vos crudités et salades., Servez la sur vos pâtes, sur un poisson ou sur des pommes de terre chaudes cela se marie parfaitement., Huile de tournesol 28%, eau, lait fermenté, jus de citron (à base de concentré) 7,5%, vinaigre, sucre, ciboulette 3%, sel, épaississants E1422, gomme xanthane, zestes de citron 0,5%, jaune d'oeuf, conservateur E202, arôme, antioxygène E385., Valeur énergétique en Joules :  1150kj, Valeur énergétique en Kcal : 278kcal, Glucides : 6,1g, Lipides : 5,4g, Protides :1,2g, A conserver au réfrigérateur après ouverture. A consommer dans le mois qui suit l'ouverture.]|"
7,79€ / L"|"
2,26 €"
2816|Sauce crudités bulgare, concombre, ail aneth|Le flacon de 290ml|[Origine : FRANCE, Retrouvez tout le bon goût frais et velouté d'une sauce recette bulgare. Une texture légère et onctueuse idéale pour toutes vos crudités et salades., Servez la sur vos pâtes, sur un poisson ou sur des pommes de terre chaudes., Eau, huile de tournesol 28%, lait fermenté, vinaigre, jus de citron à base de concentré), sucre, concombre 2%, sel, épaississants E1422, gomme xanthane, aneth 1%, ail 0,7%, jaune d'oeuf, conservateur E202, antioxygène E385., Valeur énergétique en Joules :  1150lk, Valeur énergétique en Kcal : 278kcal, Glucides : 6,2g, Lipides : 27,7g, Protides :1,2g, A consommer dans le mois qui suit l'ouverture. A conserver au réfrigérateur après ouverture.]|"
7,83€ / L"|"
2,27 €"
2817|Vinaigrette Moutarde Légère|Le flacon de 450ml|[Origine : FRANCE, Eau, huiles végétales : 25%, vinaigre de vin rouge, sel, sucre, amidon modifié, sons de moutarde et moutarde 0,7%, épaississant : gomme xanthane, protéines de lait, jus de citron concentré, arômes, colorants : lutéine (extrait de tagète), extraits concentrés de pomme et d'hibiscus. Sans conservateur ni colorant artificiel., Valeur énergétique en Joules :  1100 kJ, Valeur énergétique en Kcal : 260 kcal, Glucides : 4.5g, Lipides : 26g, Protides :0.2g, A conserver au réfrigérateur après ouverture et à consommer dans le mois qui suit l'ouverture.]|"
4,27€ / L"|"
1,92 €"
2818|Sauce crudités nature, bouchon verseur|La bouteille de 290g|[Origine : FRANCE, Avec la sauce crudités de Bénédicta, apportez une touche de gourmandise et de finesse en accompagnement de vos assiettes de crudités et salades composées.Grâce à sa texture onctueuse, vous pourrez aussi varier les plaisirs en agrémentant les viandesfroides, les légumes vapeurs ainsi que des sandwichs chauds ou froids, Avant toute utilisation : retirez l'opercule, refermez le bouchon, agitez avant l'emploi. Grâce à sa texture onctueuse, vous pourrez aussi varier les plaisirs en agrémentant les viandes froides, les légumes vapeurs ainsi que des sandwichs chauds ou froids, Eau, huile végétale, lait fermenté, vinaigre de vin blanc, moutarde de Dijon (eau, graines de moutarde, vinaigre d'alcool, sel), vinaigre d'alcool, sucre, sel, jaunes d'oeufs, amidon transformé, stabilisants : gomme xanthane, pectine., Valeur énergétique en Joules :  1180Kj, Valeur énergétique en Kcal : 282KCal, Glucides : 4,4g, Lipides : 29,5g, Protides :0,9g, Se conserve 1 mois au réfrigérateur après ouverture.]|"
5,76€ / Kg"|"
1,67 €"
2819|Sauce salade huile d'olive et pointe de basilic|Le flacon de 290g|[Origine : FRANCE, Ce mariage de saveurs, dans la pure tradition méditerranéenne, vous fera retrouver la richesse et la subtilité de l'huile d'olive délicatement relevée d'une pointe de basilic., Avant la première utilisation : retirez l'opercule, refermez le bouchon, agitez avant emploi et à chaque utilisation., Eau, huile de colza, vinaigre d'alcool, sucre, concentrÍ de tomates, ail, huile d'olive (1.5%), basilic (0.4%), thym, jaunes d'oeuf, sel, amidon transformÍ, ar«mes, Ípaississant (gomme xanthane) acidifiant (acide lactique), conservateur (sorbate de potassium), Valeur énergétique en Joules :  1092kj, Valeur énergétique en Kcal : 265kcal, Glucides : 5,5g, Lipides : 26g, Protides :0,4g, Se conserve un mois au réfrigérateur après ouverture.]|"
6,21€ / Kg"|"
1,80 €"
2820|Sauce salade moutarde à l'ancienne et pointe d'échalotte|Le flacon de 290g|[Origine : FRANCE, Un équilibre de saveurs pour réveiller délicieusement vos papilles et embellir vos créations quotidiennes., Avant la première utilisation : retirez l'opercule, refermez le bouchon, agitez avant emploi et à chaque utilisation., Eau, huile de colza, moutarde Å l'ancienne (5%) et de Dijon, vinaigre d'alcool, sucre, jaunes d'oeufs, Íchalote (0.9%), poivre, sel, amidon transformÍ, Ípaississant (gomme xanthane), ar«mes, colorant (b²ta-carotÈne), conservateur (sorbate de potassium), Valeur énergétique en Joules :  1169kj, Valeur énergétique en Kcal : 284kcal, Glucides : 3,8g, Lipides : 29,3g, Protides :0,8g, Se conserve un mois au réfrigérateur après ouverture.]|"
5,76€ / Kg"|"
1,67 €"
2821|Vinaigrette légère vinaigre balsamique & saveur basilic|Le flacon de 450ml|[Origine : FRANCE, Une vinaigrette savoureuse & équilibrée élaborée avec de l'huile ISIO 4., Huile Isio 4 (37%) (huile de colza, de tournesol à haute teneur en acide oléique de tournesol, de pépins de raisin, huile essentielle de coriandre, vitamine D), vinaigres dont vinaigre balsamique (7,5%) (vinaigre de vin, moût de raisin concentré, colorant : E150d, conservateur : disulfite de potassium), eau, jus d'oignons concentré, arôme basilic, ail, sel, sucre, épaississant : gomme de xanthane, arômes.]|"
7,04€ / L"|"
3,17 €"
2822|Sauce salade balsamique sans huile|La bouteille de 500ml|[Origine : FRANCE, Pour cette recette, le chef étoilé Marc Veyrat a remplacé l'huile par la gomme d'acacia, une fibre alimentaire 100% naturelle ce qui donne un savoureux mélange pour une sauce salade légère., Bien agiter avant utilisation., Eau, vinaigre balsamique rouge* 10%, jus de raisin concentré*, amidon de riz*, épaississants (gomme arabique*, gomme xanthane), moutarde forte de Dijon eau, graines de moutarde*, vinaigre*, sel de mer non raffiné), maltodextrine*, sel de mer non raffiné, préparation d'épices (eau, ail*, sel, basilic* 0,1%, poivre vert* 0,1%, jus de citron concentré*, épaississants : gomme xanthane), extrait de levure, jus de sureau concentré*, acidifiant (acide lactique). *Ingrédients issus de l'agriculture biologique., Valeur énergétique en Joules :  214kj, Valeur énergétique en Kcal : 51kcal, Glucides : 11g, Lipides : 0,2g, Protides :0,6g, Se conserve un mois au réfrigérateur après ouverture.]|"
10,28€ / L"|"
5,14 €"
2823|Sauce salade sans huile prêt à l'emploi|La bouteille de 50cl|[Origine : FRANCE, Une sauce salade Sans Huile, le secret ? Un savoureux  mélange de vinaigre, moutarde, aromates issus de l'agriculture Biologique et de l'acacia, fibre alimentaire 100% naturelle pour  apporter à votre salade douceur et équilibre au quotidien. Moins de 5 calories par portion !, Bien agiter avant utilisation, eau. jus de pommes,  vinaigre de pommes 18%, moutarde forte de Dijon (eau, vinaigre d'alcool, graines de moutarde,  sel marin), moutarde  à  l'ancienne 7% (eau. graines de moutarde, vinaigre de cidre, sel marin), épaississants (farine de graines de guar, gomme arabique, gomme, sel de mer non  raffiné, jus de citron concentré, farine de coco, extrait de levure, arômes naturels, acidifiant (acide lactique), curcuma, Valeur énergétique en Joules :  130kj, Valeur énergétique en Kcal : 31kcal, Glucides : 3,5g, Lipides : 1,5g, Protides :1,5g, Se conserve un mois au réfrigérateur après ouverture]|"
10,12€ / L"|"
5,06 €"
2824|Sauce salade sans huile prêt à l'emploi|La bouteille de 50cl|[Origine : FRANCE, Une sauce salade Sans Huile, le secret ? Un savoureux  mélange de vinaigre, moutarde, aromates issus de l'agriculture Biologique et de l'acacia, fibre alimentaire 100% naturelle pour  apporter à votre salade douceur et équilibre au quotidien. Moins de 5 calories par portion !, Bien agiter avant utilisation, eau. jus de pommes,  vinaigre de pommes 18%, moutarde forte de Dijon (eau, vinaigre d'alcool, graines de moutarde,  sel marin), moutarde  à  l'ancienne 7% (eau. graines de moutarde, vinaigre de cidre, sel marin), épaississants (farine de graines de guar, gomme arabique, gomme, sel de mer non  raffiné, jus de citron concentré, farine de coco, extrait de levure, arômes naturels, acidifiant (acide lactique), curcuma, Valeur énergétique en Joules :  130kj, Valeur énergétique en Kcal : 31kcal, Glucides : 3,5g, Lipides : 1,5g, Protides :1,5g, Se conserve un mois au réfrigérateur après ouverture]|"
10,12€ / L"|"
5,06 €"
2825|Huile isio 4 mini, vitamine D|La bouteille de 50cl|[Origine : FRANCE, Huile de colza, Oléisol, (huile de tournesol à haute teneur en acide oleïque), huile de tournesol, huile de pépins de raisin, huile essentielle de coriandre, vitamine D, Valeur énergétique en Joules :  3700Kj, Valeur énergétique en Kcal : 900Kcal, Glucides : 0g, Lipides : 100g, Protides :0g]|"
4,44€ / L"|"
2,22 €"
2826|Sauce crudités nature légère 40% de matière grasse en moins|Le flacon de 450ml|[Origine : FRANCE, Valeur énergétique en Joules :  771kj, Valeur énergétique en Kcal : 186kcal, Glucides : 8,2g, Lipides : 17g, Protides :0,5g]|"
5,38€ / L"|"
2,15 €"
2827|Sauce salade nature à la moutarde de Dijon, extra-légère|La bouteille de 500ml|[Origine : FRANCE, La Sauce Salade Nature à la moutarde de Dijon légère, pour assaisonner avec légèreté toutes vos salades gourmandes., Après ouverture, cette sauce salade se conserve un mois au réfrigérateur.]|"
4,70€ / L"|"
2,35 €"
2828|Vinaigrette légère à base de vinaigre de vin rouge, oignon et échalotes|Le bouteille de 45cl|[Origine : FRANCE, Des vinaigrettes savoureuses et équilibrées élaborées avec de l'huile ISIO 4., Bien agiter., Se conserve au réfrigérateur un mois après ouverture.]|"
9,04€ / L"|"
4,07 €"
2829|Vinaigre balsamique de Modène et pointe d'orange|La bouteille de 36cl|[Origine : FRANCE, Son secret : un vinaigre balsamique de Modène sélectionné pour son caractère et sa douceur, subtilement relevé d'une touche fruitée d'orange., Bien agiter avant chaque utilisation. Idéale pour vos salades vertes ou de tomates, cette recette de vinaigrette vous étonnera par son goût riche et raffiné., Huile végétale, eau, vinaigre balsamique 15% (vinaigre de vin, moûts de raisin, colorant : caramel E150d, conservateur : E224, sulfites), vinaigres de vin blanc et rouge (dont sulfites), huile d'olive vierge extra, sucre, sel, jus d'orange concentré(1%), épaississants (E407, E415), épices, arôme., Valeur énergétique en Joules :  1640kj, Valeur énergétique en Kcal : 400kcal, Glucides : 6,6g, Lipides : 40g, Protides :0,1g, Se conserve au réfrigérateur 1 mois après ouverture.]|"
8,86€ / L"|"
3,19 €"
2830|Vinaigre huile de sésame et soja|Le bocal de 36cl|[Origine : FRANCE, Faites sensation avec cette recette de vinaigrette aux saveurs sucrées-salées envoûtantes. Les graines de sésame noires et torréfiées mêlées apporteront une touche de croquant inédite pour sublimer toutes vos salades., Bien agiter avant chaque utilisation., Huile de tournesol 36%, vinaigres de vin rouge et de vin blanc, eau, sauce soja 12% (eau, graines de soja, blé, sel), sucre, huile de sésame 4%, graines de sésame torréfiées 1,4%, graines de sésame noires 0,6%, épaississants : gomme xanthane et carraghénanes, gingembre, paprika, jalapeno., Valeur énergétique en Joules :  1700kj, Valeur énergétique en Kcal : 410kcal, Glucides : 7g, Lipides : 41g, Protides :6g, Se conserve au réfrigérateur 1 mois après ouverture.]|"
9,70€ / L"|"
3,50 €"
2831|Vinaigrette à l'huile de noix et poivron rouge|Le flacon de 360ml|[Origine : FRANCE]|"
10,46€ / L"|"
3,66 €"
2832|Vinaigrette huile d'olive et pointe d'olive noires|La bouteille de 36cl|[Origine : FRANCE, Son secret : une huile d'olive vierge extra sélectionnée pour son arôme intense, subtilement relevé d'une note corsée d'olives noires., Bien agiter avant chaque utilisation. Idéale pour vos salades vertes ou de maïs, cette recette de vinaigrette vous étonnera par son goût parfumé et fruité., Se conserve au réfrigérateur 1 mois après ouverture.]|"
8,75€ / L"|"
3,15 €"
2833|Vinaigrette légère, vinaigre de vin rouge, échalotes, pointe d'oignon rouge|La bouteille de 36cl|[Origine : FRANCE, Idéale pour vos salades vertes ou de concombres, cette recette de vinaigrette vous étonnera par son caractère authentique et gourmand. Son secret : un vinaigre de vin rouge sélectionné pour sa puissance aromatique, subtilement relevé d'une touche d'échalotes et d'oignon rouge., Bien agiter avant chaque utilisation., Se conserve au réfrigérateur 1 mois après ouverture.]|"
8,94€ / L"|"
3,22 €"
2834|Vinaigrette légère à base de vinaigre balsamique tomates séchées|La bouteille de 33cl|[Origine : FRANCE, Vinaigrette légère à l'huile d'olive vierge extra (20%), vinaigre balsamique & tomates séchées. Une vinaigrette aux saveurs du sud subtilement associées et cuisinées., Agitez avec le bouchon vissé. Assaisonnez vos salades, marinades et carpaccios. Savourez. Soumise au froid, l'huile d'olive peut cristalliser et présenter des flocons blancs. Ceci n'altère en rien la qualité du produit et disparaît à température ambiante.]|"
9,21€ / L"|"
3,04 €"
2835|Vinaigrette légère à l'huile d'olive vierge exrtra, ciboulette, échalotes|La bouteille de 33cl|[Origine : FRANCE, Une vinaigrette aux saveurs du sud subtilement associées et cuisinées. La puissance aromatique de l'échalote et la fraîcheur de la ciboulette réunies dans cette vinaigrette à l'huile d'olive et purée de tomates réduites relevée de 3 vinaigres, de vinblanc, vin rouge et balsamique., Soumise au froid, l'huile d'olive peut cristalliser et présenter des flocons blancs. Ceci n'altère en rien la qualité du produit et disparait à température ambiante.]|"
10,10€ / L"|"
3,03 €"
2836|Jus de citron|Les 2 flacons de 12.5cl|[Origine : FRANCE, Siracuse jus de citron jaune 2x12,5 cl, A conserver au froid après ouverture., à consommer dans le mois d'ouverture]|"
7,68€ / L"|"
1,95 €"
2837|Vert, le jus de citron vert|Le flacon de 20cl|[Origine : FRANCE, Siracuse jus de citron vert 20 cl, Tirer la languette de sécurité vers l'avant. Tous les usages du citron frais. L'équivalent de 7 à 8 citrons pressés., A conserver à l'abri de la lumière avant ouverture,A conserver au réfrigérateur après ouverture et à consommer dans les 7 semaines.]|"
9,65€ / L"|"
1,93 €"
2838|Alphabets|Le paquet de 500g|[Origine : FRANCE, Pâtes alimentaires de qualité supérieure., Temps de cuisson Al Dente : 6 min pour 70 g de pâtes sèches., Semoule de blé dur de qualité supérieure. Traces d'oeufs., Valeur énergétique en Joules :  1526kj, Valeur énergétique en Kcal : 360kcal, Glucides : 72g, Lipides : 2g, Protides :12g, A conserver au sec.]|"
1,50€ / Kg"|"
0,75 €"
2839|Cheveux d'ange de qualité supérieure|Le paquet de 500g|[Origine : FRANCE, Pâtes alimentaires de qualité supérieure., Temps de cuisson : 3min pour 70g de pâtes al dente., Semoule de blé dur de qualité supérieure. Traces d'oeufs si le numéro de lot contient la lettre N., Valeur énergétique en Joules :  1531kj, Valeur énergétique en Kcal : 361kcal, Glucides : 72g, Lipides : 2g, Protides :12g, A conserver au sec.]|"
1,34€ / Kg"|"
0,67 €"
2840|Conchiglie tricolori, pâtes alimentaires|Le paquet de 500g|[Origine : ITALIE, Semoule de blé dur 83,5%, eau, tomate séchée en poudre 2%, basilic séché en poudre 2%., à conserver dans un endroit sec et frais]|"
5,04€ / Kg"|"
2,52 €"
2841|Coquillette aux oeufs frais|Le paquet de 250g|[Origine : FRANCE, Temps de cuisson : 6min. dans 2l d'eau bouillante salée pour 250g de pâtes., Semoule de blé dur de qualité supérieure, oeufs frais 30%, soit 320g par kilo de semoule. Traces éventuelles de soja et lait., A conserver à l'abri de la chaleur et de l'humidité.]|"
5,24€ / Kg"|"
1,31 €"
2842|Coquillettes, pâtes alimentaires de qualité supérieure|Le paquet de 500g|[Origine : FRANCE, Pâtes alimentaires de qualité supérieure., Temps de cuisson : al dente : 9 minutes pour 70 g de pâtes sèches., Semoule de blé dur de qualité supérieure., Valeur énergétique en Joules :  1531Kj, Valeur énergétique en Kcal : 361KCal, Glucides : 72g, Lipides : 2g, Protides :12g, A conserver au sec.]|"
1,10€ / Kg"|"
0,55 €"
2843|Coquillettes au blé intégral, certifié AB|Le paquet de 500g|[Origine : FRANCE, Cuisson à l'eau bouillante salée. Al Dente: 6 à 7 minutes. Fondantes: 8 minutes., Semoule de blé dur complet issu de l'agriculture biologique. Traces éventuelles d'oeufs., Valeur énergétique en Joules :  1504Kj, Valeur énergétique en Kcal : 355Kcal, Glucides : 70g, Lipides : 2,5g, Protides :13g, A conserver dans un endroit frais et sec.]|"
2,12€ / Kg"|"
1,06 €"
2844|Coquillettes au blé intégral, certifié AB|Le paquet de 500g|[Origine : FRANCE, Cuisson à l'eau bouillante salée. Al Dente: 6 à 7 minutes. Fondantes: 8 minutes., Semoule de blé dur complet issu de l'agriculture biologique. Traces éventuelles d'oeufs., Valeur énergétique en Joules :  1504Kj, Valeur énergétique en Kcal : 355Kcal, Glucides : 70g, Lipides : 2,5g, Protides :13g, A conserver dans un endroit frais et sec.]|"
2,12€ / Kg"|"
1,06 €"
2845|Coquillettes de qualité supérieure|Le paquet de 1kg|[Origine : FRANCE, Pâtes alimentaires de qualité supérieure., Temps de cuisson : 9min pour 70g de pâtes al dente., Semoule de blé dur de qualité supérieure. Traces d'oeufs si le numéro de lot contient la lettre N., Valeur énergétique en Joules :  1531Kj, Valeur énergétique en Kcal : 361KCal, Glucides : 72g, Lipides : 2g, Protides :12g, A conserver au sec.]|"
0,99€ / Kg"|"
0,99 €"
2846|Eliche, pâtes alimentaires|Le paquet de 500g|[Origine : ITALIE, Semoule de blé dur 87,5%, eau., à conserver dans un endroit sec et frais]|"
5,16€ / Kg"|"
2,58 €"
2847|Farfalle|Le paquet de 500g|[Origine : FRANCE, Pâtes alimentaires de qualité supérieure., Temps de cuisson : 9min pour 70g de pâtes al dente., Semoule de blé dur de qualité supérieure. Traces d'oeufs si le numéro de lot contient la lettre N., Valeur énergétique en Joules :  1531kj, Valeur énergétique en Kcal : 361kcal, Glucides : 72g, Lipides : 2g, Protides :12g, A conserver au sec.]|"
1,82€ / Kg"|"
0,91 €"
2848|Farfalle au blé intégral, pâtes alimentaires Bio|Le paquet de 500g|[Origine : FRANCE, Source de fibres. A base de grains de blé entiers., Cuisson à l'eau bouillante salée. Al Dente: 11 à 12 min. Fondantes: 14min., Semoule de blé dur complet issu de l'agriculture biologique. Traces éventuelles d'oeufs., Valeur énergétique en Joules :  1504Kj, Valeur énergétique en Kcal : 355Kc, Glucides : 70g, Lipides : 2.5g, Protides :13g, A conserver dans un endroit frais et sec.]|"
2,94€ / Kg"|"
1,47 €"
2849|Farfalle au blé intégral, pâtes alimentaires Bio|Le paquet de 500g|[Origine : FRANCE, Source de fibres. A base de grains de blé entiers., Cuisson à l'eau bouillante salée. Al Dente: 11 à 12 min. Fondantes: 14min., Semoule de blé dur complet issu de l'agriculture biologique. Traces éventuelles d'oeufs., Valeur énergétique en Joules :  1504Kj, Valeur énergétique en Kcal : 355Kc, Glucides : 70g, Lipides : 2.5g, Protides :13g, A conserver dans un endroit frais et sec.]|"
2,94€ / Kg"|"
1,47 €"
2850|Lasagnes sans précuisson|La boîte de 2 sachets fraîcheur|[Origine : FRANCE, Les pâtes Monoprix de qualité supérieure sont fabriquées à partir de blés durs rigoureusement sélectionnés. Elles ont une tenue parfaite à la cuisson et leur couleur dorée saura satisfaire vos envies., Les lasagnes Monoprix ne nécessitent pas de précuisson. Facile, il suffit d'alterner successivement plusieurs couches de feuilles de lasagne, sauce de votre choix puis sauce béchamel. Terminez par du fromage râpé et faites cuire l'ensemble à four moyen (th. 6/7, 180°C-210°C) pendant 30 minutes environ., Semoule de blé dur de qualité supérieure., Valeur énergétique en Joules :  1531Kj, Valeur énergétique en Kcal : 361Kcal, Glucides : 72g, Lipides : 2g, Protides :12g, A conserver à l'abri de la chaleur et de l'humidité.]|"
3,16€ / Kg"|"
1,58 €"
2851|Macaroni, aux oeufs frais|Le paquet de 250g|[Origine : FRANCE, Temps de cuisson : 7min. dans 2L d'eau bouillante salée pour 250g de pâtes., Semoule de blé dur de qualité supérieure, oeufs frais 30%, soit 320g par kilo de semoule. Traces éventuelles de soja et de lait., A conserver à l'abri de la chaleur et de l'humidité.]|"
4,72€ / Kg"|"
1,18 €"
2852|Nouilles de qualité supérieure|Le paquet de 500g|[Origine : FRANCE, Pâtes alimentaires de qualité supérieure., Temps de cuisson : 7min pour 70g de pâtes al dente., Semoule de blé dur de qualité supérieure., Valeur énergétique en Joules :  1531kj, Valeur énergétique en Kcal : 361kcal, Glucides : 72g, Lipides : 2g, Protides :12g, A conserver au sec.]|"
1,18€ / Kg"|"
0,59 €"
2853|Pâtes animaux, pâtes alimentaires de qualité supérieure, certifié AB|Le paquet de 500g|[Origine : FRANCE, Monoprix a sélectionner pour vous, avec des entreprises partenaires, des produits issus de l'agriculture biologique. Leurs modes de production et de transformation sont contrôlés et certifiés par un organisme indépendant conformément à la réglementation en vigueur. Les producteurs emploient des fertilisants respectueux de l'environnement et pratiquent la rotation des cultures afin de garder des sols vivants et une fertilité durable., Versez les pâtes dans un grand volume d'eau bouillante salée (1 litre d'eau pour 100g de pâtes). Remuez, puis laissez cuire à découvert 6 à 7 min. Egouttez, assaisonnez selon votre goût., Semoule de blé dur* de qualité supérieure. Présence possible d'oeuf, de soja et de lait. *Ingrédient issu de l'agriculture biologique., Valeur énergétique en Joules :  1445Kj, Valeur énergétique en Kcal : 341Kcal, Glucides : 70g, Lipides : 1,7g, Protides :11,3g, A conserver à l'abri du soleil et de l'humidité.]|"
2,96€ / Kg"|"
1,48 €"
2854|Pâtes animaux, pâtes alimentaires de qualité supérieure, certifié AB|Le paquet de 500g|[Origine : FRANCE, Monoprix a sélectionner pour vous, avec des entreprises partenaires, des produits issus de l'agriculture biologique. Leurs modes de production et de transformation sont contrôlés et certifiés par un organisme indépendant conformément à la réglementation en vigueur. Les producteurs emploient des fertilisants respectueux de l'environnement et pratiquent la rotation des cultures afin de garder des sols vivants et une fertilité durable., Versez les pâtes dans un grand volume d'eau bouillante salée (1 litre d'eau pour 100g de pâtes). Remuez, puis laissez cuire à découvert 6 à 7 min. Egouttez, assaisonnez selon votre goût., Semoule de blé dur* de qualité supérieure. Présence possible d'oeuf, de soja et de lait. *Ingrédient issu de l'agriculture biologique., Valeur énergétique en Joules :  1445Kj, Valeur énergétique en Kcal : 341Kcal, Glucides : 70g, Lipides : 1,7g, Protides :11,3g, A conserver à l'abri du soleil et de l'humidité.]|"
2,96€ / Kg"|"
1,48 €"
2855|Penne au blé intégral, pâtes alimentaires, certifié AB|Le paquet de 500g|[Origine : FRANCE, Source de fibres. A base de grains de blé entiers., Cuisson à l'eau bouillante salée. Al dente : 9 à 10 min. Fondantes : 11 min. Casserole., Semoule de blé dur complet issu de l'agriculture biologique. Traces éventuelles d'oeufs., Valeur énergétique en Joules :  1504Kj, Valeur énergétique en Kcal : 355KCal, Glucides : 70g, Lipides : 2,5g, Protides :13g, A conserver dans un endroit frais et sec.]|"
2,58€ / Kg"|"
1,29 €"
2856|Penne au blé intégral, pâtes alimentaires, certifié AB|Le paquet de 500g|[Origine : FRANCE, Source de fibres. A base de grains de blé entiers., Cuisson à l'eau bouillante salée. Al dente : 9 à 10 min. Fondantes : 11 min. Casserole., Semoule de blé dur complet issu de l'agriculture biologique. Traces éventuelles d'oeufs., Valeur énergétique en Joules :  1504Kj, Valeur énergétique en Kcal : 355KCal, Glucides : 70g, Lipides : 2,5g, Protides :13g, A conserver dans un endroit frais et sec.]|"
2,58€ / Kg"|"
1,29 €"
2857|Penne rigate|Le paquet de 500g|[Origine : FRANCE, Pâtes alimentaires de qualité supérieure., Temps de cuisson : Al Dente 9 min pour 70 g de pâtes sèches., Semoule de blé dur de qualité supérieure. Traces d'oeufs si le numéro de lot contient la lettre N., Valeur énergétique en Joules :  1531kj, Valeur énergétique en Kcal : 361kcal, Glucides : 72g, Lipides : 2g, Protides :12g, A conserver au sec.]|"
1,70€ / Kg"|"
0,85 €"
2858|Penne  rigate|Le paquet de 1kg|[Origine : FRANCE, Pâtes alimentaires de qualité supérieure., Al Dente : 9 min pour 70 g de pâtes sèches., Semoule de blé dur de qualité supérieure. Traces d'oeufs si le numéro de lot contient la lettre N., Valeur énergétique en Joules :  1531kj, Valeur énergétique en Kcal : 361kcal, Glucides : 72g, Lipides : 2g, Protides :12g, A conserver dans un endroit sec à l'abri de la chaleur.]|"
1,64€ / Kg"|"
1,64 €"
2859|Pennoni, pâtes alimentaires|Le paquet de 500g|[Origine : ITALIE, Semoule de blé dur 87,5%, eau., à conserver dans un endroit sec et frais]|"
4,84€ / Kg"|"
2,42 €"
2860|Petits nid, aux oeufs frais|Le paquet de 250g|[Origine : FRANCE, Temps de cuisson : 6 min dans 2 l d'eau bouillante et salée pour 250 gr de pâtes., semoule de blé dur de qualité supérieure, oeufs frais 30%, soit 320g par kilo de semaine. Trace éventuelles de soja et de lait., A conserver à l'abri de la chaleur et de l'humidité.]|"
5,64€ / Kg"|"
1,41 €"
2861|Petits nids, aux oeufs frais|Le paquet de 250g|[Origine : FRANCE, Temps de cuisson : 6min. dans 2L d'eau bouillante salée pour 250g de pâtes., Semoule de blé dur de qualité supérieure, oeufs frais 30% soit 320g par kg de semoule. Traces éventuelles de soja et de lait., Valeur énergétique en Joules :  0, Valeur énergétique en Kcal : 0, Glucides : 0, Lipides : 0, Protides :0, A conserver à l'abri de la chaleur et de l'humidité.]|"
5,56€ / Kg"|"
1,39 €"
2862|Spaghetti, pâtes alimentaire|Le paquet de 250g|[Origine : FRANCE, Temps de cuisson : 8min. Dans 2L d'eau bouillante salée pour 250g de pâtes., Semoule de blé dur de qualité supérieure, oeufs frais 30%, soit 320g par kilo de semoule. Traces éventuelles de soja et de lait., A conserver à l'abri de la chaleur et de l'humidité.]|"
4,84€ / Kg"|"
1,21 €"
2863|Spaghetti, pâtes alimentaires de qualité supérieure, certifié AB|Le paquet de 500g|[Origine : FRANCE, Monoprix a sélectionner pour vous, avec des entreprises partenaires, des produits issus de l'agriculture biologique. Leurs modes de production et de transformation sont contrôlés et certifiés par un organisme indépendant conformément à la réglementation en vigueur. Les producteurs emploient des fertilisants respectueux de l'environnement et pratiquent la rotation des cultures afin de garder des sols vivants et une fertilité durable., Versez les pâtes dans un grand volume d'eau bouillante salée (1 litre d'eau pour 100g de pâtes). Remuez, puis laissez cuire à découvert 7 à 8 min. Egouttez, assaisonnez selon votre goût., Semoule de blé dur* de qualité supérieure. Présence possible d'oeuf, de soja et de lait. *Ingrédient issu de l'agriculture biologique., Valeur énergétique en Joules :  1445Kj, Valeur énergétique en Kcal : 341Kcal, Glucides : 70g, Lipides : 1,7g, Protides :11,3g, A conserver à l'abri du soleil et de l'humidité.]|"
2,90€ / Kg"|"
1,45 €"
2864|Spaghetti, pâtes alimentaires de qualité supérieure, certifié AB|Le paquet de 500g|[Origine : FRANCE, Monoprix a sélectionner pour vous, avec des entreprises partenaires, des produits issus de l'agriculture biologique. Leurs modes de production et de transformation sont contrôlés et certifiés par un organisme indépendant conformément à la réglementation en vigueur. Les producteurs emploient des fertilisants respectueux de l'environnement et pratiquent la rotation des cultures afin de garder des sols vivants et une fertilité durable., Versez les pâtes dans un grand volume d'eau bouillante salée (1 litre d'eau pour 100g de pâtes). Remuez, puis laissez cuire à découvert 7 à 8 min. Egouttez, assaisonnez selon votre goût., Semoule de blé dur* de qualité supérieure. Présence possible d'oeuf, de soja et de lait. *Ingrédient issu de l'agriculture biologique., Valeur énergétique en Joules :  1445Kj, Valeur énergétique en Kcal : 341Kcal, Glucides : 70g, Lipides : 1,7g, Protides :11,3g, A conserver à l'abri du soleil et de l'humidité.]|"
2,90€ / Kg"|"
1,45 €"
2865|Spaghetti al dente de qualité supérieure|La boîte de 1kg|[Origine : FRANCE, Les pâtes MONOPRIX de qualité  supérieure sont fabriquées à partir de blés durs rigoureusement sélectionnés. Elles ont une tenue parfaite à la cuisson  et leur couleur dorée saura satisfaire toutes vos envies, Règle d'or de la cuisson des pâtes : Comptez au minimum 1 litre d'eau pour 100 g de pâtes. Versez les pâtes dans l'eau salée bouillante. Laissez cuire à grand feu en respectant le temps de cuisson. Remuez de temps en temps. Goûtez les pâtes en fin decuisson, égouttez et assaisonnez suivant votre convenance., Semoule de blé dur de qualité supérieure., Valeur énergétique en Joules :  1531Kj, Valeur énergétique en Kcal : 361Kcal, Glucides : 72g, Lipides : 2g, Protides :12g, A conserver à l'abri de la chaleur et de l'humidité]|"
0,97€ / Kg"|"
0,97 €"
2866|Spaghetti complets|Le paquet de 500g|[Origine : FRANCE, Ces spaghetti complets sont fabriqués à partir de semoule de blé dur complète. Celle-ci est obtenue à partir de grains de blé dont l'enveloppe protectrice, concentrant de nombreux éléments nutritionnels, a été conservée. De là viennent leur goût de céréales prononcé et leur belle couleur brune, qui en font un accompagnement original et facile à préparer pour tous vos plats., Versez les pâtes dans un grand volume d'eau bouillante salée (1 litre d'eau pour 80 g de pâtes). Remuez en cours de cuisson tout en maintenant l'ébullition. Egouttez. Temps de cuisson : 9 à 11 minutes. Pour les rendre encore plus savoureuses, vous pouvez accompagner ces pâtes issues de l'agriculture biologique d'une simple noix de beurre,ou les agrémenter par exemple de quelques légumes cuisinés (courgettes, aubergines, ratatouille...). Quantité moyenne de pâtes crues suggérée par personne : 80g., Semoule complète de blé dur issue de l'agriculture biologique., Valeur énergétique en Joules :  1521kj, Valeur énergétique en Kcal : 359kc, Glucides : 72g, Lipides : 2,5g, Protides :12g, A conserver à l'abri de la chaleur et de l'humidité]|"
2,88€ / Kg"|"
1,44 €"
2867|Spaghetti complets|Le paquet de 500g|[Origine : FRANCE, Ces spaghetti complets sont fabriqués à partir de semoule de blé dur complète. Celle-ci est obtenue à partir de grains de blé dont l'enveloppe protectrice, concentrant de nombreux éléments nutritionnels, a été conservée. De là viennent leur goût de céréales prononcé et leur belle couleur brune, qui en font un accompagnement original et facile à préparer pour tous vos plats., Versez les pâtes dans un grand volume d'eau bouillante salée (1 litre d'eau pour 80 g de pâtes). Remuez en cours de cuisson tout en maintenant l'ébullition. Egouttez. Temps de cuisson : 9 à 11 minutes. Pour les rendre encore plus savoureuses, vous pouvez accompagner ces pâtes issues de l'agriculture biologique d'une simple noix de beurre,ou les agrémenter par exemple de quelques légumes cuisinés (courgettes, aubergines, ratatouille...). Quantité moyenne de pâtes crues suggérée par personne : 80g., Semoule complète de blé dur issue de l'agriculture biologique., Valeur énergétique en Joules :  1521kj, Valeur énergétique en Kcal : 359kc, Glucides : 72g, Lipides : 2,5g, Protides :12g, A conserver à l'abri de la chaleur et de l'humidité]|"
2,88€ / Kg"|"
1,44 €"
2868|Spaghetti de qualité supérieure|Le paquet de 500g|[Origine : FRANCE, Semoule de blé dur de qualité supérieure., Valeur énergétique en Joules :  1351kj, Valeur énergétique en Kcal : 361kcal, Glucides : 72g, Lipides : 2g, Protides :12g, à protéger de la chaleur; à conserver à l'abri de l'humidité.]|"
1,08€ / Kg"|"
0,54 €"
2869|Tagliatelles, pâtes alimentaires de qualité supérieure, certifié AB|Le paquet de 500g|[Origine : FRANCE, Monoprix a sélectionner pour vous, avec des entreprises partenaires, des produits issus de l'agriculture biologique. Leurs modes de production et de transformation sont contrôlés et certifiés par un organisme indépendant conformément à la réglementation en vigueur. Les producteurs emploient des fertilisants respectueux de l'environnement et pratiquent la rotation des cultures afin de garder des sols vivants et une fertilité durable., Versez les pâtes dans un grand volume d'eau bouillante salée (1 litre d'eau pour 100g de pâtes). Remuez, puis laissez cuire à découvert 5 à 7 min. Egouttez, assaisonnez selon votre goût., Semoule de blé dur* de qualité supérieure. Présence possible d'oeuf, de soja et de lait. *Ingrédient issu de l'agriculture biologique., Valeur énergétique en Joules :  1445Kj, Valeur énergétique en Kcal : 341Kcal, Glucides : 70g, Lipides : 1,7g, Protides :11,3g, A conserver à l'abri du soleil et de l'humidité.]|"
2,94€ / Kg"|"
1,47 €"
2870|Tagliatelles, pâtes alimentaires de qualité supérieure, certifié AB|Le paquet de 500g|[Origine : FRANCE, Monoprix a sélectionner pour vous, avec des entreprises partenaires, des produits issus de l'agriculture biologique. Leurs modes de production et de transformation sont contrôlés et certifiés par un organisme indépendant conformément à la réglementation en vigueur. Les producteurs emploient des fertilisants respectueux de l'environnement et pratiquent la rotation des cultures afin de garder des sols vivants et une fertilité durable., Versez les pâtes dans un grand volume d'eau bouillante salée (1 litre d'eau pour 100g de pâtes). Remuez, puis laissez cuire à découvert 5 à 7 min. Egouttez, assaisonnez selon votre goût., Semoule de blé dur* de qualité supérieure. Présence possible d'oeuf, de soja et de lait. *Ingrédient issu de l'agriculture biologique., Valeur énergétique en Joules :  1445Kj, Valeur énergétique en Kcal : 341Kcal, Glucides : 70g, Lipides : 1,7g, Protides :11,3g, A conserver à l'abri du soleil et de l'humidité.]|"
2,94€ / Kg"|"
1,47 €"
2871|Torsade aux oeufs frais|Le paquet de 250g|[Origine : FRANCE, Temps de cuisson : 7min. Dans 2L d'eau bouillante salée pour 250g de pâtes., Semoule de blé dur de qualité supérieure, oeufs frais 30% soit 320g par kg de semoule. Trace éventuelles de soja ou de lait., Valeur énergétique en Joules :  0, Valeur énergétique en Kcal : 0, Glucides : 0, Lipides : 0, Protides :0, A conserver à l'abri de la chaleur et de l'humidité.]|"
5,56€ / Kg"|"
1,39 €"
2872|Torsades au blé intégral, pâtes alimentaires, certifié AB|Le paquet de 500g|[Origine : FRANCE, Source de fibres. A base de grains de blé entiers., Cuisson à l'eau bouillante salée. Al dente : 6 à 7 min. Fondantes : 8 min. Casserole., Semoule de blé dur complet issu de l'agriculture biologique. Traces éventuelles d'oeufs., Valeur énergétique en Joules :  1504Kj, Valeur énergétique en Kcal : 355KCal, Glucides : 70g, Lipides : 2,5g, Protides :13g, A conserver dans un endroit frais et sec.]|"
2,58€ / Kg"|"
1,29 €"
2873|Torsades au blé intégral, pâtes alimentaires, certifié AB|Le paquet de 500g|[Origine : FRANCE, Source de fibres. A base de grains de blé entiers., Cuisson à l'eau bouillante salée. Al dente : 6 à 7 min. Fondantes : 8 min. Casserole., Semoule de blé dur complet issu de l'agriculture biologique. Traces éventuelles d'oeufs., Valeur énergétique en Joules :  1504Kj, Valeur énergétique en Kcal : 355KCal, Glucides : 70g, Lipides : 2,5g, Protides :13g, A conserver dans un endroit frais et sec.]|"
2,58€ / Kg"|"
1,29 €"
2874|Torti de qualité supérieure|Le paquet de 500g|[Origine : FRANCE, Pâtes alimentaires de qualité supérieure., Temps de cuisson : 7min pour 70g de pâtes al dente., Semoule de blé dur de qualité supérieure. Traces d'oeufs si le numéro de lot contient la lettre N., Valeur énergétique en Joules :  1531Kj, Valeur énergétique en Kcal : 361KCal, Glucides : 72g, Lipides : 2g, Protides :12g, A conserver au sec.]|"
1,40€ / Kg"|"
0,70 €"
2875|Torti de qualité supérieure,|Le paquet de 1kg|[Origine : FRANCE, Pâtes alimentaires de qualité supérieure., Temps de cuisson : Al Dente : 7 minutes pour 70g de pâtes sèches., Semoule de blé dur de qualité supérieure. Traces d'oeufs si le numéro de lot contient la lettre N., Valeur énergétique en Joules :  1531Kj, Valeur énergétique en Kcal : 361KCal, Glucides : 72g, Lipides : 2g, Protides :12g, A conserver au sec.]|"
1,00€ / Kg"|"
1,00 €"
2876|Cannelloni|Le paquet de 250g|[Origine : ITALIE, Semoule de blé dur de qualité supérieure., Valeur énergétique en Joules :  1487kj, Valeur énergétique en Kcal : 356KCal, Glucides : 72,7g, Lipides : 1,5g, Protides :11,5g]|"
6,16€ / Kg"|"
1,54 €"
2877|Capellini|Le paquet de 500g|[Origine : ITALIE, Un bon plat de pâtes est un plaisir à savourer chaque jour.C'est pourquoi nous utilisons uniquement le meilleur du blé, de l'eau et beaucoup de passion. Les pâtes Barilla sont préparées ainsi depuis 1877., Modalité de cuisson pour 100g de pâtes : 1 litre d'eau, 7g de sel. Faire bouillir l'eau et ajouter le sel. Verser les pâtes et remuer de temps en temps. Temps de cuisson 3min. Egoutter les pâtes., Semoule de blé dur, eau. Peut contenir des traces d'oeufs., Valeur énergétique en Joules :  1487Kj, Valeur énergétique en Kcal : 355,7Kc, Glucides : 71.7g, Lipides : 1.5g, Protides :12.5g, Conserver dans un endroit frais et sec.]|"
2,22€ / Kg"|"
1,11 €"
2878|Castellane parmigiane|La boite de 500g|[Origine : FRANCE, Pâtes alimentaires., Modalité de cuisson pour 100g de pâtes : 1 litre d'eau. 7g de sel. Faire bouillir l'eau et ajouter le sel. Verser les pâtes et remuer de temps en temps. Temps de cuisson 9 min., Semoule de blé dur, eau. Peut contenir des traces d'oeufs., Valeur énergétique en Joules :  1284kj, Valeur énergétique en Kcal : 307cal, Glucides : 61,4g, Lipides : 3g, Protides :10,2g, A conserver dans un endroit frais et sec.]|"
2,88€ / Kg"|"
1,44 €"
2879|Cellentani|La boîte de 500g|[Origine : FRANCE, Pâtes alimentaires de qualité supérieure., Modalité de cuisson pour 100g de pâtes : 1 litre d'eau, 7g de sel. Faire bouillir l'eau et ajouter le sel. Verser les pâtes et remuer de temps en temps. Temps de cuisson 10 min. Egoutter les pâtes., Semoule de blé dur de qualité supérieure, eau. Peut contenir des traces d'oeufs., Valeur énergétique en Joules :  1511kj, Valeur énergétique en Kcal : 356kcal, Glucides : 72,2g, Lipides : 1,5g, Protides :12,0g, Conserver dans un endroit frais et sec.]|"
2,90€ / Kg"|"
1,45 €"
2880|Coquillettes, sans gluten|Le paquet de 400g|[Origine : FRANCE, Une recette exclusive à base de farines de maïs blanc, de maïs jaune, et de riz, pour de délicieuses coquillettes sans gluten, et toujours de qualité et le goût Barilla. C'est grâce à une sélection rigoureuse et au savoir-faire unique de Barilla quesont nées les Coquillettes sans gluten Barilla., Farine de maïs blanc (65%), farine de maïs jaune (29,5%), farine de riz (5%), eau, émulsifiant : mono-et diglycérides d'acides gras d'origine végétale., Valeur énergétique en Joules :  1524kj, Valeur énergétique en Kcal : 359kcal, Glucides : 78,7g, Lipides : 1,8g, Protides :6,5g]|"
6,03€ / Kg"|"
2,41 €"
2881|Coquillettes n°32, pâtes alimentaires|Le paquet de 500g|[Origine : ITALIE, Quantité par personne : 100g de pâtes. 1litre d'eau. 10g de sel. Faire bouillir l'eau et ajouter le sel. Verser les pâtes et remuer de temps en temps. Laisser cuire le temps indiqué. Egoutter les pâtes., Semoule de blé dur de qualité supérieure., Valeur énergétique en Joules :  1487Kj, Valeur énergétique en Kcal : 355,7Kc, Glucides : 73.2g, Lipides : 1.5g, Protides :11g]|"
2,00€ / Kg"|"
1,00 €"
2882|Farfalle|La boîte de 500g|[Origine : ITALIE, Les pâtes font partie des aliments bénéfiques à la base de la diète méditerranéenne. Elles apportent des glucides à faible indice glycémique, pour garder de l'énergie plus longtemps.Un bon plat de pâtes est un plaisir à savourer chaque jour. C'est pourquoi nous utilisons uniquement le meilleur blé, de l'eau et beaucoup de passion. Les pâtes Barilla sont préparées ainsi depuis 1877., Pour 100g de pâtes : 1 litre d'eau, 7g de sel. Faire bouillir l'eau et ajouter le sel. Verser les pâtes et remuer de temps en temps. Temps de cuisson 10min. Egoutter les pâtes., Semoule de blé dur, eau. Peut contenir des traces d'oeufs., Valeur énergétique en Joules :  1487Kj, Valeur énergétique en Kcal : 355,7Kc, Glucides : 72.7g, Lipides : 1.5g, Protides :11.5g, Conserver dans un endroit frais et sec.]|"
2,16€ / Kg"|"
1,08 €"
2883|Farfalline n°59, pâtes alimentaires|La boîte de 500g|[Origine : ITALIE, Pour 100g de pâtes : 1 litre d'eau, 10g de sel. Faire bouillir l'eau et ajouter le sel. Verser les pâtes et remuer de temps en temps. Temps de cuisson 8min. Egoutter les pâtes., Semoule de blé dur de qualité supérieure., Valeur énergétique en Joules :  1487Kj, Valeur énergétique en Kcal : 356KCal, Glucides : 73,2g, Lipides : 1,5g, Protides :11g]|"
2,62€ / Kg"|"
1,31 €"
2884|Girandole torsades|Le paquet de 500g|[Origine : ITALIE, Les pâtes sont tous les jours votre allié précieux : parce que l'énergie de leurs hydrates de carbone est libérée graduellement : votre concentration est meilleure et vous avez la juste réserve pour chaque activité. Parce que les pâtes sont facilement digestibles : vous n'êtes pas alourdi, mais léger et plein d'énergies. Parce que vous êtes rassasié pour longtemps : les pâtes vous aident à prendre un apport correct de calories qui vous évite des excès alimentaires., Pour 100g de pâtes : 1 litre d'eau, 10g de sel. Faire bouillir l'eau et ajouter le sel. Verser les pâtes et remuer de temps en temps. Temps de cuisson 6min. Egoutter les pâtes., Semoule de blé dur de qualité supérieure., Valeur énergétique en Joules :  1487Kj, Valeur énergétique en Kcal : 356KCal, Glucides : 72,2g, Lipides : 1,5g, Protides :11,5g]|"
2,00€ / Kg"|"
1,00 €"
2885|Lasagnes aux oeuf, sans pré-cuisson|Le paquet de 500g|[Origine : ITALIE, Assaisonnez et passez au four. Les lasagnes Barilla sont façonnées selon les règles de l'art afin que votre sauce et votre béchamel s'y imprègne parfaitement sans avoir besoin de pré cuisson. Pour obtenir un plat idéal, il suffit d'alterner feuille de lasagne, sauce puis béchamel très liquide et de faire cuire l'ensemble 20min., Semoule de blé dur, oeufs (19.36%)., Valeur énergétique en Joules :  1524Kj, Valeur énergétique en Kcal : 365KCal, Glucides : 68,1g, Lipides : 3,5g, Protides :14g]|"
3,66€ / Kg"|"
1,83 €"
2886|Mousseline de carottes à la crème fraîche|Le pot de 380g|[Origine : FRANCE, À déguster nature pour redécouvrir le goût de la carotte ou en accompagnement d'une viande grillée, blanche ou rouge., A la casserole ou au bain-marie : réchauffer à feu doux, bocal ouvert. Au four à micro-ondes : ouvrir le bocal, le recouvrir d'un film étirable percé. Réchauffer 5 minutes pour un four ayant une puissance restituée de 800 Watts. Remuer pour bien diffuser la chaleur, déguster., Carottes 80%, crème fraîche 10%, beurre, sel, extrait naturel de poivre., Valeur énergétique en Joules :  416Kj, Valeur énergétique en Kcal : 99Kcal, Glucides : 5,6g, Lipides : 8,2g, Protides :1g, A conserver à température ambiante, à l'abri de l'humidité.]|"
8,82€ / Kg"|"
3,35 €"
2887|Mousseline de céleri à la crème fraîche|Le pot de 380g|[Origine : FRANCE, Ce légume méconnu à la saveur légèrement piquante se marie à merveille avec les poissons blancs et avec des fruits de mer, tels les noix de Saint-Jacques ou les coques., A la casserole ou au bain-marie : réchauffer à feu doux, bocal ouvert. Au four à micro-ondes : ouvrir le bocal, le recouvrir d'un film étirable percé. Réchauffer 5 minutes pour un four ayant une puissance restituée de 800 Watts. Remuer pour bien diffuser la chaleur, déguster., Céleri 80%, crème fraîche 10%, beurre, sel, extrait naturel de poivre., Valeur énergétique en Joules :  403Kj, Valeur énergétique en Kcal : 96Kcal, Glucides : 1,2g, Lipides : 8g, Protides :5,1g, A conserver à température ambiante, à l'abri de l'humidité.]|"
8,82€ / Kg"|"
3,35 €"
2888|Mousseline de petits pois aux asperges à la crème fraîche|Le pot de 380g|[Origine : FRANCE, Avec des pigeonneau pour une  recette qui fleure  bon le terroir  ou enacconpagnement  d'un risotto bien crémeux si l'Italie vous Inspire., Petits pois 63%,eau, crème fraîche 7,9%, asperges 5,3%, beurre, sel, extrait naturel de poivre., Valeur énergétique en Joules :  592Kj, Valeur énergétique en Kcal : 141Kcal, Glucides : 14g, Lipides : 7,4g, Protides :4,7g, A conserver à température ambiante, à l'abri de l'humidité.]|"
8,82€ / Kg"|"
3,35 €"
2889|Purée de pommes de terre en flocons|Les 4 sachets de 31,25g|[Origine : FRANCE, Onctueuse et d'une belle couleur dorée, la purée de pommes de terre est facile et rapide à préparer et saura satisfaire les petits comme les grands., A la casserole : faites chauffer dans une casserole 175 ml de liquide (moitié eau et moitié lait demi écrémé) jusqu'à ébullition. Retirez la casserole du feu et attendez 1 à 2 min. Versez les flocons en pluie tout en remuant, laissez gonfler 30 sec puis donnez un tour de cuillère. Au micro-ondes : dans un récipient, mélangez 175 ml de liquide. Versez les flocons en pluie tout en remuant, couvrez. Faites chauffer 1 à 2 min. Mélangez doucement, c'est prêt., Pommes de terre déshydratées 99%, émulsifiant E471, stabilisant E450, antioxygène E304, conservateur E223 (sulfites), colorant E100., Valeur énergétique en Joules :  1487kj, Valeur énergétique en Kcal : 351kcal, Glucides : 76g, Lipides : 0,6g, Protides :8g, A conserver à l'abri de la chaleur, de l'humidité et de la lumière. Conditionné sous atmosphère protectrice.]|"
4,96€ / Kg"|"
0,62 €"
2890|Purée de pommes de terre nature|Les 4 sachets de 125, soit 500g|[Origine : FRANCE, Onctueuse et d'une belle couleur dorée, la purée de pommes de terre est facile et rapide à préparer et saura satisfaire les petits comme les grands., A la casserole : portez à ébullition 1/2 litre d'eau, 1/4 de litre de lait demi écrémé et une pincée de sel. Retirez la casserole d'eau du feu et laissez tiédir 2 à 3 minutes. Versez les flocons en pluie en les répartissant bien dans le liquide. Patientez 30 sec, remuez c'est prêt. Au micro-ondes : versez 1/2 litre d'eau, 1/4 de litre de lait demi écrémé et une pincée de sel dans un récipient adapté. Versez les flocons en pluie en les répartissant bien dans le liquide. Faites chauffer à pleine puissance pendant 4 à 6 min. Remuez c'est prêt., Pommes de terre déshydratées 99%, émulsifiant E471, stabilisant E450, antioxygène E304, conservateur E223 (sulfites), colorant E100., Valeur énergétique en Joules :  1487kj, Valeur énergétique en Kcal : 586kcal, Glucides : 76g, Lipides : 0,6g, Protides :8g, A conserver à l'abri de la chaleur, de l'humidité et de la lumière. Conditionné sous atmosphère protectrice.]|"
2,24€ / Kg"|"
1,12 €"
2891|Purée pommes de terre déshydratées au lait en flocons|Les 3 sachet de 125g, soit 375g|[Origine : FRANCE, Onctueuse et d'une belle couleur dorée, la purée de pommes de terre au lait est facile et rapide à préparer et saura satisfaire les petits comme les grands., A la casserole : portez à ébullition 1/2 litre d'eau et 1/4 de litre de lait demi écrémé. Retirez la casserole du feu et laissez tiédir 2 à 3 minutes. Versez les flocons en pluie en les répartissant bien dans le liquide. Patientez 30 sec, remuez c'est prêt. Au micro-ondes : versez 1/2 litre d'eau et 1/4 de litre de lait demi écrémé dans un plat adapté. Versez les flocons en pluie en les répartissant bien dans le liquide. Faites chauffer à pleine puissance pendant 4 à 6 min. Remuez c'est prêt., Pommes de terre déshydratées 86%, lait entier en poudre (10% minimum), émulsifiant E471, stabilisant E450, antioxydant E304, conservateur E226 (sulfites), colorant E100., Valeur énergétique en Joules :  1520kj, Valeur énergétique en Kcal : 358kcal, Glucides : 77g, Lipides : 1,1g, Protides :8,7g, A conserver à l'abri de la chaleur, de l'humidité et de la lumière. Conditionné sous atmosphère protectrice.]|"
4,32€ / Kg"|"
1,62 €"
2892|Purée de pommes de terre|Les 2 sachets, 194g|[Origine : FRANCE, Délicatement parfumée au romarin, la Purée de Pommes de Terre Bjorg est savoureuse, onctueuse et se prépare avec succès en un tour de main.... A la fois simple et raffinée, la Purée de Pommes de Terre Bjorg est l'accompagnement idéal pour toutes vosviandes, et fera le bonheur des petits comme des grands. Source de protéines végétales et sans matières grasses, la Purée de Pommes de Terre Bjorg constitue un accompagnement facile et rapide à cuisiner., *Pommes de terre (99,9%), *extrait de romarin. *100% des ingrédients d'origine agricole ont été obtenus selon les règles de la production biologique., Valeur énergétique en Joules :  1357Kj, Valeur énergétique en Kcal : 319,3Kcal, Glucides : 71g, Lipides : 0,1g, Protides :8,6g, A conserver dans un endroit frais et sec.]|"
16,34€ / Kg"|"
3,17 €"
2893|Purée de pommes de terre|Les 2 sachets, 194g|[Origine : FRANCE, Délicatement parfumée au romarin, la Purée de Pommes de Terre Bjorg est savoureuse, onctueuse et se prépare avec succès en un tour de main.... A la fois simple et raffinée, la Purée de Pommes de Terre Bjorg est l'accompagnement idéal pour toutes vosviandes, et fera le bonheur des petits comme des grands. Source de protéines végétales et sans matières grasses, la Purée de Pommes de Terre Bjorg constitue un accompagnement facile et rapide à cuisiner., *Pommes de terre (99,9%), *extrait de romarin. *100% des ingrédients d'origine agricole ont été obtenus selon les règles de la production biologique., Valeur énergétique en Joules :  1357Kj, Valeur énergétique en Kcal : 319,3Kcal, Glucides : 71g, Lipides : 0,1g, Protides :8,6g, A conserver dans un endroit frais et sec.]|"
16,34€ / Kg"|"
3,17 €"
2894|Mousline Saveur à l'Ancienne Presse-Purée|Les 3 sachets, 375g|[Origine : FRANCE, Comme dans une purée maison ! Retrouvez une texture moulinée inédite avec de petits morceaux fondants de pommes de terre.Onctueuse et légère en matières grasses, votre purée Mousline est une très bonne façon de consommer plus de féculents au quotidien, ce que les experts recommandent pour notre équilibre., Pour 4 personnes : 1 sachet. A la casserole : dans une casserole, porter à ébullition 400ml d'eau et 200ml de lait. Inutile de saler. Maintenez l'ébullition 1 minute. Retirez la casserole du feu et sans attendre versez les flocons en pluie tout en mélangeant à l'aide d'une fouet. Laissez reposer 2 minutes. Mélangez, c'est prêt ! Astuce gourmande : ajouter une noisette de beurre pour encore plus de plaisir ! Préparation au micro-ondes déconseillée., Ingrédients: Pomme de terre 84%, lait écrémé, huile végétale, sel, lactose, crème laitière, protéines de lait, émulsifiant : monostéarate de glycérol, arômes, stabilisant : diphosphate de sodium, antioxygènes : palmitate d'ascorbyl, disulfite de sodium, noix de muscade. Peut contenir des traces d'oeuf, soja, blé, céleri, moutarde.]|"
8,77€ / Kg"|"
3,29 €"
2895|Purée de pomme de terre, sachets induviduels|Les 4 sachets de 30g|[Origine : FRANCE, Le meilleur de la pomme de terre dans une purée onctueuse au goût unique, pour le plaisir de ceux que vous aimez.Pour faire cette purée, nous sélectionnons rigoureusement la qualité et l'origine Française de nos pommes de terre. Elles sont ensuite finement pelées et cuites à la vapeur pour préserver leurs qualités nutritionnelles et vous garantir une recette sans colorant ni conservateur., Au micro-ondes (850/900 watts) : remplissez le doseur jusqu'au niveau indiqué (soit 1/3 de lait, 2/3 d'eau). Versez dans un récipient adapté au four à micro-ondes. Salez à votre convenance. Versez les flocons tout en remuant pour bien les répartir dans le liquide. Faites chauffer 1 minute à 1 minute 30. Mélangez, c'est prêt ! A la casserole : remplissez-le doseur jusqu'au niveau indiqué (soit 1/3 de lait, 2/3 d'eau). Faites chauffer dans une casserole jusqu'à ébullition. Retirez la casserole dufeu. Salez à votre convenance. Versez les flocons en une seule fois tout en remuant. Laissez reposer quelques instants. Mélangez c'est prêt !, Ingrédients: Pomme de terre 99%, émulsifiant : monostéarate de glycérol (issu du colza), antioxydant : acide ascorbique*, stabilisant : diphosphate de sodium, arômes, épice. *acide ascorbique = vitamines C. Peut contenir des traces de lait., Conditionné sous atmosphère protectrice.]|"
8,80€ / Kg"|"
1,10 €"
2896|Purée de pomme de terre en flocons|Le sachet de 125g|[Origine : FRANCE, Le meilleur de la pomme de terre dans une purée onctueuse au goût unique, pour le plaisir de ceux que vous aimez.Pour faire cette purée, nous sélectionnons rigoureusement la qualité et l'origine Française de nos pommes de terre. Elles sont ensuite finement pelées et cuites à la vapeur pour préserver leurs qualités nutritionnelles et vous garantir une recette sans colorant et sans conservateur., Pour 4 personnes (1 sachet) : au four à micro-ondes (850/900 watts) : dans un récipient adapté au micro-ondes, mélangez 500 ml d'eau et 250 ml de lait. Versez le contenu du sachet en mélangeant bien. Faites chauffer 4 minutes. Salez à votre convenance. Mélangez, c'est prêt. A la casserole : dans une casserole, portez à petite ébullition 500 ml d'eau et 250 ml de lait (ou 400 ml d'eau et 400 ml de lait pour une texture plus onctueuse et légère). Retirez la casserole du feu et attendez 2 minutes.Versez le contenu du sachet tout en remuant. Laissez reposer quelques instants. Salez à votre convenance, mélangez, c'est prêt., Ingrédients: Pomme de terre 99%, émulsifiant : mono- et diglycérides d'acides gras (issu du colza), stabilisant : diphosphates, arômes, épice, antioxydant : extraits de romarin. Peut contenir des traces de lait., Conditionné sous atmosphère protectrice.]|"
6,24€ / Kg"|"
0,78 €"
2897|Purée de pommes de terre en flocons avec crème et noix de muscade, saveur à l'ancienne|Les 4 sachets de 1 assiette soit 125g|[Origine : FRANCE, Redécouvrez le goût de la purée d'autrefois dans cette recette unique à la crème, relevée d'une pointe de noix de muscade.Pour faire cette purée, nous sélectionnons rigoureusement la qualité et l'origine Française de nos pommes de terre. Elles sont ensuite finement pelées et cuites à la vapeur pour préserver leurs qualités nutritionnelles et vous garantir une recette sans colorant ni conservateur., 1 assiette (1sachet). Au four à micro-ondes (850/900 watts) : remplissez le doseur avec du lait jusqu'au premier niveau puis complétez avec de l'eau jusqu'au deuxième niveau (soit 1/3 lait, 2/3 eau). Versez dans un récipient adapté au four à micro-ondes. Versez les flocons tout en remuant pour bien les répartir dans le liquide. Inutile de saler. Faites chauffer 1 minute à 1 minute 30. Mélangez, c'est prêt ! A la casserole : remplissez le doseur avec du lait jusqu'au premier niveau puis complétez avec de l'eau jusqu'au deuxième niveau (soit 1/3 lait, 2/3 eau). Faites chauffer dans une casserole jusqu'à ébullition., Ingrédients: Pomme de terre 89%, crème laitière 3,5%, sel, fécule de pomme de terre, émulsifiant : monostéarate de glycérol (d'origine végétale), beurre de cuisine, lait écrémé, épices, oignon, arômes (lécithine de soja), antioxydant : acide ascorbique*, extrait de muscade.  *acide ascorbique = vitamines C. Peut contenir des traces de blé, oeuf, céleri, moutarde., Conditionné sous atmosphère protectrice.]|"
13,04€ / Kg"|"
1,63 €"
2898|Purée saveur à l'ancienne, crème et noix de muscade|Les 4 sachets de 125g soit 500g|[Origine : FRANCE, Redécouvrez le goût de la purée d'autrefrois dans cette recette unique à la crème, relevée d'une pointe de noix de muscade.Pour faire cette purée, nous sélectionnons rigoureusement la qualité et l'origine Française de nos pommes de terre. Elles sontensuite finement pelées et cuites à la vapeur pour préserver leurs qualités nutritionnelles et vous garantir une recette sans colorant et sans conservateur., Au four à micro-ondes (850/900watts) : dans un récipient adapté au four à micro-ondes, verser 500ml d'eau (soit 1/2 litre) + 250ml de lait (soit 1/4 litre). Versez le contenu du sachet en mélangeant bien. Faites chauffer 5 minutes. Attendez 2 minutes avant de mélanger à nouveau. Inutile de saler. C'est prêt. A la casserole : dans une casserole portez à petite ébullition 500ml d'eau (soit 1/2 litre) + 250ml de lait (soit 1/4 litre). Retirez la casserole du feu et laissez tiédir 2 minutes. Versezle contenu du sachet et remuez délicatement. Laissez reposer 2 minutes avant de mélanger à nouveau. Inutile de saler. C'est prêt., Ingrédients: Pommes de terre 89%, crème laitière 3,5%, sel, fécule de pomme de terre, émulsifiant : monostéarate de glycérol (d'origine végétale), beurre de cuisine, lait écrémé, épices, oignon, arômes (lécithine de soja), antioxydant : acide ascorbique*, extrait de muscade.  *Acide ascorbique = vitamines C. Peut contenir des traces de blé, oeuf, céleri, moutarde., Conditionné sous atmosphère protectrice.]|"
7,30€ / Kg"|"
3,65 €"
2899|Mousline Emmental|La boîte de 160g|[Origine : FRANCE, Redécouvrez le goût de la purée d'autrefois dans cette recette unique où se marient la gourmandise de l'Emmental et le goût fruité du Comté !Du goût et de l'équilibre. Onctueuse et légère en matières grasses, votre purée Mousline est une très bonne façon de consommer plus de féculents au quotidien, ce que les experts recommandent pour notre équilibre., Pour 3 personnes (1 sachet). Au four à micro-ondes (850/900 watts). Dans un récipient adapté au four à micro-ondes, versez 250 ml d'eau (soit 1/4 litre) + 200 ml de lait. Versez le contenu du sachet en mélangeant bien avec une cuillère en bois. Faites chauffer 4 minutes. Retirez le saladier du four à micro-ondes avec des gants protecteurs. Attendez 2 minutes et mélangez. Inutile de saler. C'est prêt ! A la casserole : dans une casserole, portez à petite ébullition 250ml d'eau + 200ml de lait. Retirez la casserole du feu. Versez sans attendre le contenu du sachet en une seule fois et remuez délicatement. Laissez reposer 2 minutes et mélangez. Inutile de saler. C'est prêt., Ingrédients: Pomme de terre 77%, fromages 12,9% (emmental 11,9%, Comté 1%), sel, arômes, fécule de pomme de terre, crème laitière, émulsifiant : monostéarate de glycérol, beurre de cuisine, lait écrémé, épice, antioxydant : acide ascorbique = vitamine C, extraits de poivre et de muscade. Peut contenir des traces de : blé, céleri, oeuf., Conditionné sous atmosphère protectrice.]|"
19,94€ / Kg"|"
3,19 €"
2900|Tendresse de lait, purée de pommes de terre en flocons au lait, onctueuse et gourmande|Les 4 sachets, 125g|[Origine : FRANCE, Le meilleur de la pomme de terre allié à la douceur du lait pour une purée unique et source de calcium. Donnez du bon à ceux que vous aimez., Au Pour 1 assiette (1 sachet) : au four à micro-ondes (850/900 watts) : versez le lait dans le doseur jusqu'au deuxième niveau. Dans un récipient adapté au four à micro-ondes, reversez le lait. Ajoutez le contenu du sachet en mélangeant bien. Faiteschauffer 1 minute. Laissez reposer quelques instants. Salez à votre convenance. Mélangez c'est prêt. A la casserole : versez le lait dans le doseur jusqu'au deuxième niveau. Versez dans une petite casserole et faites chauffer à petite ébullition. Retirez la casserole du feu, attendez 2 minutes. Versez le contenu du sachet tout en remuant. Laissez reposer quelques instants. Salez à votre convenance. Mélangez c'est prêt., Ingrédients: Pommes de terre 86%, lait entier 12,5%, beurre de cuisine, émulsifiants : monostéarate de glycérol (d'origine végétale), lécithine de soja, antioxydant : acide ascorbique*, stabilisant : diphosphate de sodium, arômes, épice. *Acide ascorbique = vitamine C., Conditionné sous atmosphère protectrice.]|"
11,28€ / Kg"|"
1,41 €"
2901|Mousline saveur à l'ancienne façon aligot|La boîte de 2 sachets de 80g, soit 160g|[Origine : FRANCE, Nous sélectionnons rigoureusement la qualité et l'origine Française de nos pommes de terre. Elle sont finement pelées et cuites à la vapeur pour préserver leurs qualités nutritionnelles., Au micro-ondes : dans un récipient adapté au four à micro-ondes, versez 300ml d'eau, 50ml de lait et 2 cuillères à soupe de crème liquide. Versez le contenu du sachet en mélangeant bien avec une cuillère en bois. Faites chauffer 5 minutes. Retirez lesaladier du four à micro-ondes avec des gants protecteurs. Attendez 2 minutes et mélangez. Inutile de saler. C'est prêt. A la casserole : dans une casserole, portez à ébullition 300ml d'eau, 50ml de lait et 2 cuillères à soupe de crème liquide. Retirez la casserole du feu, attendez 2 minutes. Versez le contenu du sachet en une seule fois et remuez délicatement. Laissez reposer quelques instants. Mélangez avec une cuillère en bois. Inutile de saler. C'est prêt., Ingrédients: Pomme de terre 78%, tome d'Auvergne 9%, crème légère 4%, sel, fécule de pomme de terre, arômes, beurre de cuisine, lait écrémé, muscade, curcuma, émulsifiant : monostéarate de glycérol, antioxydant : acide ascorbique=vitamine C, extraitsde poivre et d'ail.  Peut contenir des traces de blé, céleri, oeuf., Conditionné sous atmosphère protectrice.]|"
18,38€ / Kg"|"
2,94 €"
2902|Mousline tendresse de lait|La boîte de 3 sachets de 125g, soit 375g|[Origine : FRANCE, Le bon goût de la pomme de terre allié à la douceur du lait pour une purée unique et onctueuse. Donnez du bon à ceux que vous aimez. Pour faire cette purée, nous sélectionnons rigoureusement la qualité et l'origine Française de nos pommes de terre. Elle sont ensuite finement pelées et cuites à la vapeur pour préserver leurs qualités nutritionnelles et vous garantir une recette sans colorant et sans conservateur., 3 sachets = 12 assiettes. Au micro-ondes : dans un récipient adapté au four à micro-ondes, versez 750 ml de lait. Versez le contenu du sachet en mélangeant bien avec une cuillère en bois. Faites chauffer 5 minutes à 850/900 watts. Retirez le saladierdu four à micro-ondes avec des gants protecteurs. Attendez 2 minutes et mélangez. Salez à votre convenance. A la casserole : dans une casserole, portez à ébullition 750 ml de lait. Retirez la casserole du feu, attendez 2 minutes. Versez le contenu du sachet en une seule fois et remuez délicatement. Laissez reposer 2 minutes et mélangez. Salez à votre convenance., Ingrédients: Pommes de terre 86%, lait entier 12,5%, beurre de cuisine, émulsifiants : monostéarate de glycérol (issu du colza), lécithine de soja, antioxydant : extraits de romarin, stabilisant : diphosphate de sodium, arômes, épices., Conditionné sous atmosphère protectrice.]|"
6,88€ / Kg"|"
2,58 €"
2903|Purée mousline|La boîte de 8 sachets de 130g, soit 1,04kg|[Origine : FRANCE, Mousline, une purée légère et onctueuse au goût unique, pour faire plaisir à ceux que vous aimez. Pour faire cette purée, nous sélectionnons rigoureusement la qualité et l'origine Française de nos pommes de terre. Elles sont ensuite finement pelées et cuites à la vapeur pour préserver leurs qualités nutritionnelles et vous garantir une recette sans colorant et sans conservateur., Au four à micro-ondes : dans un récipient adapté au micro-ondes, mélangez 500 ml d'eau et 250 ml de lait. Versez le contenu du sachet en mélangeant bien. Faites chauffer 4 minutes à 850/900 watts. Salez à votre convenance. Mélangez, c'est prêt. A lacasserole : dans une casserole, portez à ébullition 500 ml d'eau et 250 ml de lait (ou 400 ml d'eau et 350 ml de lait pour une texture plus onctueuse et légère). Retirez la casserole du feu et attendez 2 minutes. Versez le contenu du sachet tout en remuant. Laissez reposer quelques instants. Salez à votre convenance, mélangez, c'est prêt., Ingrédients: Pomme de terre 99%, émulsifiant : mono- et diglycérides d'acides gras issu du colza), stabilisant : diphosphates, arômes, épice, antioxydant : extraits de romarin. Peut contenir des traces de lait., Conditionné sous atmosphère protectrice.]|"
4,13€ / Kg"|"
4,30 €"
2904|Purée mousline|Le boîte de 4 sachets de 130g, soit 520g|[Origine : FRANCE, Mousline, une purée légère et onctueuse au goût unique, pour faire plaisir à ceux que vous aimez., 1 sachet = 4 assiettes. Au four à micro-ondes : dans un récipient adapté au micro-ondes, mélangez 500 ml d'eau et 250 ml de lait. Versez le contenu du sachet en mélangeant bien. Faites chauffer 4 minutes à 850/900 watts. Salez à votre convenance. Mélangez, c'est prêt. A la casserole : dans une casserole, portez à ébullition 500 ml d'eau et 250 ml de lait (ou 400 ml d'eau et 350 ml de lait pour une texture plus onctueuse et légère). Retirez la casserole du feu et attendez 2 minutes. Versez le contenu du sachet tout en remuant. Laissez reposer quelques instants. Salez à votre convenance, mélangez, c'est prêt., Ingrédients: Pomme de terre 99%, émulsifiant : mono- et diglycérides d'acides gras issu du colza), stabilisant : diphosphates, arômes, épice, antioxydant : extraits de romarin. Peut contenir des traces de lait., Conditionné sous atmosphère protectrice.]|"
4,46€ / Kg"|"
2,32 €"
2905|Mélange de 3 riz|Le paquet de 500g|[Origine : FRANCE, Du rouge pour la couleur, du noir pour le croquant, du blanc pour le goût, ce mélange savoureux réjouit l'oeil et le palais. Laissez-vous tenter., Dosage : 60g environ par personne, soit 1 verre pour 2 personnes. Cuisson traditionnelle dite 'à la créole' : versez 1 volume de riz dans 5 volumes d'eau salée bouillante. Couvrir et laisser cuire à feu moyen pendant 20 à 25min. Cuisson pilaf ou Pilaw : faire revenir 1 volume de riz dans une cuillère à soupe d'huile ou de beurre fondu, jusqu'à ce que les grains soient translucides. Ajouter 1.5 volume d'eau salée bouillante, couvrir et laisser cuire à feu doux jusqu'à complète absorption, soit 20à 25min., Riz blanc étuvé 60%, riz sauvage 20%, riz rouge 20%., Conserver à l'abri de la chaleur et de l'humidité.]|"
6,96€ / Kg"|"
3,48 €"
2906|Riz basmati, certifié AB|Le paquet de 500g|[Origine : THAILANDE, Riz basmati long grain de qualité supérieure issu de l'agriculture biologique., Versez le riz dans un grand volume d'eau bouillante salée. Laissez cuire à feu doux 10 minutes pour un riz ferme et 12 minutes pour un riz plus moelleux. Egouttez et servez., Riz basmati long grain de qualité supérieure issu de l'agriculture biologique., Valeur énergétique en Joules :  1485kj, Valeur énergétique en Kcal : 350kcal, Glucides : 78g, Lipides : 0,6g, Protides :7,6g, A conserver au sec, à l'abri de la chaleur et de la lumière. Bien refermer le sachet après utilisation. Conditionne sous atmosphère protectrice.]|"
5,00€ / Kg"|"
2,50 €"
2907|Riz basmati, certifié AB|Le paquet de 500g|[Origine : THAILANDE, Riz basmati long grain de qualité supérieure issu de l'agriculture biologique., Versez le riz dans un grand volume d'eau bouillante salée. Laissez cuire à feu doux 10 minutes pour un riz ferme et 12 minutes pour un riz plus moelleux. Egouttez et servez., Riz basmati long grain de qualité supérieure issu de l'agriculture biologique., Valeur énergétique en Joules :  1485kj, Valeur énergétique en Kcal : 350kcal, Glucides : 78g, Lipides : 0,6g, Protides :7,6g, A conserver au sec, à l'abri de la chaleur et de la lumière. Bien refermer le sachet après utilisation. Conditionne sous atmosphère protectrice.]|"
5,00€ / Kg"|"
2,50 €"
2908|Riz basmati long grain, naturellement parfumé|Le paquet de 500g|[Origine : FRANCE, MONOPRIX GOURMET à la conquête de nouvelles saveurs. Le riz basmati est le plus connu des riz aromatiques. Ses grains ont un arôme proche de la noisette et restent toujours moelleux après cuisson., Dosage : 60 g environ par personne. Cuisson traditionnelle : Verser 1 volume de riz dans 5 volumes d'eau bouillante salée. Laisser cuire à feu doux sans couvrir 10 à 12 minutes selon votre goût. Egoutter, accommoder et déguster. Cuisson pilaf : Fairerevenir 1 volume de riz dans une cuillère à soupe d'huile ou de beurre, jusqu'à ce que les grains soient translucides. Ajouter 1,5 volumes d'eau bouillante salée, couvrir et laisser cuire à feu doux jusqu'à complète absorption (environ 10 minutes)., 100% Riz basmati. Origine : Inde., Afin de conserver toutes ses qualités, ce riz est conditionné sous atmosphère protectrice. Conserver à l'abri de la chaleur et de l'humidité.]|"
4,54€ / Kg"|"
2,27 €"
2909|Riz basmati long grain, naturellement parfumé|Le paquet de 500g|[Origine : FRANCE, MONOPRIX GOURMET à la conquête de nouvelles saveurs. Le riz basmati est le plus connu des riz aromatiques. Ses grains ont un arôme proche de la noisette et restent toujours moelleux après cuisson., Dosage : 60 g environ par personne. Cuisson traditionnelle : Verser 1 volume de riz dans 5 volumes d'eau bouillante salée. Laisser cuire à feu doux sans couvrir 10 à 12 minutes selon votre goût. Egoutter, accommoder et déguster. Cuisson pilaf : Fairerevenir 1 volume de riz dans une cuillère à soupe d'huile ou de beurre, jusqu'à ce que les grains soient translucides. Ajouter 1,5 volumes d'eau bouillante salée, couvrir et laisser cuire à feu doux jusqu'à complète absorption (environ 10 minutes)., 100% Riz basmati. Origine : Inde., Afin de conserver toutes ses qualités, ce riz est conditionné sous atmosphère protectrice. Conserver à l'abri de la chaleur et de l'humidité.]|"
4,54€ / Kg"|"
2,27 €"
2910|Riz basmati naturellement parfumé|Le paquet de 5 sachets cuisson de 90g|[Origine : FRANCE, Riz basmati long grain de qualité supérieure., 1 sachet convient pour 1 à 2 personnes. Plongez le sachet dans l'eau bouillante salée. Laissez cuire 10 minutes à feu doux pour un riz ferme et 12 minutes pour un riz plus moelleux. Retirez le sachet en glissant une fourchette dans l'anse. Ouvrez lesachet et servez., Riz basmati long grain de qualité supérieure., Valeur énergétique en Joules :  1515kj, Valeur énergétique en Kcal : 357kcal, Glucides : 78g, Lipides : 1,2g, Protides :8,5g, A conserver dans un endroit frais et sec.]|"
4,29€ / L"|"
1,93 €"
2911|Riz basmati naturellement parfumé, 10 minutes|Le paquet de 1kg|[Origine : FRANCE, Dosage par personne : 60g. Riz créole : versez le riz dans un grand volume d'eau bouillante salée. Laissez cuire à feu doux, 10 minutes pour un riz ferme, 12 minutes pour un riz plus moelleux. Egouttez et servez. Riz pilaf : dans une sauteuse, faitesrevenir le riz avec un peu de beurre ou d'huile. Remuez jusqu'à ce que les grains deviennent translucides. Ajoutez alors 3 volumes d'eau bouillante salée. Couvrez et laissez cuire à feu doux jusqu'à absorption du liquide., Riz Basmati long grain de qualité supérieure., Valeur énergétique en Joules :  1473kj, Valeur énergétique en Kcal : 347kcal, Glucides : 71g, Lipides : 1,8g, Protides :11g, A conserver dans un endroit frais et sec.]|"
2,98€ / Kg"|"
2,98 €"
2912|Riz basmati naturellement parfumé, 10 minutes|Le paquet de 500g|[Origine : INDE, Dosage par personne : 60g. Riz créole : versez le riz dans un grand volume d'eau bouillante salée. Laissez cuire à feu doux, 10 minutes pour un riz ferme, 12 minutes pour un riz plus moelleux. Egouttez et servez. Riz pilaf : dans une sauteuse, faitesrevenir le riz avec un peu de beurre ou d'huile. Remuez jusqu'à ce que les grains deviennent translucides. Ajoutez alors 3 volumes d'eau bouillante salée. Couvrez et laissez cuire à feu doux jusqu'à absorption du liquide., Riz Basmati long grain de qualité supérieure., Valeur énergétique en Joules :  1473kj, Valeur énergétique en Kcal : 347kcal, Glucides : 71g, Lipides : 1,8g, Protides :11g, A conserver dans un endroit frais et sec.]|"
3,66€ / Kg"|"
1,83 €"
2913|Riz cuisinée à la mediterranéenne tomates basilic, ail romarin et origan|Le doypack de 250g|[Origine : FRANCE, Riz long étuvé précuit 72% (eau, riz), tomates 10%, purée de tomates 6%, sauce tomate au basilic (concentré de tomate 1,8%, basilic 0,9%, huile de tournesol, eau, sucre, sel, fécule de manioc, fécule de pomme de terre), huile de tournesol, plantes aromatiques (ail 0,6%, romarin 0,2%, basilic 0,2, origan 0,2%), arôme naturel, tomate en poudre 0,7%, jus de citron concentré, sucre, sel, colorant : extrait de paprika, acidifiant : acide citrique.]|"
5,40€ / Kg"|"
1,35 €"
2914|Riz long basmati étuvé précuit|Le sachet de 250g|[Origine : FRANCE, Riz long basmati étuvé précuit., Assouplissez le sachet pour bien répartir le riz. Au micro-ondes (pour un four ayant une puissance restituée de 800 Watts) : ouvrez le haut du sachet sur 2 à 3 cm et placez le verticalement dans le four pendant 2 minutes. Sortez le sachet en le prenant par les coins pour éviter de vous brûler. Ouvrez complètement le sachet. Versez le riz dans une assiette en l'égrainant avec une fourchette. A la poêle : versez 3 cuillères à soupe d'eau avec le contenu du sachet. Egrainez le riz avec une fourchette et laissez cuire à feu moyen 2 à 3 minutes., Riz basmati précuit 97%, huile de tournesol, sel, arôme naturel (contient du lactose), antioxygène : E330 (contient du blé), coriandre., Valeur énergétique en Joules :  698Kj, Valeur énergétique en Kcal : 167KCal, Glucides : 34g, Lipides : 1,6g, Protides :3,6g, A conserver à température ambiante, à l'abri de la chaleur et de l'humidité. Après ouverture, à conserver au réfrigérateur et à consommer rapidement.]|"
4,44€ / Kg"|"
1,11 €"
2915|Riz long basmati étuvé précuit au citron et à l'aneth|Le sachet 250g|[Origine : FRANCE, Riz long basmati étuvé précuit au citron et à l'aneth., Assouplissez le sachet pour bien répartir le riz. Au micro-ondes (pour un four ayant une puissance restituée de 800 Watts) : ouvrez le haut du sachet sur 2 à 3 cm et placez le verticalement dans le four pendant 2 minutes. Sortez le sachet en le prenant par les coins pour éviter de vous brûler. Ouvrez complètement le sachet. Versez le riz dans une assiette en l'égrainant avec une fourchette. A la poêle : versez 3 cuillères à soupe d'eau avec le contenu du sachet. Egrainez le riz avec une fourchette et laissez cuire à feu moyen 2 à 3 minutes., Riz basmati étuvé précuit 96%, enrobeur citron 2% (contient du soja), sel, pulpe de citron concentré 0.6%, fumet de poisson (arômes (exhausteur de goût : E621), arôme naturel vin blanc, acidifiant : E330, colorant : E150c, contient : poisson, blé, lait, céleri), aneth 0.4%, arôme naturel., Valeur énergétique en Joules :  702, Valeur énergétique en Kcal : 166, Glucides : 31, Lipides : 2,4, Protides :4,5, A conserver à température ambiante, à l'abri de la chaleur et de l'humidité. Après ouverture, à conserver au réfrigérateur et à consommer rapidement.]|"
5,04€ / Kg"|"
1,26 €"
2916|Riz long basmati étuvé précuit au curry|Le sachet de 250g|[Origine : FRANCE, Riz long basmati étuvé précuit au curry., Assouplissez le sachet pour bien répartir le riz. Au micro-ondes (pour un four ayant une puissance restituée de 800 Watts) : ouvrez le haut du sachet sur 2 à 3 cm et placez le verticalement dans le four pendant 2 minutes. Sortez le sachet en le prenant par les coins pour éviter de vous brûler. Ouvrez complètement le sachet. Versez le riz dans une assiette en l'égrainant avec une fourchette. A la poêle : versez 3 cuillères à soupe d'eau avec le contenu du sachet. Egrainez le riz avec une fourchette et laissez cuire à feu moyen 2 à 3 minutes., Riz basmati étuvé précuit 95%, huile de tournesol, colombo 0.5%, sel, curry 0.4% (contient de la moutarde), ail, sucre., Valeur énergétique en Joules :  670, Valeur énergétique en Kcal : 150, Glucides : 30, Lipides : 1,9, Protides :4,5, A conserver à température ambiante, à l'abri de la chaleur et de l'humidité. Après ouverture, à conserver au réfrigérateur et à consommer rapidement.]|"
5,04€ / Kg"|"
1,26 €"
2917|Riz long blanc, certifié AB|Le paquet de 500g|[Origine : FRANCE, Riz long blanc.    Issu de l'agriculture biologique., à conserver dans un endroit sec et frais; à protéger de la chaleur]|"
3,72€ / Kg"|"
1,86 €"
2918|Riz long blanc, certifié AB|Le paquet de 500g|[Origine : FRANCE, Riz long blanc.    Issu de l'agriculture biologique., à conserver dans un endroit sec et frais; à protéger de la chaleur]|"
3,72€ / Kg"|"
1,86 €"
2919|Riz long complet, certifié AB|Le paquet de 500g|[Origine : FRANCE, Monoprix a sélectionné pour vous, avec des entreprises partenaires, des produits issus de l'agriculture biologique. Leurs modes de production et de transformation sont contrôlés et certifiés par un organisme indépendant, conformément à la règlementation en vigueur. Les producteurs emploient des fertilisants respectueux de l'environnement et pratiquent la rotation des cultures afin de garder des sols vivants et une fertilité durable., Plongez 60g de riz par personne dans de l'eau bouillante un peu salée. Laissez cuire à couvert et à feu moyen pendant 25 minutes environ., Riz long complet*. *Issu de l'agriculture biologique., Valeur énergétique en Joules :  1414, Valeur énergétique en Kcal : 333, Glucides : 71g, Lipides : 2,2g, Protides :7,4g, Conservez à l'abri de la chaleur et de l'humidté.]|"
3,36€ / Kg"|"
1,68 €"
2920|Riz long complet, certifié AB|Le paquet de 500g|[Origine : FRANCE, Monoprix a sélectionné pour vous, avec des entreprises partenaires, des produits issus de l'agriculture biologique. Leurs modes de production et de transformation sont contrôlés et certifiés par un organisme indépendant, conformément à la règlementation en vigueur. Les producteurs emploient des fertilisants respectueux de l'environnement et pratiquent la rotation des cultures afin de garder des sols vivants et une fertilité durable., Plongez 60g de riz par personne dans de l'eau bouillante un peu salée. Laissez cuire à couvert et à feu moyen pendant 25 minutes environ., Riz long complet*. *Issu de l'agriculture biologique., Valeur énergétique en Joules :  1414, Valeur énergétique en Kcal : 333, Glucides : 71g, Lipides : 2,2g, Protides :7,4g, Conservez à l'abri de la chaleur et de l'humidté.]|"
3,36€ / Kg"|"
1,68 €"
2921|Riz long et blanc de Camargue|Le paquet de 500g|[Origine : FRANCE, Baigné de soleil et de vent, la Camargue donne toute sa force et sa saveur légèrement salée à ce riz d'exception., Dosage : 60g par personne soit 1 verre pour 2 personnes. Cuisson traditionnelle dite 'à la créole' : verser 1 volume de riz dans 5 volumes d'eau salée bouillante. Couvrir et laisser cuire à feu moyen pendant 10 à 15min. Cuisson Pilaf ou Pilaw : fairerevenir 1 volume de riz dans une cuillère à soupe d'huile ou de beurre fondu, jusqu'à ce que les grains soient translucides. Ajouter 1.5 volume d'eau salée bouillante, couvrir et laisser cuire à feu doux jusqu'à complète absorption, soit 10 à 15min., Riz long blanc de Camargue., Conserver à l'abri de la chaleur et de l'humidité.]|"
4,02€ / Kg"|"
2,01 €"
2922|Riz long grain  prêt en 10mn incollable|Le paquet de 1kg|[Origine : FRANCE, 60g de personne. Riz créole : verser le riz dans un grand volume d'eau bouillante salée. Laisser cuire à feu doux 10 min pour un riz ferme et 12 min pour un riz plus moelleux. Egoutter et servir. Riz pilaf : dans une poêle, faire revenir le riz avecun peu de beurre ou d'huile. Remuer jusqu'à ce que les grains soient translucides. Ajouter alors 3 volumes d'eau bouillante salée. Couvrir et laisser cuire à feu doux jusqu'à absorption du liquide., Riz long étuvé de qualité supérieure incollable., Valeur énergétique en Joules :  1529kj, Valeur énergétique en Kcal : 360kcal, Glucides : 78g, Lipides : 1g, Protides :9g, A conserver dans un endroit frais et sec.]|"
2,42€ / Kg"|"
2,42 €"
2923|Riz pour risotto Arborio|Le paquet de 500g|[Origine : FRANCE, Sélectionné pour sa grande capacité à absorber la saveur des condiments, l'Arborio est cultivé dans Le Piémont depuis 400 ans., Dosage : 70g à 80g par personne en plat unique, 50g en accompagnement. Cuisson Pilaf ou Pilaw : faire revenir 1 volume de riz dans une cuillère à soupe d'huile ou de beurre fondu, jusqu'à ce que les grains soient translucides. Ajouter 1.5 volume d'eau salée bouillante, couvrir et laisser cuire à feu doux jusqu'à complète absorption, soit 15 à 20 min., Riz, variété Arborio., Conserver à l'abri de la chaleur et de l'humidité.]|"
4,62€ / Kg"|"
2,31 €"
2924|Riz rond de qualité supérieur, pour recettes sucrées et salées.|Le paquet de 500g|[Origine : FRANCE, riz rond de qualité supérieure., Valeur énergétique en Joules :  1473kj, Valeur énergétique en Kcal : 347kcal, Glucides : 78g, Lipides : 0,6g, Protides :6,6g, A conserver dans un endroit sec à l'abri de la lumière et de l'humidité.]|"
2,32€ / Kg"|"
1,16 €"
2925|Riz thaï, certifié AB|Le paquet de 500g|[Origine : THAILANDE, Riz thaï long grain de qualité supérieure issu de l'agriculture biologique., Versez le riz dans un grand volume d'eau bouillante salée. Laissez cuire à feu doux 10 minutes pour un riz ferme et 12 minutes pour un riz plus moelleux. Egouttez et servez., Riz thaï long grain de qualité supérieure issu de l'agriculture biologique., Valeur énergétique en Joules :  1474kj, Valeur énergétique en Kcal : 347kcal, Glucides : 77g, Lipides : 0,8g, Protides :7,4g, A conserver au sec, à l'abri de la chaleur et de la lumière. Bien refermer le sachet après utilisation. Conditionne sous atmosphère protectrice.]|"
5,00€ / Kg"|"
2,50 €"
2926|Riz thaï, certifié AB|Le paquet de 500g|[Origine : THAILANDE, Riz thaï long grain de qualité supérieure issu de l'agriculture biologique., Versez le riz dans un grand volume d'eau bouillante salée. Laissez cuire à feu doux 10 minutes pour un riz ferme et 12 minutes pour un riz plus moelleux. Egouttez et servez., Riz thaï long grain de qualité supérieure issu de l'agriculture biologique., Valeur énergétique en Joules :  1474kj, Valeur énergétique en Kcal : 347kcal, Glucides : 77g, Lipides : 0,8g, Protides :7,4g, A conserver au sec, à l'abri de la chaleur et de la lumière. Bien refermer le sachet après utilisation. Conditionne sous atmosphère protectrice.]|"
5,00€ / Kg"|"
2,50 €"
2927|Riz Thaï long grain, naturellement parfumé|Le paquet de 500g|[Origine : FRANCE, MONOPRIX GOURMET à la conquête de nouvelles saveurs. Le riz thaï se distingue par sa forme fine et longue mais aussi par ses qualités aromatiques naturelles., Conseil d'utilisation : Dosage : 60g environ par personne. Cuisson traditionnelle : Verser 1 volume de riz dans 5 volumes d'eau bouillante salée. Laisser cuire à feu doux sans couvrir 10 à 12 minutes selon votre goût. Egoutter, accommoder et déguster. Cuisson pilaf : faire revenir 1 volume de riz dans une cuillère à soupe I'huile ou de beurre, jusqu'à ce que les grains soient translucides. Ajouter 1,5 volumes d'eau bouillante salée, couvrir et laisser cuire à feu doux jusqu'à complète absorption(environ 10/12 minutes)., Riz Origine : Thaïlande., Conserver à l'abri de la chaleur et de l'humidité.]|"
4,62€ / Kg"|"
2,31 €"
2928|Riz Thaï long grain, naturellement parfumé|Le paquet de 500g|[Origine : FRANCE, MONOPRIX GOURMET à la conquête de nouvelles saveurs. Le riz thaï se distingue par sa forme fine et longue mais aussi par ses qualités aromatiques naturelles., Conseil d'utilisation : Dosage : 60g environ par personne. Cuisson traditionnelle : Verser 1 volume de riz dans 5 volumes d'eau bouillante salée. Laisser cuire à feu doux sans couvrir 10 à 12 minutes selon votre goût. Egoutter, accommoder et déguster. Cuisson pilaf : faire revenir 1 volume de riz dans une cuillère à soupe I'huile ou de beurre, jusqu'à ce que les grains soient translucides. Ajouter 1,5 volumes d'eau bouillante salée, couvrir et laisser cuire à feu doux jusqu'à complète absorption(environ 10/12 minutes)., Riz Origine : Thaïlande., Conserver à l'abri de la chaleur et de l'humidité.]|"
4,62€ / Kg"|"
2,31 €"
2929|Riz thaï naturellement parfumé, 10 minutes|Le paquet de 500g|[Origine : INDE, Dosage par personne : 60g. Riz créole : versez le riz dans un grand volume d'eau bouillante salée. Laissez cuire à feu doux, 10 minutes pour un riz ferme, 12 minutes pour un riz plus moelleux. Egouttez et servez. Riz pilaf : dans une sauteuse, faitesrevenir le riz avec un peu de beurre ou d'huile. Remuez jusqu'à ce que les grains deviennent translucides. Ajoutez alors 3 volumes d'eau bouillante salée. Couvrez et laissez cuire à feu doux jusqu'à absorption du liquide., Riz long grain Thaï de qualité supérieure., Valeur énergétique en Joules :  1546Kj, Valeur énergétique en Kcal : 364KCal, Glucides : 80g, Lipides : 1g, Protides :8g, A conserver dans un endroit frais et sec.]|"
3,20€ / Kg"|"
1,60 €"
2930|Riz Thaï naturellement parfumé, 10 minutes|Le sachet de 1kg|[Origine : FRANCE, Dosage par personne : 60g. Riz créole : versez le riz dans un grand volume d'eau bouillante salée. Laissez cuire à feu doux, 10 minutes pour un riz ferme, 12 minutes pour un riz plus moelleux. Egouttez et servez. Riz pilaf : dans une sauteuse, faitesrevenir le riz avec un peu de beurre ou d'huile. Remuez jusqu'à ce que les grains deviennent translucides. Ajoutez alors 3 volumes d'eau bouillante salée. Couvrez et laissez cuire à feu doux jusqu'à absorption du liquide., Riz long grain Thaï de qualité supérieure., Valeur énergétique en Joules :  1546kj, Valeur énergétique en Kcal : 364kcal, Glucides : 80g, Lipides : 1g, Protides :8g, A conserver dans un endroit frais et sec.]|"
2,85€ / Kg"|"
2,85 €"
2931|Riz à poêler, doré & moelleux|Le sachet de 400g|[Origine : FRANCE, Lustucru vous propose le premier Riz à Poêler prêt en seulement 4 minutes ! Délicatement soufflés, ses grains prennent à la cuisson une couleur dorée. Ce mode de cuisson à la poêle, pratique et rapide, confère au riz une texture irrésistible et un goût savoureux. Le Riz à Poêler de Lustucru et un peu d'imagination, c'est un plat délicieux qui fera le bonheur des petits et des grands !, En plat principal : 90g de riz par personne. Cuisson : 4 minutes à la poêle., Riz long grain 98%, huile de tournesol, arôme, antioxydant : extrait de romarin., Valeur énergétique en Joules :  1600Kj, Valeur énergétique en Kcal : 377Kcal, Glucides : 81g, Lipides : 2,4g, Protides :7,9g, A conserver dans un endroit sec.]|"
5,68€ / Kg"|"
2,27 €"
2932|Riz basmati|Les 5 sachets de 90g|[Origine : BELGIQUE, Lustucru a sélectionné pour vous les meilleurs grains Basmati Pure Origine et vous garantit un riz sans mélange avec d'autres variétés. Grâce à Lustucru Sélection Basmati, vous êtes assurés de savourer en famille un véritable riz parfumé.]|"
6,27€ / Kg"|"
2,82 €"
2933|Riz complet cuisson 10 minutes, pré-cuisson vapeur|Le paquet de 450g|[Origine : FRANCE, Pour son riz complet, Lustucru a sélectionné avec le plus grand soin un savoureux riz long grain.Un passage à la vapeur permet de concentrer en son coeur les richesses naturelles du grain et lui confère un temps de cuisson de 10 min seulement ! Sa texture moelleuse, son léger goût de céréales et ses qualités nutritionnelles permettent ainsi d'allier praticité, plaisir gourmand et bienfaits pour l'organisme., 1 verre, environ 90g = 1 personne. Cuisson créole en eau limitée : versez 1 volume de riz dans 5 volumes d'eau bouillante, salée. Laissez cuire à petite ébullition pendant 10min pour un riz ferme. Cuisson pilaf : faites revenir 1 volume de riz dans une cuillère à soupe d'huile ou de beurre jusqu'à ce que les grains soient translucides. Ajoutez 2 volumes d'eau bouillante salée. Couvrez hermétiquement et laissez cuire à feu doux jusqu'à complète absorption du liquide., Riz complet long grain étuvé., Valeur énergétique en Joules :  1536Kj, Valeur énergétique en Kcal : 362Kc, Glucides : 76.5g, Lipides : 3.2g, Protides :6.9g, A conserver dans un endroit sec.]|"
4,78€ / Kg"|"
2,15 €"
2934|Riz long grain cuisson express 5 minutes|Les 5 sachets de 90g|[Origine : FRANCE, En plat principal : 1 sachet = 1 personne. Plongez le sachet dans 1 litre d'eau bouillante salée à votre convenance. Laissez cuire à feu vif entre 5 et 6 minutes selon le moelleux souhaité. Sortez le sachet en glissant une fourchette dans l'anse prévue à cet effet. Egouttez. Ouvrez le sachet en le déchirant au niveau du coin supérieur. Versez le riz dans un plat. Accommodez selon votre goût., Valeur énergétique en Joules :  1542Kj, Valeur énergétique en Kcal : 363Kc, Glucides : 81g, Lipides : 1.2g, Protides :7.1g, A conserver dans un endroit sec.]|"
5,04€ / Kg"|"
2,27 €"
2935|Thaï sélection, riz naturellement parfumé, cuisson 10min.|Les 5 sachets de 90g|[Origine : FRANCE, Lustucru a sélectionné pour vous les meilleurs grains Thaï Pure Origine et vous garantit un riz sans mélange avec d'autres variétés. Grâce à Lustucru Sélection Thaï, vous êtes assurés de savourer en famille un véritable riz parfumé., Facile à doser : 1 sachet = 1 dose pour 1 personne. Plongez le sachet dans 1 litre d'eau bouillante salée. Laissez cuire au temps de cuisson désiré : 9min. = ferme, 10min. = tendre, 11min. = moelleux. Sortez le sachet en glissant une fourchette dansl'anse prévue à cet effet. Egouttez. Ouvrez le sachet en le déchirant au niveau de l'encoche prédécoupée. Versez le riz dans un plat. Accommodez selon votre goût.  Casserole., A conserver dans un endroit sec.]|"
5,82€ / Kg"|"
2,62 €"
2936|Risotti pronto|Le paquet de 175g|[Origine : FRANCE, Risotto Pronto de Riso Gallo est une gamme de délicieux risotto, comme seuls les italiens savent le faire., Verser 2 mesures d'eau froide pour 1 de riz (175g de Risotto = 450ml d'eau). Portez à ébullition puis baisser le feu. Cuire pendant 12min en remuant de temps en temps jusqu'à absorption complète de l'eau. Goûter, ajouter une noix de beurre ou de l'huile et du Parmesan. Servir chaud., Riz étuvé* 87%, cèpes (boletus edulis et groupe relatif) 2,5%, arômes (contient lait), sel de cuisine, fécule de pommes de terre, protéines de lait, oignon, maltodextrine, extrait de levure, sucre, fromage fondu en poudre (avec stabilisateur: E339),persil 0,13%, ail. Produit dans un site utilisant des céréales contenant du gluten, lait, poissons, crustacés, mollusques et produits dérivés. *100% riso per Risotto. Sans colorant. Sans glutamate monosodique adjoint. Sans graisses hydrogénées., Valeur énergétique en Joules :  1476kj, Valeur énergétique en Kcal : 348kcal, Glucides : 75,4g, Lipides : 1,2g, Protides :8,1g, A conserver à l'abri de la lumière dans un endroit frais et sec.  Conditionné sous atmosphère protectrice.]|"
14,17€ / Kg"|"
2,48 €"
2937|Risotto pronto aux asperges|Le paquet de175g|[Origine : FRANCE, Risotto Pronto de Riso Gallo est une gamme de délicieux risotto, comme seuls les italiens savent le faire., 2 portions. Verser 2 mesures d'eau froide pour 1 de riz. (175 g de risotto = 450 ml d'eau). Porter à ébullition puis baisser le feu. Cuire pendant 12 min en remuant de temps en temps jusqu'à absorption complète de l'eau. Goûter, ajouter une noix de beurre ou de l'huile et du parmesan. Servir chaud., Riz étuvé 87%, arômes (contient lait), fromage fondu en poudre (avec stabilisateur E339), protéines de lait, fécules de pomme de terre, sel de cuisine, asperges en morceaux 0,8%, asperges en poudre 0,8%, maltodextrine, sucre, oignon, extrait de levure, persil 0,13%, ciboulette, curcuma. Produit dans un site utilisant des céréales contenant du gluten, lait, poissons, crustacés, mollusques et produits dérivés. Contient des traces de ces substances. Sans colorant, sans glutamate monosodique adjoint, sans graisses hydrogénées., Valeur énergétique en Joules :  1473kj, Valeur énergétique en Kcal : 347kcal, Glucides : 74,5g, Lipides : 1,2g, Protides :8,9g, A conserver à l'abri de la lumière dans un endroit frais et sec. Conditionné sous atmosphère protectrice.]|"
13,94€ / Kg"|"
2,44 €"
2938|Riz long pour risotto|Le paquet de 500g|[Origine : FRANCE, Valeur énergétique en Joules :  349Kj, Valeur énergétique en Kcal : 1482Kcal, Glucides : 78g, Lipides : 1g, Protides :7g]|"
7,10€ / Kg"|"
3,55 €"
2939|Riz noir venere 18 minutes|Le paquet de 500g|[Origine : ITALIE, Valeur énergétique en Joules :  1503kj, Valeur énergétique en Kcal : 355kcal, Glucides : 73,0g, Lipides : 3,0g, Protides :7,0g]|"
9,80€ / Kg"|"
4,90 €"
2940|Le basmati du penjab|Le paquet de 1kg|[Origine : ESPAGNE, Le riz Basmati provient des hauts plateaux du Penjab, situés aux frontières de l'inde et du Pakistan. Vous apprécierez son goût unique, la finesse de ses grains et sa blancheur intense. Taureau Ailé a sélectionné pour vous cette variété traditionnelle de riz Basmati au goût d'exception., Cuisson pilaf : faites revenir un volume de riz dans une cuillerée d'huile ou de beurre jusqu'à ce que les grains soient translucides. Ajoutez 1,5 volume d'eau bouillante salée. Couvrez et laissez cuire à feu moyen jusqu'à complète absorption de l'eau (environ 11 minutes). Cuisson créole : versez un volume de riz dans 5 volumes d'eau bouillante salée. Laissez cuire 10-12 minutes à couvert et à feu moyen. Enfin, égouttez et dégustez., 100% riz long grain - origine Inde ou Pakistan, Valeur énergétique en Joules :  1490kj, Valeur énergétique en Kcal : 351kcal, Glucides : 77g, Lipides : 0,8g, Protides :8,7g, A conserver dans un endroit sec et frais. Bien refermer après usage grâce à la languette adhésive pour conserver tout le parfum de votre riz.]|"
3,80€ / Kg"|"
3,80 €"
2941|Le basmati du penjab|Le paquet de 500g|[Origine : ESPAGNE, Le riz Basmati provient des hauts plateaux du Penjab, situés aux frontières de l'inde et du Pakistan. Vous apprécierez son goût unique, la finesse de ses grains et sa blancheur intense. Taureau Ailé a sélectionné pour vous cette variété traditionnelle de riz Basmati au goût d'exception., Cuisson pilaf : faites revenir un volume de riz dans une cuillerée d'huile ou de beurre jusqu'à ce que les grains soient translucides. Ajoutez 1,5 volume d'eau bouillante salée. Couvrez et laissez cuire à feu moyen jusqu'à complète absorption de l'eau (environ 11 minutes). Cuisson créole : versez un volume de riz dans 5 volumes d'eau bouillante salée. Laissez cuire 10-12 minutes à couvert et à feu moyen. Enfin, égouttez et dégustez., 100% riz long grain - origine Inde ou Pakistan, Valeur énergétique en Joules :  1490kj, Valeur énergétique en Kcal : 351, Glucides : 77g, Lipides : 0,8g, Protides :8,7d, A conserver dans un endroit sec et frais. Bien refermer après usage grâce à la languette adhésive pour conserver tout le parfum de votre riz.]|"
4,84€ / Kg"|"
2,42 €"
2942|Le basmati gold|Le sachet de 500g|[Origine : ITALIE, Taureau Ailé a sélectionné pour vous cette alliance unique de riz Basmati et de graines croquantes : un mélange de saveurs et de textures pour encore plus de plaisir et de raffinement ! Le Basmati Gold c'est l'alliance du parfum délicat du riz Basmati avec le croquant du sésame toasté, le doré du lin, et la douceur du quinoa rouge., 125 g = 1 dose pour deux personnes. Cuisson pilaf : faites revenir 1 volume de riz dans 1 cuillerée d'huile ou de beurre jusqu'à ce que les grains soient translucides. Ajoutez 1,5 volume d'eau bouillante salée. Couvrez et laissez cuire à feu moyen jusqu'à complète absorption de l'eau (environ 11 minutes). Cuisson créole : versez 1 volume de riz dans 5 volumes d'eau bouillante salée. Laissez cuire 10 à 12 minutes à couvert et à feu moyen. Enfin, égouttez et dégustez., Riz Basmati (92%),  graines  de sÍsame (4%), graines de lin jaunes (2%), graines de quinoa rouge (2%)., Valeur énergétique en Joules :  1576, Valeur énergétique en Kcal : 372, Glucides : 73, Lipides : 4.2, Protides :9.8, A conserver dans un endroit sec. Bien refermer après usage grâce à la languette adhésive pour préserver tout le parfum de votre riz.]|"
5,92€ / Kg"|"
2,96 €"
2943|Le riz parfumé|Le paquet de 500g|[Origine : ESPAGNE, Découvrez l'alliance unique de deux riz spécialement sélectionnés par les experts de Taureau Ailé pour former un mélange délicatement parfumé et d'un parfaite harmonie en bouche., 125 g = 2 personnes. Cuisson Pilaf (recommandée par Taureau Ailé) : faites revenir 1 volume de riz dans 1 cuillerée d'huile ou de beurre jusqu'à ce que les grains soient translucides. Ajoutez 1,5 volume d'eau bouillante salée. Couvrez et laissez cuire à feu moyen jusqu'à complète absorption de l'eau (environ 11 minutes). Cuisson Créole : versez 1 volume de riz dans 5 volumes d'eau bouillante salée. Laissez cuire 10 à 12 minutes à couvert à feu moyen. Enfin, égouttez et dégustez., MÍlange de Riz Basmati et de riz long  Origine du riz : Penjab (Basmati), Espagne (Indica), Valeur énergétique en Joules :  1490kj, Valeur énergétique en Kcal : 351kcal, Glucides : 77g, Lipides : 0,8g, Protides :8,7g, A conserver dans un endroit sec. Bien refermer après usage grâce à la languette adhésive pour préserver tout le parfum de votre riz.]|"
4,72€ / Kg"|"
2,36 €"
2944|Riz arborio pour risotto|Le paquet de 500g|[Origine : FRANCE, Taureau Ailé a sélectionné pour vous le Riz Long Arborio issu des régions du Piémont et de la Lombardie en Italie où il est cultivé depuis 400 ans.Riz préféré des italiens pour ses qualités de cuisson incomparables, le riz Arborio permet de réaliserun délicieux Risotto à la fois 'al dente' et crémeux, croquant au coeur et fondant en bouche, la texture idéale du risotto italien., A déguster simplement nature, en accompagnement ou marié à de savoureux ingrédients. Cuisson 15 min., Riz long blanchi de qualité supérieure. Origine : Piémont-Lombardie, Italie, Valeur énergétique en Joules :  1494kj, Valeur énergétique en Kcal : 352kcal, Glucides : 78,6g, Lipides : 1,1g, Protides :6,9g, A conserver dans un endroit frais et sec.]|"
5,08€ / Kg"|"
2,54 €"
2945|Riz basmati pur Himalaya|Le sachet de 500g|[Origine : BELGIQUE, Le Basmati Pur Himalaya : grain très beau, très blanc. Parfum délicat et subtil., Valeur énergétique en Joules :  1495kj, Valeur énergétique en Kcal : 352kcal, Glucides : 77g, Lipides : 0,8g, Protides :9g]|"
5,60€ / Kg"|"
2,80 €"
2946|Long grain tradition, cuisson 20 min, grande sélection incollable|La boîte de 1Kg|[Origine : PAYS-BAS, Uncle Ben's, c'est toujours un succès.Depuis 60 ans, Uncle Ben's inventeur du riz incollable, recherche et innove pour vous offrir une qualité de riz toujours meilleure. Aujourd'hui, Uncle Ben's vous propose un riz encore plus facile à cuisiner, savoureux et incollable grâce à un meulage unique et breveté. Ainsi le riz Uncle Ben's s'adaptera avec succès à tous vos plats : aussi bon en salade, qu'en accompagnement de vos poissons, viandes, Facile à préparer ! Par excès d'eau : Portez un grand volume d'eau à ébullition. Ajoutez le riz et une pincée de sel si vous le souhaitez. Couvrez et laissez cuire à feux doux pendant 20 min. Egouttez. Servez. Bon appétit ! Par absorption : dans unecasserole, versez 2 volumes d'eau pour un volume de riz et ajoutez une pincée de sel si vous le souhaitez. Couvrez et portez à ébullition, puis laissez cuire à feu doux jusqu'à complète absorption de l'eau (environ 20 min). Servez. Bon appétit !, 100% riz long grain étuvé. Naturellement sans gluten., Valeur énergétique en Joules :  1462, Valeur énergétique en Kcal : 349,3, Glucides : 77, Lipides : 0,4, Protides :7,7, A conserver dans un endroit sec à température ambiante.]|"
3,88€ / Kg"|"
3,88 €"
2947|Risotto poulet, champignons aux herbes et épices|Le sachet de 250g|[Origine : FRANCE, Dégustez un de nos délicieux risottos poulet et champignons, prêt en quelques minutes seulement. Tous nos ingrédients sont de qualité : du poulet, des champignons et absolument aucun colorant, conservateur ou arôme artificiel., 2 personnes. Au four à micro-ondes : malaxer le sachet pour séparer les grains de riz. Ajoutez 100 ml d'eau (ou de lait pour un risotto plus crémeux). Réchauffer 3 minutes au micro-ondes à 700 W ou 2 minutes à 900 W. Mélangez (attention c'est chaud !) et laissez reposer 1 minute. Dégustez ! Dans une poêle : malaxez le sachet pour séparer les grains de riz. Ajoutez le contenu du pochon dans une poêle. Ajoutez 100 ml d'eau ou de lait et portez à ébullition. Laisser mijoter pendant 3 minutes en remuant délicatement jusqu'à ce que le risotto soit onctueux et crémeux. Dégustez !, Riz précuit (78%), champignons (8%) (champignons de Paris), filet de poulet (7%) (poulet (85%), eau, fécule de pomme de terre, sel), huile de tournesol, arôme naturel, crème, sel, persil, ail, oignon en poudre, extrait de levure, thym, épices., Valeur énergétique en Joules :  754kj, Valeur énergétique en Kcal : 178kcal, Glucides : 32,6g, Lipides : 3,1g, Protides :4,6g, A conserver au frais et au sec. Le risotto non-réchauffé se conserve 3 jours au réfrigérateur après ouverture. Conditionné sous atmosphère protectrice.]|"
11,40€ / Kg"|"
2,85 €"
2948|Risotto tomate & herbes italiennes|Le sachet de 250g|[Origine : FRANCE, Dégustez un de nos délicieux risottos tomates et herbes italiennes, prêt en quelques minutes seulement. Tous nos ingrédients sont de qualité : de la tomate, des herbes italiennes et absolument aucun colorant, conservateur ou arôme artificiels., 2 personnes. Au four à micro-ondes : malaxer le sachet pour séparer les grains de riz. Ajoutez 100 ml d'eau (ou de lait pour un risotto plus crémeux). Réchauffer 3 minutes au micro-ondes à 700 W ou 2 minutes à 900 W. Mélangez (attention c'est chaud !) et laissez reposer 1 minute. Dégustez ! Dans une poêle : malaxez le sachet pour séparer les grains de riz. Ajoutez le contenu du pochon dans une poêle. Ajoutez 100 ml d'eau ou de lait et portez à ébullition. Laisser mijoter pendant 3 minutes en remuant délicatement jusqu'à ce que le risotto soit onctueux et crémeux. Dégustez ! Convient aux végétariens., Riz précuit (75%), tomates (9%), crème, purée de tomate, huile végétale, bouillon de légumes (contient céleri), sel, ail, herbes, origan, sucre, oignons en poudre, basilic, antioxydants (acide ascorbique), colorants (extraits de paprika), poivre noir. Sans colorant, arôme, ni conservateur artificiel., Valeur énergétique en Joules :  750kj, Valeur énergétique en Kcal : 178kcal, Glucides : 31,4g, Lipides : 3,9g, Protides :3,7g, A conserver au frais et au sec. Conditionné sous atmosphère protectrice. Le risotto non-réchauffé se conserve 3 jours au réfrigérateur après ouverture.]|"
10,92€ / Kg"|"
2,73 €"
2949|Riz aux petits légumes|Le doypack de 250g|[Origine : FRANCE, Servez le riz aux petits légumes avec un filet de cabillaud pour savourer un délicieux repas., Convient aux végétariens. Pour 1 ou 2 personnes. Malaxez le sachet pour séparer les grains de ris. Préparation à la poêle : faites bouillir 30 ml (2 cuillères à soupe) d'eau. Ajoutez le riz. Couvrez et laissez mijoter pendant 3 minutes. Préparation au four à micro-ondes : ouvrez le haut du sachet sur 4 cm. Réchauffez 2 minutes à puissance 700W ou 90 secondes à 900W., Riz Long Grain précuit à la vapeur (79%), carotte (7%), poireau (5%), huile de tournesol, échalote, ciboulette, crème, jus de citron, arôme naturel, oignon en poudre, sel, extrait de levure, épices. Sans colorant*, ni conservateur*, ni arôme artificiels. *selon la législation., Valeur énergétique en Joules :  739kj, Valeur énergétique en Kcal : 175kcal, Glucides : 31,5g, Lipides : 3,7g, Protides :3,5g, A conserver dans un endroit frais et sec. Après ouverture, le riz non-réchauffé se conserve 3 jours au réfrigérateur.]|"
7,76€ / Kg"|"
1,94 €"
2950|Riz basmati|La boîte de 500g|[Origine : FRANCE, Le riz Basmati Uncle Ben's est caractérisé par un goût subtil et une couleur blanche naturelle. Il apporte ainsi une touche exotique dans votre cuisine !, Faites bouillir un grand volume d'eau. Plongez le sachet. Couvrez et laissez cuire 10 minutes. Sortez le sachet et laissez le riz s'égoutter. Ouvrez grâce à l'encoche prédécoupée. Videz le sachet en saisissant le coin froid. Bon appétit !, 100% riz Basmati. Sans gluten., Valeur énergétique en Joules :  1489kj, Valeur énergétique en Kcal : 351kcal, Glucides : 76,0g, Lipides : 1,1g, Protides :9,0g, A conserver dans un endroit sec et à température ambiante.]|"
5,48€ / Kg"|"
2,74 €"
2951|Blé précuit prêt en 10 minutes|La boîte de 500g|[Origine : FRANCE, Dosage : 60 g de produit sec par personne. Verser le blé dans un grand volume d'eau bouillante salée. Laisser cuire 10 minutes à feu vif et sans couvrir pour un blé ferme et 12 minutes pour un blé plus moelleux. Egoutter et servir., Grains de blé dur précuits., Valeur énergétique en Joules :  1511kj, Valeur énergétique en Kcal : 357kcal, Glucides : 67g, Lipides : 1,8g, Protides :15g, A conserve à l'abri de la chaleur, de l'humidité et de la lumière.]|"
3,06€ / Kg"|"
1,53 €"
2952|Boulgour au légumes du soleil, certifié AB|Le sachet de 240g|[Origine : FRANCE, Monoprix a sélectionné pour vous, avec des entreprises partenaires, des produits issus de l'agriculture biologique. Leurs modes de production et de transformation sont contrôlés et certifiés par un organisme indépendant conformément à la réglementation en vigueur., Eau, boulgour* (25%), oignon* (11,4%), poivron rouge* (11,4%), courgettes* (8,6%), huile de tournesol*, jus de citron*, sel, huile d'olive vierge extra* (0,6%), piment doux*, poivre*, ail*. *Ingrédients issus de l'agriculture biologique., 1 personne. Ouvrez le haut du sachet sur 2cm. Réchauffez 2 minutes au micro-ondes à 750W. Laissez refroidir le sachet 30 secondes, puis prenez-le avec précaution par les bords pour ne pas vous brûler. Ouvrez-le entièrement et mélangez., A conserver à température ambiante. Après ouverture, conserver au réfrigérateur et consommer rapidement.]|"
9,67€ / Kg"|"
2,32 €"
2953|Boulgour au légumes du soleil, certifié AB|Le sachet de 240g|[Origine : FRANCE, Monoprix a sélectionné pour vous, avec des entreprises partenaires, des produits issus de l'agriculture biologique. Leurs modes de production et de transformation sont contrôlés et certifiés par un organisme indépendant conformément à la réglementation en vigueur., Eau, boulgour* (25%), oignon* (11,4%), poivron rouge* (11,4%), courgettes* (8,6%), huile de tournesol*, jus de citron*, sel, huile d'olive vierge extra* (0,6%), piment doux*, poivre*, ail*. *Ingrédients issus de l'agriculture biologique., 1 personne. Ouvrez le haut du sachet sur 2cm. Réchauffez 2 minutes au micro-ondes à 750W. Laissez refroidir le sachet 30 secondes, puis prenez-le avec précaution par les bords pour ne pas vous brûler. Ouvrez-le entièrement et mélangez., A conserver à température ambiante. Après ouverture, conserver au réfrigérateur et consommer rapidement.]|"
9,67€ / Kg"|"
2,32 €"
2954|Boulgour gros grain bio|La boîte de 500g|[Origine : FRANCE, Dosage pour 1 personne : 60g de boulgour. Cuisson créole : faites bouillir un grand volume d'eau salée et ajoutez une demi cuillère à café d'huile. Versez le boulgour en pluie et laissez cuire à découvert 8 minutes environ, à feu moyen. Arrêtez le feu, laissez gonfler 5 minutes puis égouttez. Cuisson pilaf : faites revenir un volume de boulgour dans un peu de matière grasse, ajoutez deux volumes et demi d'eau chaude salée. Couvrez et laissez cuire à feu doux jusqu'à absorption complète de l'eauen remuant de temps en temps. Laissez reposer 1 à 2 min., Blé dur issu de l'agriculture biologique., Valeur énergétique en Joules :  1403Kj, Valeur énergétique en Kcal : 331KCal, Glucides : 67g, Lipides : 1,8g, Protides :12g, A conserver au sec, au frais et à l'abri de la lumière. Conditionné sous atmosphère protectrice.]|"
5,28€ / Kg"|"
2,64 €"
2955|Boulgour gros grain bio|La boîte de 500g|[Origine : FRANCE, Dosage pour 1 personne : 60g de boulgour. Cuisson créole : faites bouillir un grand volume d'eau salée et ajoutez une demi cuillère à café d'huile. Versez le boulgour en pluie et laissez cuire à découvert 8 minutes environ, à feu moyen. Arrêtez le feu, laissez gonfler 5 minutes puis égouttez. Cuisson pilaf : faites revenir un volume de boulgour dans un peu de matière grasse, ajoutez deux volumes et demi d'eau chaude salée. Couvrez et laissez cuire à feu doux jusqu'à absorption complète de l'eauen remuant de temps en temps. Laissez reposer 1 à 2 min., Blé dur issu de l'agriculture biologique., Valeur énergétique en Joules :  1403Kj, Valeur énergétique en Kcal : 331KCal, Glucides : 67g, Lipides : 1,8g, Protides :12g, A conserver au sec, au frais et à l'abri de la lumière. Conditionné sous atmosphère protectrice.]|"
5,28€ / Kg"|"
2,64 €"
2956|Coucous grain moyen, 1 minute|Le paquet de 4 sachets cuisson rapide de 125g|[Origine : FRANCE, La semoule de blé dur roulée et précuite à la vapeur prend le nom de couscous. Le sachet cuisson permet une préparation facile et toujours réussie. Plus besoin de doser et de surveiller, les grains absorbent la quantité d'eau nécessaire., 1 sachet pour une à deux personnes. Plongez le sachet cuisson dans l'eau bouillante salée pendant 7 minute. Sortez le sachet de l'eau par l'anse à l'aide d'une fourchette. Laissez égoutter. Ouvrez le sachet, versez la graine dans un plat et agrémentez d'une noisette de beurre., Semoule de blé dur de qualité supérieure., Valeur énergétique en Joules :  1508Kj, Valeur énergétique en Kcal : 356Kcal, Glucides : 72g, Lipides : 1,5g, Protides :12g, A conserver dans un endroit à l'abri de la lumière, de la chaleur et de l'humidité.]|"
3,68€ / Kg"|"
1,84 €"
2957|Couscous grain fin|Le paquet de 500g|[Origine : FRANCE, Semoule de blé dur de qualité supérieure., Valeur énergétique en Joules :  1508Kj, Valeur énergétique en Kcal : 356Kcal, Glucides : 72g, Lipides : 1,5g, Protides :12g, Avant ouverture : à conserver à l'abri de la lumière, de la chaleur et de l'humidité.]|"
2,12€ / Kg"|"
1,06 €"
2958|Couscous grain moyen, prêt en 7 min.|Le paquet de 1kg|[Origine : FRANCE, Semoule de blé dur de qualité supérieure., Valeur énergétique en Joules :  1508Kj, Valeur énergétique en Kcal : 356Kcal, Glucides : 72g, Lipides : 1,5g, Protides :12g, Avant ouverture, à conserver à l'abri de la lumière, de la chaleur et de l'humidité.]|"
1,76€ / Kg"|"
1,76 €"
2959|Lentilles corail, certifié AB|Le paquet de 500g|[Origine : FRANCE, Lentilles corail issues de l'agriculture biologique., Prévoir 80 g par personne. Rincez les lentilles. A la casserole : versez les lentilles dans un grand volume d'eau froide. Portez à ébullition et laissez cuire à petits bouillons pendant 10 minutes en remuant de temps en temps., Lentilles corail issues de l'agriculture biologique. Traces de blé., Valeur énergétique en Joules :  1320kj, Valeur énergétique en Kcal : 313kcal, Glucides : 42g, Lipides : 1,7g, Protides :23g, A conserver dans un endroit frais et sec. Produit conditionné sous atmosphère protectrice.]|"
7,40€ / Kg"|"
3,70 €"
2960|Lentilles corail, certifié AB|Le paquet de 500g|[Origine : FRANCE, Lentilles corail issues de l'agriculture biologique., Prévoir 80 g par personne. Rincez les lentilles. A la casserole : versez les lentilles dans un grand volume d'eau froide. Portez à ébullition et laissez cuire à petits bouillons pendant 10 minutes en remuant de temps en temps., Lentilles corail issues de l'agriculture biologique. Traces de blé., Valeur énergétique en Joules :  1320kj, Valeur énergétique en Kcal : 313kcal, Glucides : 42g, Lipides : 1,7g, Protides :23g, A conserver dans un endroit frais et sec. Produit conditionné sous atmosphère protectrice.]|"
7,40€ / Kg"|"
3,70 €"
2961|Lentilles vertes riche en fibre|La boîte de 500g|[Origine : FRANCE, Lentilles vertes issues de l'agriculture biologique., Prévoir 80 g par personne. Rincez les lentilles. A la casserole : versez les lentilles dans un grand volume d'eau froide. Portez à ébullition et laissez cuire à petits bouillons entre 25 à 30 minutes en remuant de temps à autre. A l'autocuiseur : versez les lentilles dans l'eau froide et cuire pendant 10 à 15 minutes après la mise en route de la soupape. Egouttez bien et assaisonnez à votre goût., Lentilles vertes issues de l'agriculture biologique., Valeur énergétique en Joules :  1251kj, Valeur énergétique en Kcal : 298kcal, Glucides : 33g, Lipides : 1,3g, Protides :26g, A conserver dans un endroit frais et sec. Produit conditionné sous atmosphère protectrice.]|"
5,10€ / Kg"|"
2,55 €"
2962|Lentilles vertes riche en fibre|La boîte de 500g|[Origine : FRANCE, Lentilles vertes issues de l'agriculture biologique., Prévoir 80 g par personne. Rincez les lentilles. A la casserole : versez les lentilles dans un grand volume d'eau froide. Portez à ébullition et laissez cuire à petits bouillons entre 25 à 30 minutes en remuant de temps à autre. A l'autocuiseur : versez les lentilles dans l'eau froide et cuire pendant 10 à 15 minutes après la mise en route de la soupape. Egouttez bien et assaisonnez à votre goût., Lentilles vertes issues de l'agriculture biologique., Valeur énergétique en Joules :  1251kj, Valeur énergétique en Kcal : 298kcal, Glucides : 33g, Lipides : 1,3g, Protides :26g, A conserver dans un endroit frais et sec. Produit conditionné sous atmosphère protectrice.]|"
5,10€ / Kg"|"
2,55 €"
2963|Mélange 5 céréales cuisson en 10 minutes|Le paquet de 250 g|[Origine : FRANCE, Monoprix a sélectionné pour vous, avec des entreprises partenaires, des produits issus de l'agriculture biologique. Leurs modes de production et de transformation sont contrôlés et certifiés par un organisme indépendant conformément à la réglementation en vigueur., Epeautre* 35%, orge* 28%, riz long complet* 22%, blé Kamut* 10%, avoine* 5%. *Ingrédients issus de l'agriculture biologique., Comme pour les pâtes et le riz. Faites bouillir une grande quantité d'eau dans une casserole. Ajoutez le sel dans l'eau bouillante et versez les céréales. Après 10 minutes égouttez et assaisonnez selon votre goût., Conserver le produit à l'abri de la lumière, dans un endroit frais, sec, propre et sans odeurs.]|"
7,20€ / Kg"|"
1,80 €"
2964|Mélange 5 céréales cuisson en 10 minutes|Le paquet de 250 g|[Origine : FRANCE, Monoprix a sélectionné pour vous, avec des entreprises partenaires, des produits issus de l'agriculture biologique. Leurs modes de production et de transformation sont contrôlés et certifiés par un organisme indépendant conformément à la réglementation en vigueur., Epeautre* 35%, orge* 28%, riz long complet* 22%, blé Kamut* 10%, avoine* 5%. *Ingrédients issus de l'agriculture biologique., Comme pour les pâtes et le riz. Faites bouillir une grande quantité d'eau dans une casserole. Ajoutez le sel dans l'eau bouillante et versez les céréales. Après 10 minutes égouttez et assaisonnez selon votre goût., Conserver le produit à l'abri de la lumière, dans un endroit frais, sec, propre et sans odeurs.]|"
7,20€ / Kg"|"
1,80 €"
2965|Mélange quinoa boulgour, cuisson rapide, certifié AB|Le paquet de 250g|[Origine : FRANCE, Monoprix a sélectionné pour vous, avec des entreprises partenaires, des produits issus de l'agriculture biologique. Leurs modes de production et de transformation sont contrôlés et certifiés par un organisme indépendant conformément à la réglementation en vigueur., Boulgour de blé dur* 80%, quinoa* 20%. *Ingrédients issus de l'agriculture biologique., Comme pour les pâtes et le riz. Faites bouillir une grande quantité d'eau dans une casserole. Ajoutez le sel dans l'eau bouillante et versez les céréales. Après 10 minutes égouttez et assaisonnez selon votre goût., Conserver le produit à l'abri de la lumière, dans un endroit frais, sec, propre et sans odeurs.]|"
5,88€ / Kg"|"
1,47 €"
2966|Mélange quinoa boulgour, cuisson rapide, certifié AB|Le paquet de 250g|[Origine : FRANCE, Monoprix a sélectionné pour vous, avec des entreprises partenaires, des produits issus de l'agriculture biologique. Leurs modes de production et de transformation sont contrôlés et certifiés par un organisme indépendant conformément à la réglementation en vigueur., Boulgour de blé dur* 80%, quinoa* 20%. *Ingrédients issus de l'agriculture biologique., Comme pour les pâtes et le riz. Faites bouillir une grande quantité d'eau dans une casserole. Ajoutez le sel dans l'eau bouillante et versez les céréales. Après 10 minutes égouttez et assaisonnez selon votre goût., Conserver le produit à l'abri de la lumière, dans un endroit frais, sec, propre et sans odeurs.]|"
5,88€ / Kg"|"
1,47 €"
2967|Quinoa royal|La boîte de 500g|[Origine : FRANCE, Dosage pour 1 personne : 60g de quinoa. Cuisson créole : faites bouillir un grand volume d'eau salée et ajoutez une demi cuillère à café d'huile. Versez le quinoa en pluie et laissez cuire à découvert 8 minutes environ, à feu moyen. Arrêtez le feu, laissez gonfler 5 minutes puis égouttez. Cuisson pilaf : faites revenir un volume de quinoa dans un peu de matière grasse, ajoutez deux volumes et demi d'eau chaude salée. Couvrez et laissez cuire à feu doux jusqu'à absorption complète de l'eau en remuant de temps en temps. Laissez reposer 1 à 2 min., 100% quinoa blanc*. Présence possible de gluten et de soja. *ingrédients issu de l'agriculture biologique et du commerce équitable., Valeur énergétique en Kcal : 373, Glucides : 67g, Lipides : 6,3g, Protides :12g, A conserver au frais et au sec. Conditionné sous atmosphère protectrice.]|"
8,30€ / Kg"|"
4,15 €"
2968|Quinoa royal|La boîte de 500g|[Origine : FRANCE, Dosage pour 1 personne : 60g de quinoa. Cuisson créole : faites bouillir un grand volume d'eau salée et ajoutez une demi cuillère à café d'huile. Versez le quinoa en pluie et laissez cuire à découvert 8 minutes environ, à feu moyen. Arrêtez le feu, laissez gonfler 5 minutes puis égouttez. Cuisson pilaf : faites revenir un volume de quinoa dans un peu de matière grasse, ajoutez deux volumes et demi d'eau chaude salée. Couvrez et laissez cuire à feu doux jusqu'à absorption complète de l'eau en remuant de temps en temps. Laissez reposer 1 à 2 min., 100% quinoa blanc*. Présence possible de gluten et de soja. *ingrédients issu de l'agriculture biologique et du commerce équitable., Valeur énergétique en Kcal : 373, Glucides : 67g, Lipides : 6,3g, Protides :12g, A conserver au frais et au sec. Conditionné sous atmosphère protectrice.]|"
8,30€ / Kg"|"
4,15 €"
2969|Petit cuisiné lentilles, riz et soja, certifié AB|Le sachet de 220g|[Origine : FRANCE, Au micro-ondes : placez le sachet ouvert en haut pendant 2 minutes à puissance maximale. Au bain marie : plongez le sachet fermé pendant 10 minutes dans de l'eau frémissante. Plat sans viande pour 1 personne., Carotte*, eau, lentilles vertes* 14%, riz basmati complet* 12%, oignons*, huile dolive*, farine de soja* 6%, sauce soja* (eau, graines de soja*, blé*, ferment : Aspergillus oryzae), sel marin. * Ingrédients agricoles issus de l'agriculture biologique., Valeur énergétique en Joules :  646Kj, Valeur énergétique en Kcal : 154Kcal, Glucides : 17,2g, Lipides : 6,3g, Protides :7,1g, A conserver dans un endroit frais et sec.]|"
9,64€ / Kg"|"
2,12 €"
2970|Petit cuisiné lentilles, riz et soja, certifié AB|Le sachet de 220g|[Origine : FRANCE, Au micro-ondes : placez le sachet ouvert en haut pendant 2 minutes à puissance maximale. Au bain marie : plongez le sachet fermé pendant 10 minutes dans de l'eau frémissante. Plat sans viande pour 1 personne., Carotte*, eau, lentilles vertes* 14%, riz basmati complet* 12%, oignons*, huile dolive*, farine de soja* 6%, sauce soja* (eau, graines de soja*, blé*, ferment : Aspergillus oryzae), sel marin. * Ingrédients agricoles issus de l'agriculture biologique., Valeur énergétique en Joules :  646Kj, Valeur énergétique en Kcal : 154Kcal, Glucides : 17,2g, Lipides : 6,3g, Protides :7,1g, A conserver dans un endroit frais et sec.]|"
9,64€ / Kg"|"
2,12 €"
2971|Tendre blé, cuisson 10 minutes|La boîte de 500g|[Origine : FRANCE, Blé dur précuit., Deux modes de cuisson simples et rapides. Vous pouvez le cuire dans de l'eau bouillante pendant 10 minutes et ajouter une sauce ou du fromage. Ou faire revenir des oignons pendant quelques minutes dans une poêle. Y ajouter 1 volume d'Ebly et 2 volumes d'eau. Porter à ébullition et cuire jusqu'à absorption de tout le liquide (environ 10 min). Poivrez et agrémentez d'herbes et d'épices de votre choix., Blé dur précuit. Sans conservateur artificiel, sans colorant., Valeur énergétique en Joules :  1506Kj, Valeur énergétique en Kcal : 355kcal, Glucides : 70,5g, Lipides : 1,4g, Protides :12,1g, A conserver dans un endroit sec.]|"
4,10€ / Kg"|"
2,05 €"
2972|Tendre blé à la tomate et au basilic|Le sachet de 220g|[Origine : FRANCE, Dans cette recette, Ebly a marié pour vous ses grains de blé à la tomate et les a délicatement relevés d'une touche de basilic avant de les précuire lentement à la vapeur., Au micro-ondes : avant d'ouvrir le sachet, malaxez-le afin de répartir le blé de façon homogène. Déchirez un coin du haut du sachet. Placez-le dans le micro-ondes (700W) et faites cuire 2min. Retirez-le en le prenant par un coin du sachet. A la poêle: réchauffez 3 cuillères à soupe d'eau dans une poêle. Ajoutez le contenu du sachet. Couvrez et laissez cuire à feux doux jusqu'à totale absorption de l'eau (env. 3 min.)., Valeur énergétique en Joules :  780kj, Valeur énergétique en Kcal : 186kcal, Glucides : 27g, Lipides : 5,6g, Protides :5,2g, A conserver dans un endroit sec se conserve 3 jours au réfrigérateur aprés ouverture.]|"
9,68€ / Kg"|"
2,13 €"
2973|Tendre blé précuit à la vapeur nature à l'huile d'olive|Le sachet de 220g|[Origine : ROYAUME UNI, Ebly, pionnier du blé à cuisiner, est issu d'une coopérative agricole du Centre de la France. Il est délicatement précuit à la vapeur pour préserver toutes ses qualités nutritionnelles. Faible teneur en matière grasse. Source de fibres (1,56 g de fibres pour 100 kcal de produit cuit). Source de protéines végétales., Au micro-ondes : malaxez le sachet. Ouvrez le haut du sachet sur 2 cm. Réchauffez le 2 min au micro-ondes (700W). Astuce : peut être également réchauffé à la poêle en 2 min en ajoutant 3 c. à soupe d'eau., Blé cuit (97%), huile d'olive (1.8%), sel. Sans conservateur., Valeur énergétique en Joules :  650kj, Valeur énergétique en Kcal : 154kcal, Glucides : 27,3g, Lipides : 2,3g, Protides :4,7g, A conserver au frais et au sec. Après ouverture, le blé non-réchauffé se conserve 3 jours au réfrigérateur. Conditionné sous atmosphère protectrice.]|"
8,41€ / Kg"|"
1,85 €"
2974|Semoule moyenne, 100% blé dur, qualité supérieure|Le paquet de 500g|[Origine : FRANCE, Panzani élabore sa semoule de blé dur selon un cahier des charges strict : lors du processus de fabrication, Panzani ne sélectionne que le coeur du grain., Pour vous aider à réussir un plat léger et savoureux à base de semoule, Panzani vous offre ces quelques conseils : semoule moyenne : la semoule moyenne vous permettra d'obtenir une texture plus consistante que la semoule fine. Elle est particulièrement bien adaptée à la réalisation de desserts. Pour bien doser : pour les soupes ou les bouillies, utiliser 20g de semoule pour 1/4 de litre de lait, pour les gâteaux, mettre 30g de semoule pour 1 /4 de litre de lait. Préparation traditionnelle : dansune casserole, porter le liquide (lait, eau ou bouillon) à ébullition et verser la semoule en pluie. Laisser cuire en remuant 5 à 10 minutes selon la consistance souhaitée. Plus rapide : dans un récipient non métallique, mélanger la semoule avec lelait ou l'eau. Mettre au micro-ondes et laisser cuire à puissance maximale pendant 4-5 minutes., 100% semoule de blé dur de qualité supérieure., Valeur énergétique en Joules :  1519Kj, Valeur énergétique en Kcal : 363KCal, Glucides : 72g, Lipides : 2g, Protides :13g, A conserver au sec et après ouverture dans un emballage hermétique.]|"
2,78€ / Kg"|"
1,39 €"
2975|Lentilles vertes|Le paquet de 500g|[Origine : FRANCE, Faciles à préparer, Les Lentilles Vertes se prêtent à toutes les fantaisies : en  potages,  en  salades,  en  légumes d'accompagnement ou encore en purée. Elles  s'associent  à  toutes  sortes  de viandes  et  poissons,   mais  aussi  aux crustacés,oeufs, légumes frais, pâtes et même les pommes de terre. Laissez libre cours à votre imagination !, LE DOSAGE: 1 verre = 2 personnes ou 60 g par personne. TREMPAGE INUTILE.  Faire cuire les lentilles à feu doux dans trois fois leur volume d'eau froide, pendant environ 15 à 20 mn. Faire cuire les lentilles dans une fois et demie leur volume d'eau froide, pendant 9 mn. CONGELATION: Après cuisson, les légumes secs peuvent être congelés., Valeur énergétique en Joules :  1339Kj, Valeur énergétique en Kcal : 315Kcal, Glucides : 45g, Lipides : 1,3g, Protides :24g, A conserver dans un endroit sec et à l'abri de la lumière.]|"
3,50€ / Kg"|"
1,75 €"
2976|Lentille verte du Puy, riche en fibres et en minéraux|La boîte de 500g|[Origine : FRANCE, Véritable 'graine de vie', elle constitue un excellent légume qui encourage à la fois les plaisirs de la table et la recherche de la forme et de la santé. Riche en fer, source de magnésium.En 1819, Jean-Pierre Sabarot donne naissance à une modeste entreprise artisanale qui perpétue aujourd'hui son savoir-faire dans sa région d'origine, la Haute-Loire., 1 verre = 2 personnes ou 80g par personne. Il est inutile de faire tremper les lentilles. Cuisson traditionnelle : faire cuire les lentilles à feu doux dans trois fois leur volume d'eau pendant 15 à 20 minutes environ après le début de l'ébullition.Cuisson à l'autocuiseur : faire cuire les lentilles dans une fois et demie leur volume d'eau pendant 7 minutes environ après la mise en marche de la soupape., Lentille verte du Puy AOP. Traces éventuelles de gluten., Valeur énergétique en Joules :  1339Kj, Valeur énergétique en Kcal : 320KCal, Glucides : 45g, Lipides : 1,3g, Protides :24g, A conserver dans un endroit frais et sec, à l'abri de la lumière.]|"
8,68€ / Kg"|"
4,34 €"
2979|Couscous sachet cuisson|La boîte de 500g|[Origine : FRANCE, Tipiak redécouvre pour vous la cuisine traditionnelle de Méditerranée et s'en inspire pour créer un produit pratique, gourmands et authentique le couscous en sachet cuisson., 1 sachet = 1 à 2 personnes. Portez 1 litre 1/2 d'eau salée à ébullition dans une casserole puis plongez le sachet cuisson. Sortez le sachet avec une fourchette et laissez égoutter 20 secondes. Versez le couscous dans un plat et ajoutez une noix de beurre ou un filet d'huile d'olive. Egrainez à la fourchette et servez immédiatement. Cuisson : 1 minutes 30 c'est prêt, 2 minutes moelleux, 3 minutes fondant., 100% semoule de blé dur. Présence de gluten., Valeur énergétique en Joules :  1576kj, Valeur énergétique en Kcal : 371kcal, Glucides : 80g, Lipides : 1g, Protides :12g, A conserver à l'abri de l'humidité et de la chaleur.]|"
3,98€ / Kg"|"
1,99 €"
2980|Graine Couscous parfumé aux épices du monde|La boîte de 2 sachets de 250g, soit 500g|[Origine : FRANCE, Issue des meilleurs blés durs, la semoule de blé a été roulée puis précuite à la vapeur. Cette graine à la fois moelleuse et aérée, parfumée avec une sélection d'épices. Tipiak a redécouvert la cuisine aux multiples saveurs et senteurs d'Orient et s'en est inspiré pour créer Couscous parfumé aux Epices du monde, pour vous permettre de retrouver facilement et rapidement tous les parfums de cette cuisine de caractère., 1 sachet = 4 personnes. Portez 30 cl d'eau non salée à ébullition. Versez un sachet de graines de couscous dans un saladier. Ajoutez l'eau bouillante et une noix de beurre ou un filet d'huile d'olive. Couvrez et laissez gonfler 5 minutes. Egrainer àla fourchette servez immédiatement. Au micro-ondes : dans un saladier, versez 30 cl d'eau froide puis ajoutez le contenu d'un sachet et une noix de beurre. Laissez cuire 5 minutes*, à couvert. Mélangez à l'aide d'une fourchette et servez. *Puissance: 850W., Semoule de blé dur précuite (92%), épices (1,8%), sel,  huile végétale (tournesol ou colza), arômes, paprika, sirop de glucose, graines de cumin, dextrose. Présence de gluten, lait, céleri. Traces possibles d'oeuf, soja, poisson, crustacés, mollusques, fruits à coques, moutarde, lupin, sésame., Valeur énergétique en Joules :  1606kj, Valeur énergétique en Kcal : 379kcal, Glucides : 76,3g, Lipides : 2,8g, Protides :12,1g, A conserver à l'abri de l'humidité et de la chaleur.]|"
6,66€ / Kg"|"
3,33 €"
2981|Graine de couscous fin|Le paquet de 500g|[Origine : FRANCE, Résultat du savoir faire Tipiak, cette semoule précuite est légère et savoureuse., Cuisson à la sauteuse ou micro-ondes : 1 verre d'eau salée + 1 verre de graine de couscous. Portez à ébullition l'eau salée avec une cuillère à café d'huile par personne dans une sauteuse. Versez la graine de couscous hors du feu puis laissez gonfler4 min tout en remuant. A feu très doux, ajoutez une noix de beurre et égrenez bien à la fourchette. Faites cuire 3 à 4 min (ou 1 min au micro-ondes). Au couscoussier : laissez fondre 2 cuillerées à café de sel dans 50 cl d'eau froide. Mélangez la graine de couscous à la main avec l'eau salée et de de l'huile d'olive puis laissez reposer 15 min. Remplissez d'eau 2/3 votre couscoussier et portez à ébullition. Faites cuire à la vapeur en couvrant. Egrenez à la fourchette de temps en temps. Au boutd'une quinzaine de minutes, versez la graine dans un plat creux, utilisez des gants alimentaires de protection et mélangez à nouveau avec de l'huile d'olive et un peu d'eau : la graine ne doit plus former de mottes. Puis laissez reposer 15 min. Faites cuire encore à la vapeur 10 min environ, votre graine doit être à la fois moelleuse et sèche. Aérez et beurrez la semoule avant de servir., 100% semoule de blé dur. Présence de gluten. Traces possibles d'oeuf., Valeur énergétique en Joules :  1519Kj, Valeur énergétique en Kcal : 358Kcal, Glucides : 72g, Lipides : 2g, Protides :13g, A conserver à l'abri de l'humidité et de la chaleur.]|"
2,66€ / Kg"|"
1,33 €"
2982|Graine de couscous moyen|La boîte de 1kg|[Origine : FRANCE, Résultat du savoir faire Tipiak, cette semoule précuite est légère et savoureuse., Cuisson à la sauteuse ou micro-ondes : 1 verre d'eau salée + 1 verre de graine de couscous. Portez à ébullition l'eau salée avec une cuillère à café d'huile par personne dans une sauteuse. Versez la graine de couscous hors du feu puis laissez gonfler4 min tout en remuant. A feu très doux, ajoutez une noix de beurre et égrenez bien à la fourchette. Faites cuire 3 à 4 min (ou 1 min au micro-ondes). Au couscoussier : laissez fondre 2 cuillerées à café de sel dans 50 cl d'eau froide. Mélangez la graine de couscous à la main avec l'eau salée et de de l'huile d'olive puis laissez reposer 15 min. Remplissez d'eau 2/3 votre couscoussier et portez à ébullition. Faites cuire à la vapeur en couvrant. Egrenez à la fourchette de temps en temps. Au boutd'une quinzaine de minutes, versez la graine dans un plat creux, utilisez des gants alimentaires de protection et mélangez à nouveau avec de l'huile d'olive et un peu d'eau : la graine ne doit plus former de mottes. Puis laissez reposer 15 min. Faites cuire encore à la vapeur 10 min environ, votre graine doit être à la fois moelleuse et sèche. Aérez et beurrez la semoule avant de servir., 100% semoule de blé dur de qualité supérieure. Présence de gluten. Traces possibles d'oeuf., Valeur énergétique en Joules :  1519Kj, Valeur énergétique en Kcal : 358Kcal, Glucides : 72g, Lipides : 2g, Protides :13g, A conserver à l'abri de l'humidité et de la chaleur.]|"
2,38€ / Kg"|"
2,38 €"
2983|Graine de couscous moyen|La boîte de 500g|[Origine : FRANCE, Résultat du savoir faire Tipiak, cette semoule précuite est légère et savoureuse., Cuisson à la sauteuse ou micro-ondes : 1 verre d'eau salée + 1 verre de graine de couscous. Portez à ébullition l'eau salée avec une cuillère à café d'huile par personne dans une sauteuse. Versez la graine de couscous hors du feu puis laissez gonfler4 min tout en remuant. A feu très doux, ajoutez une noix de beurre et égrenez bien à la fourchette. Faites cuire 3 à 4 min (ou 1 min au micro-ondes). Au couscoussier : laissez fondre 2 cuillerées à café de sel dans 50 cl d'eau froide. Mélangez la graine de couscous à la main avec l'eau salée et de de l'huile d'olive puis laissez reposer 15 min. Remplissez d'eau 2/3 votre couscoussier et portez à ébullition. Faites cuire à la vapeur en couvrant. Egrenez à la fourchette de temps en temps. Au boutd'une quinzaine de minutes, versez la graine dans un plat creux, utilisez des gants alimentaires de protection et mélangez à nouveau avec de l'huile d'olive et un peu d'eau : la graine ne doit plus former de mottes. Puis laissez reposer 15 min. Faites cuire encore à la vapeur 10 min environ, votre graine doit être à la fois moelleuse et sèche. Aérez et beurrez la semoule avant de servir., 100% semoule de blé dur de qualité supérieure. Présence de gluten. Traces possibles d'oeuf., Valeur énergétique en Joules :  1567kj, Valeur énergétique en Kcal : 369kcal, Glucides : 72,4g, Lipides : 1,7g, Protides :13g, A conserver à l'abri de l'humidité et de la chaleur.]|"
3,38€ / Kg"|"
1,69 €"
2984|Polenta, semoule de maïs, cuisson 5min.|La paquet de 2 sachets de 250g|[Origine : FRANCE, Préparée en un tour de main, la Polenta Tipiak se prête à de multiples utilisations. Une autre céréale pour accompagner toutes vos viandes.Parmi les recettes de céréales TIPIAK, découvrez la Polenta, plat traditionnel originaire d'Italie. Très appréciée là-bas, elle fait aussi partie du patrimoine culinaire savoyard français., 1 sachet = 4 personnes. Dans une casserole, portez à ébullition 1 litre 1/4 d'eau additionnée d'1 cuillère à café de sel. Versez en pluie 1 sachet tout en remuant à l'aide d'une cuillère en bois. Maintenez à feu doux 5 min en mélangeant constamment,jusqu'à ce que la Polenta se détache des parois. Utilisation : en purée, pour une Polenta onctueuse, ajoutez 1 cuillère à soupe d'huile et servez immédiatement. En gratin, rissolée versez la Polenta dans un récipient pour la mettre en forme ou bien étalez-la sur une plaque. La Polenta durcit en refroidissant, elle peut alors être tranchée après moulage, puis rissolée., 100% semoule de maïs. Traces possibles de gluten, lait, soja, céleri moutarde et lupin., Valeur énergétique en Joules :  1517kj, Valeur énergétique en Kcal : 357kcal, Glucides : 79,9g, Lipides : 1,2g, Protides :6,7g, A conserver à l'abri de de l'humidité et de la chaleur.]|"
3,16€ / Kg"|"
1,58 €"
2985|Préparation à base de blé dur, épautre, tomates avec une touche d'huile d'olive et une pointe de persillade|Le paquet de 2 sachets de 200, soit 400g|[Origine : FRANCE, Tipiak redécouvre pour vous la cuisine méditerranéenne et s'en inspire pour créer un produit unique, gourmand et authentique : Céréales Méditerranéennes., A la poêle : portez 30 cl d'eau à ébullition dans une poêle. Hors du feu, versez le contenu d'un sachet et ajoutez une noix de beurre. Mélangez, couvrez et laissez gonfler 9 minutes. Réchauffez ensuite 1 à 2 minutes à feu doux en égrainant régulièrement avec une fourchette. Au micro-ondes : dans un saladier, versez 30 cl d'eau froide puis ajoutez le contenu d'un sachet et une noix de beurre. Laissez cuire 7 minutes, à couvert. Mélangez à l'aide d'une fourchette et servez., Semoule de blé dur précuite (66%), semoule de maïs précuite (9,7%), flocons de seigle maltés (6,3%), flocons d'orge (3%), arômes, persillade 2,8% (ail 1,8%, persil 1%), farine de blé, flocons d'épeautre (1%), tomates déshydratées (1%), poivrons rouges déshydratés (1%), huile d'olive vierge extra (1%), huile végétale (tournesol ou colza), arôme naturel, sel, cannelle (0,2%), herbes de Provence. Présence de gluten et de céleri. Traces possibles de lait, oeuf, soja, poisson, crustacés, mollusques,fruits à coques, moutarde, lupin et sésame., Valeur énergétique en Joules :  1587Kj, Valeur énergétique en Kcal : 374Kcal, Glucides : 75,7g, Lipides : 2,7g, Protides :11,8g, A conserver à l'abri de l'humidité et de la chaleur.]|"
8,55€ / Kg"|"
3,42 €"
2986|Préparation à base de blé dur, flocons d'orge et d'avoine, lenti lles, pois verts et carottes déshydratés.|Le paquet de 2 sachets x 165G|[Origine : FRANCE, Tipiak redécouvre pour vous l'association des céréales et des légumes secs et s'en inspire pour créer un produit unique, gourmand et authentique : Méli-Mélo., A la poêle : portez 30 cl d'eau à ébullition dans une poêle. Hors du feu, versez le contenu d'un sachet et ajoutez une noix de beurre. Mélangez, couvrez et laissez gonfler 9 minutes. Réchauffez ensuite 1 à 2 minutes à feu doux en égrainant régulièrement avec une fourchette. Au micro-ondes : dans un saladier, versez 30 cl d'eau froide puis ajoutez le contenu d'un sachet et une noix de beurre. Laissez cuire 7 minutes, à couvert. Mélangez à l'aide d'une fourchette et servez., Semoule de blé dur précuite 69%, lentilles précuites déshydratées 6,6%, arôme, pépites de lupin, carottes déshydratées 3,7%, pois verts déshydratés 3%, huile végétale (tournesol ou colza), oignons rôtis, flocons d'orge 1,1%, poireaux déshydratés. Présence de gluten, lupin. Traces possibles de lait, oeuf, soja, poisson, crustacés, mollusques, céleri, moutarde, sésame., Valeur énergétique en Joules :  1553kj, Valeur énergétique en Kcal : 366kcal, Glucides : 70,2g, Lipides : 3,4g, Protides :13,8g, A conserver à l'abri de l'humidité et de la chaleur.]|"
10,73€ / Kg"|"
3,54 €"
2987|Préparation pour Taboulé, huile d'olive, jus de citron et menthe, prêt à compléter avec des légumes frais|Le paquet de 2 sachets 5 personnes, 350g|[Origine : FRANCE, Découvrez la préparation pour Taboulé huile d'olive, jus de citron et menthe TIPIAK, une graine de couscous légère et savoureuse agrémentée de jus de citron, de feuilles de menthe et d'huile d'olive. Une préparation idéale pour retrouver toutes les saveurs du taboulé traditionnel, ou laisser libre cours à vos envies en préparant des taboulés gourmands et pleins de fraîcheur., Verser un sachet de graine dans un grand saladier. Ajoutez les ingrédients de votre choix: 350g minimum. Ajoutez 20cl d'eau froide. Couvrez et laissez reposer 45min au réfrigérateur., Semoule de blé dur précuite (86%), sel, huile d'olive vierge extra (2,4%), maltodextrine de blé, sucre, poudre d'oignon, acidifiant : acide citrique, persil déshydraté, jus de citron déshydraté (équivalent à 1,35% de jus de citron), menthe déshydratée (0,4%), lactose, arômes naturels, dextrose, curcuma, antioxydant : extrait riche en tocophérols, colorant : extrait de paprika. Présence de lait et soja. Traces possibles de céleri et moutarde., Valeur énergétique en Joules :  1520Kj, Valeur énergétique en Kcal : 359Kcal, Glucides : 69,1g, Lipides : 4,1g, Protides :11,4g, A conserver à l'abri de l'humidité et de la chaleur.]|"
8,46€ / Kg"|"
2,96 €"
2988|Amandes goût fumé grillées et salées|Le sachet 75g|[Origine : FRANCE, Ces amandes goût fumé MONOPRIX d'origine Californie vous séduiront par leur croquant et leur goût subtil., Amandes, arôme fumé (exhausteur de goût : E621, épaississant : E415, conservateur : E211, émulsifiants : E472c, E472b), sel 1 %, huile d'arachide, épaississant : gomme arabique. Traces d'autres fruits à coque., Valeur énergétique en Joules :  2605Kj, Valeur énergétique en Kcal : 630Kcal, Glucides : 5g, Lipides : 54g, Protides :26g, Après ouverture, bien refermer le sachet et le placer dans votre réfrigérateur. A consommer dans les 3 jours.]|"
17,73€ / Kg"|"
1,33 €"
2989|Amandes grillées et salées|Le paquet de 120g|[Origine : FRANCE, Valeur énergétique en Joules :  2602kj, Valeur énergétique en Kcal : 630kcal, Glucides : 7,2g, Lipides : 55g, Protides :21g]|"
23,75€ / Kg"|"
2,85 €"
2990|Amandes grillées et salées|Le paquet de 120g|[Origine : FRANCE, Valeur énergétique en Joules :  2602kj, Valeur énergétique en Kcal : 630kcal, Glucides : 7,2g, Lipides : 55g, Protides :21g]|"
23,75€ / Kg"|"
2,85 €"
2991|Amandes grillées et salées|Le paquet de 75g|[Origine : FRANCE, Nous vous conseillons de ne pas donner d'amandes aux jeunes enfants qui pourraient les avaler sans les croquer., Amandes, huile de tournesol, huile d'arachide, sel. Traces d'autres fruits à coques. Amandes d'importation., Valeur énergétique en Joules :  2682Kj, Valeur énergétique en Kcal : 649Kcal, Glucides : 4,1g, Lipides : 57g, Protides :26g, Nous vous recommandons de conserver le produit au frais et au sec et de le consommer rapidement après ouverture.]|"
19,87€ / Kg"|"
1,49 €"
2992|Cacahuètes classiques grillées salées|Le sachet de 250g|[Origine : FRANCE, Ces cacahuètes MONOPRIX vous séduiront par leur croquant et leur goût raffiné., Nous vous conseillons de ne pas donner de graines salées aux jeunes enfants qui pourraient les avaler sans les croquer., Cacahuètes, huile d'arachide, huile de tournesol, sel. Traces d'autres fruits à coque., Valeur énergétique en Joules :  2539Kj, Valeur énergétique en Kcal : 614Kcal, Glucides : 8,8g, Lipides : 51g, Protides :26g, A conserver à l'abri de la chaleur, de l'humidité et de la lumière. Après ouverture, bien refermer le sachet et le placer dans votre réfrigérateur. A consommer rapidement après ouverture.]|"
4,08€ / Kg"|"
1,02 €"
2993|Cacahuètes de comptoir grillées salées|Le sachet de 250g|[Origine : FRANCE, Retrouvez le goût des cacahuètes de bistrot : grillées et salées, ces graines vous séduiront par leur croquant et leur goût raffiné., Nous vous conseillons de ne pas donner de cacahuètes aux Jeunes enfants. Ils risqueraient de les avaler sans les croquer., Cacahuètes avec peau, huiles végétales (tournesol, arachide), sel. Peut contenir des traces de fruits à coque., Valeur énergétique en Joules :  2564Kj, Valeur énergétique en Kcal : 620Kcal, Glucides : 7,5, Lipides : 52g, Protides :25g, A conserver à l'abri de la chaleur de l'humidité et de la lumière. Après ouverture, bien refermer le sachet et le placer dans votre réfrigérateur. A consommer rapidement après ouverture.]|"
4,52€ / Kg"|"
1,13 €"
2994|Cacahuètes grillées à sec extra savoureuses|Le sachet de 150g|[Origine : FRANCE, Les cacahuètes MONOPRIX vous séduiront par leur croquant et leur goût raffiné., Nous vous conseillons de ne pas donner de cacahuètes aux jeunes enfants. Ils risqueraient de les avaler sans, les croquer., Cacahuètes, sel, arômes, épaississant : gomme arabique, colorant : extrait dé paprika. Traces éventuelles de fruits à coque., Valeur énergétique en Joules :  2512Kj, Valeur énergétique en Kcal : 606Kcal, Glucides : 12g, Lipides : 49g, Protides :26g, A conserver à l'abri de la chaleur et de l'humidité. Après ouverture, nous vous conseillons de bien refermer le sachet et de consommer rapidement.]|"
4,87€ / Kg"|"
0,73 €"
2995|Cocktail apéritif, cacahuètes, noix de cajou, amandes, noisettes|Le sachet de 100g|[Origine : FRANCE, Le cocktail salé MONOPRIX vous séduira par son originalité et son goût raffiné., Nous vous conseillons de ne pas donner de graines salées aux jeunes enfants qui pourraient les avaler sans les croquer., Cacahuètes 48%, noix de cajou 29%, amandes blanchies 10%, noisettes pelliculées 10%, huile de tournesol, huile d'arachide, sel. Traces éventuelles d'autres fruits à coque., Valeur énergétique en Joules :  2530Kj, Valeur énergétique en Kcal : 611Kcal, Glucides : 13g, Lipides : 50g, Protides :23g, A conserver à l'abri de la chaleur et de l'humidité. Après ouverture, bien refermer le sachet et le placer dans votre réfrigérateur. A consommer rapidement après ouverture.]|"
14,50€ / Kg"|"
1,45 €"
2996|Cocktail gourmand, noix d'amazonie, noix de cajou, amandes, noix de pécan|Le paquet de 100g|[Origine : FRANCE, Nous vous conseillons de ne pas donner de graines salées aux jeunes enfants qui pourraient les avaler sans les croquer., Noix d'Amazonie (Bertholletia excelsa) 34%, amandes avec peau 24%, noix de cajou 24%, noix de pécan 14%, huile de tournesol, huile d'arachide, sel. Traces d'autres fruits à coque., Valeur énergétique en Joules :  2764Kj, Valeur énergétique en Kcal : 670Kcal, Glucides : 4,9g, Lipides : 62g, Protides :18g, Nous vous recommandons de conserver le produit au frais et au sec et de le consommer rapidement après l'ouverture.]|"
19,50€ / Kg"|"
1,95 €"
2997|Cocktail sucré-salé, mélange d'amandes brunes et noisettes|Le sachet 120g|[Origine : FRANCE, Le cocktail apéritif MONOPRIX vous séduira par son originalité et son goût raffiné., Nous vous conseillons de ne pas donner de graines et de petits fruits aux jeunes enfants qui pourraient les avaler dans les croquer., Ananas sèches 40% (ananas, sucre, jus d'ananas, arôme, acidifiant : acide citrique), raisins 35% (agents d'enrobage : huiles végétales), amandes brunes 15%, noisettes pelliculées 10%, huiles végétales (arachide et tournesol). Traces éventuelles d'autres fruits à coque., Valeur énergétique en Joules :  1683Kj, Valeur énergétique en Kcal : 401Kcal, Glucides : 54g, Lipides : 16g, Protides :7,3g, A conserver à l'abri de la chaleur et de l'humidité. Après ouverture, bien refermer le sachet et le placer dans votre réfrigérateur. A consommer rapidement après ouverture.]|"
11,92€ / Kg"|"
1,43 €"
2998|Mix apéro graines grillées et raisins secs|Le paquet de 120g|[Origine : FRANCE, Valeur énergétique en Joules :  2051kj, Valeur énergétique en Kcal : 492kcal, Glucides : 38g, Lipides : 31g, Protides :12g]|"
17,75€ / Kg"|"
2,13 €"
2999|Mix apéro graines grillées et raisins secs|Le paquet de 120g|[Origine : FRANCE, Valeur énergétique en Joules :  2051kj, Valeur énergétique en Kcal : 492kcal, Glucides : 38g, Lipides : 31g, Protides :12g]|"
17,75€ / Kg"|"
2,13 €"
3000|Noix de Cajou croquants grillées salées|Le sachet de 125g|[Origine : FRANCE, Les noix de cajou MONOPRIX vous séduiront par leur croquant et leur goût raffiné., Nous vous conseillons de ne pas donner de graines salées aux jeunes enfants qui pourraient les avaler sans les croquer., Noix de cajou, huile de tournesol, huile d'arachide, sel. Traces d'autres fruits à coque., Valeur énergétique en Joules :  2578Kj, Valeur énergétique en Kcal : 622Kcal, Glucides : 19g, Lipides : 50g, Protides :20g, A conserver à l'abri de la chaleur et de l'humidité. Après ouverture, nous vous conseillons de bien refermer réfrigérateur et de consommer ce produit rapidement.]|"
14,72€ / Kg"|"
1,84 €"
3001|Noix de cajou grillées et salées|Le paquet de 120g|[Origine : FRANCE, Valeur énergétique en Joules :  2576kj, Valeur énergétique en Kcal : 622kcal, Glucides : 20g, Lipides : 50g, Protides :20g]|"
19,50€ / Kg"|"
2,34 €"
3002|Noix de cajou grillées et salées|Le paquet de 120g|[Origine : FRANCE, Valeur énergétique en Joules :  2576kj, Valeur énergétique en Kcal : 622kcal, Glucides : 20g, Lipides : 50g, Protides :20g]|"
19,50€ / Kg"|"
2,34 €"
3003|Pistaches grillées et salées|Le sachet de 100g|[Origine : FRANCE, Valeur énergétique en Joules :  2515kj, Valeur énergétique en Kcal : 607kcal, Glucides : 12g, Lipides : 49g, Protides :25g]|"
27,70€ / Kg"|"
2,77 €"
3004|Pistaches grillées et salées|Le sachet de 100g|[Origine : FRANCE, Valeur énergétique en Joules :  2515kj, Valeur énergétique en Kcal : 607kcal, Glucides : 12g, Lipides : 49g, Protides :25g]|"
27,70€ / Kg"|"
2,77 €"
3005|Pistaches grillées et salées|Le sachet de 125g|[Origine : FRANCE, Nous vous conseillons de ne pas donner de pistaches aux jeunes enfants qui pourraient les avaler sans les croquer., Pistaches, sel. Traces d'arachide et d'autres fruits à coque. Pistaches d'importation., Valeur énergétique en Joules :  2487Kj, Valeur énergétique en Kcal : 601Kcal, Glucides : 10g, Lipides : 49g, Protides :25g, Nous vous recommandons de conserver le produit au frais et au sec et de le consommer rapidement après l'ouverture.]|"
18,80€ / Kg"|"
2,35 €"
3006|Mélange de fruits déshydratés|Le paquet de 120g|[Origine : FRANCE, Valeur énergétique en Joules :  1709kj, Valeur énergétique en Kcal : 407kcal, Glucides : 68g, Lipides : 13g, Protides :1,9g]|"
18,83€ / Kg"|"
2,26 €"
3007|Mélange impec, raisins, noisettes, amandes, noix de Cajou et cacahuètes, savoureux et croquant|Le sachet de 120g|[Origine : FRANCE, Grâce au mélange L'impec, d'Apérifruits et à son association harmonieuse de raisin moelleux et de graines croquantes, réveillez vos sens à l'apéritif. Apérifruits, à consommer avec délectation., Ne pas donner ni laisser à la portée des jeunes enfants, ils risqueraient de les avaler sans les croquer., Raisins 37%, noisettes 22%, cacahuètes 16%, amandes 13%, noix de cajou 9,7%, huiles végétales (tournesol, maïs, coton, colza). Fabriqué dans un atelier utilisant du gluten, du soja, du lait, d'autres fruits à coque et du céleri., Tenir à l'abri de la chaleur.]|"
16,33€ / Kg"|"
1,96 €"
3008|Apéro Cracks à la tomate|Le paquet de 90g|[Origine : URUGUAY]|"
14,89€ / Kg"|"
1,34 €"
3009|Cacahuètes délicatement salées|Le paquet de 220g|[Origine : PAYS-BAS, Valeur énergétique en Joules :  2680kj, Valeur énergétique en Kcal : 650kcal, Glucides : 6,5g, Lipides : 55g, Protides :28g]|"
7,82€ / Kg"|"
1,72 €"
3010|Cacahuètes enrobées de biscuit aromatisé|Le paquet de 210g|[Origine : PAYS-BAS, Une saveur originale. Une cacahuète croquante. Une coque maxi croustillante. Twinuts toute l'expertise qualité de Bénénuts., Bénénuts vous recommande de ne pas donner de ce produit aux enfants de moins de 4 ans. Risque d'étouffement., * SOUS RESERVE DE MODIFICATION TARIFAIRE * TARID APPLICABLE AU 02/01/2012, Valeur énergétique en Joules :  2010kj, Valeur énergétique en Kcal : 480kcal, Glucides : 56g, Lipides : 22g, Protides :14g, A conserver à l'abri de la chaleur et de l'humidité. Conditionné sous atmosphère protectrice.]|"
10,52€ / Kg"|"
2,21 €"
3011|Cacahuètes enrobées de biscuits aromatisé|Le paquet de 125g|[Origine : FRANCE, Cacahuètes enrobées de biscuit aromatisé., Cacahuètes (42%), biscuit aromatisé (farine de riz, huile végétale, amidon (maïs et blé), amidon modifié, sucre, base aromatisante (arômes (dont céléri), extrait de levure, levure en poudre (dont orge), régulateur d'acidité (acide citrique, sel)., Valeur énergétique en Joules :  2240kj, Valeur énergétique en Kcal : 540kcal, Glucides : 45g, Lipides : 33g, Protides :14g, A conserver à l'abri de la chaleur et de l'humidité.]|"
9,93€ / Kg"|"
1,49 €"
3012|Cacahuètes enrobées de biscuits aromatisé|Le paquet de 125g+25g gratuit|[Origine : FRANCE, Twinuts goût Bacon, une cacahuète croquante, un parfum gourmand et une double couche de biscuit croustillant., Bénénuts vous recommande de ne pas donner de ce produit aux enfants de moins de 4 ans. Risque d'étouffement., Cacahuètes (42%), biscuit aromatisé (farine de riz, huile végétale, amidon (maïs et blé), amidon modifié, sucre, base aromatisante bacon (lactosérum, poudre d'oignon, poudre de fromage, sucre, arômes (dont blé et dérivés du lait), poudre et extrait de levure (dont orge), chlorure de potassium, régulateurs d'acidité (phosphate de sodium, acide citrique), arôme de fumée, colorant (extrait de paprika), sel)., Valeur énergétique en Joules :  2170kj, Valeur énergétique en Kcal : 520kcal, Glucides : 48g, Lipides : 29g, Protides :16g, A conserver à l'abri de la chaleur et de l'humidité. Conditionné sous atmosphère protectrice.]|"
9,93€ / Kg"|"
1,49 €"
3013|Cacahuètes grillées à sec dorées au four|le sachet de 200g|[Origine : FRANCE, Une recette irrésistible : les cacahuètes grillées à sec Bénénuts sont saupoudrées d'un mélange d'épices, soigneusement dosé qui leur donne un goût si savoureux. Une cuisson au four sans ajout d'huile : les cacahuètes grillées à sec ne contiennent que les matières grasses naturellement présentes dans les cacahuètes. Les cacahuètes, des qualités gustatives et nutritionnelles : les cacahuètes sont en effet sources de protéines et riches en fibres., Bénénuts aime les bébés et vous recommande de ne pas donner de cacahuètes aux enfants de moins de 4 ans. Ils risquent de les avaler sans les croquer., Cacahuètes, arômes (sel, amidon modifié, farine de riz, extraits et poudre de levure, sucre caramélisé, dextrose, arômes, poudre de paprika et d'oignon), stabilisants (gomme d'acacia, sorbitol). Issu d'une ligne fabriquant des produits contenant du blé et d'autres fruits à coque., Valeur énergétique en Joules :  2610Kj, Valeur énergétique en Kcal : 625Kcal, Glucides : 12g, Lipides : 53g, Protides :29g, A conserver à l'abri de la chaleur et de l'humidité. Conditionné sous atmosphère protectrice.]|"
10,15€ / Kg"|"
2,03 €"
3014|Cacahuètes grillées et salées|Le paquet de 600g|[Origine : FRANCE, C'est parce qu'elles ont été soigneusement grillées à coeur que les cacahuètes Bénénuts sont si croquantes et si savoureuses. Sachet refermable., Pour refermer votre sachet : décollez la languette autocollante. Repliez le haut du paquet et apposez la languette Bénénuts vous recommande de ne pas donner ce produit aux enfants de moins de 4 ans. Risque d'étouffement., Cacahuètes, huile végétale, sel. Peut contenir des traces d'autres fruits à coque., Valeur énergétique en Joules :  2590kj, Valeur énergétique en Kcal : 625kcal, Glucides : 6g, Lipides : 53g, Protides :28g, A conserver à l'abri de la chaleur et de l'humidité.]|"
6,42€ / Kg"|"
3,85 €"
3015|Lovely Nuts|Le sachet de 70g|[Origine : PAYS-BAS, Cacahuètes enrobées goût caramélisé et salé., Bénénuts vous recommande de ne pas donner ce produit aux enfants de moins de 4 ans. Risque d'étouffement., Cacahuètes, sucre, huile de tournesol, amidon de pomme de terre, miel en poudre (1,6%) (dont blé), fructose, sel, dextrine de tapioca, colorant (caramel E150a, dont blé), poudre de mélasse, épaississant (gomme xanthane)., A conserver à l'abri de la chaleur et de l'humidité.]|"
19,00€ / Kg"|"
1,33 €"
3016|Mélange grillée à sec|Le paquet de 100g|[Origine : FRANCE, Le mélange de Noix de Cajou, Amandes et Cacahuètes Grillées à Sec Bénénuts est gourmand et croquant à souhait pour le plaisir de tous., Bénénuts vous recommande de ne pas donner ce produit aux enfants de moins de 4 ans. Risque d'étouffement., Noix de cajou, amandes, cacahuètes, arômes (sel, amidon modifié, farine de riz, extraits et poudre de levure, sucre caramélisé, dextrose, arômes, poudre de paprika et d'oignon), stabilisants (gomme d'acacia, sorbitol). Issu d'une ligne fabriquant desproduits contenant du blé et d'autres fruits à coque. Le Grillé à Sec ne contient que les matières grasses naturellement présentes dans les graines., Valeur énergétique en Joules :  2570kj, Valeur énergétique en Kcal : 620kcal, Glucides : 16g, Lipides : 51g, Protides :20g, A conserver à l'abri de la chaleur et de l'humidité. Conditionné sous atmosphère protectrice.]|"
24,70€ / Kg"|"
2,47 €"
3017|Noix de cajou au sel de mer|Le sachet de 100g|[Origine : PAYS-BAS, Les noix de cajou Bénénuts ont été sélectionnées parmi les meilleures récoltes, cest ce qui leur donne un goût si savoureux. Finement salées au sel de mer afin d'en sublimer le goût., Bénénuts vous recommande de ne pas donner ce produit aux enfants de moins de 4 ans. Risque d'étouffement., Noix de cajou (94%), huiles végétales, sel de mer (1,7%), base aromatisante (sucre, extrait de levure, oignon et ail en poudre, extrait de paprika)., A conserver à labri de la chaleur et de lhumidité. Conditionné sous atmosphère protectrice.]|"
26,70€ / Kg"|"
2,67 €"
3018|Noix de cajou grillées à sec|Le paquet de 100g|[Origine : FRANCE, Les Noix de Cajou Grillées à Secs Bénénuts sont gourmandes et croquantes. Elles ne contiennent que les matières grasses naturellement présentes dans les noix de cajou., Bénénuts vous recommande de ne pas donner ce produit aux enfants de moins de 4 ans. Risque d'étouffement., Noix de cajou, arômes (sel, amidon modifié, farine de riz, extraits et poudre de levure, sucre caramélisé, dextrose, arômes, poudre de paprika et d'oignon), stabilisants (gomme d'acacia, sorbitol). Issu d'une ligne fabriquant des produits contenant du blé et d'autres fruits à coque., Valeur énergétique en Joules :  2590kj, Valeur énergétique en Kcal : 625kcal, Glucides : 23g, Lipides : 49g, Protides :19g, A conserver à l'abri de la chaleur et de l'humidité. Conditionné sous atmosphère protectrice.]|"
20,20€ / Kg"|"
2,02 €"
3019|Pistaches grillées à sec|Le sachet de 100g|[Origine : PAYS-BAS]|"
22,70€ / Kg"|"
2,27 €"
3021|Produit soufflé à base de maïs goût cacahuète|Le paquet de 75g|[Origine : FRANCE, Valeur énergétique en Joules :  2117kj, Valeur énergétique en Kcal : 506kcal, Glucides : 53g, Lipides : 27g, Protides :11,3g]|"
16,40€ / Kg"|"
1,23 €"
3022|Amandes grillées et salées|Le paquet de 70g|[Origine : ROYAUME UNI, Savoureuses et croquantes. 50% en moins d'acides gras saturés que dans les cacahuètes ou les noix de cajou. Riche en vitamine E., Amandes (96%), huile végétale (colza), sel de mer. Fabriqué dans une usine qui transforme d'autres fruits à coque. Sans colorants ni arômes artificiels.]|"
26,29€ / Kg"|"
1,84 €"
3023|Amandes grillées et salées goût fumé|Le paquet de 70g|[Origine : ROYAUME UNI, Savoureuses et croquantes. 50% en moins d'acides gras saturés que dans les cacahuètes ou les noix de cajou. Riche en vitamine E., Amandes (94%), huile végétale (colza), sel de mer, maltodextrine de maïs, levure, extrait de levure, arôme fumé de carya, arômes naturels.  Sans colorants ni arômes artificiels.]|"
26,29€ / Kg"|"
1,84 €"
3024|Curly cacahuète, format pause|Le paquet de 60g|[Origine : FRANCE, Tout le monde fond pour Curly. Mmm ce petit goût de cacahuète, Semoule de maïs 59%, arachides grillées moulues 30%, matière grasse végétale (palme), sel, arôme, exhausteur de goût : glutamate monosodique, extraits d'épices. Contient : arachide. Traces de dérivés laitiers et de fruits à coque., Valeur énergétique en Joules :  2041Kj, Valeur énergétique en Kcal : 488Kc, Glucides : 52,4g, Lipides : 24,2g, Protides :12,7g]|"
14,17€ / Kg"|"
0,85 €"
3025|Produit soufflé à base de maïs|Le paquet de 100g|[Origine : FRANCE, De délicieux produits soufflés et croustillants, pour des apéritifs conviviaux et des pauses gourmandes depuis plus de 50 ans., Semoule de maïs 59%, arachides grillées moulues, huile de tournesol 9%, sel, base aromatisante épice (arôme naturel, tomate). Contient arachide. Traces éventuelles de dérivés laitiers. Sans huile de palme. Sans colorant ni conservateur., Valeur énergétique en Joules :  2041kj, Valeur énergétique en Kcal : 488kcal, Glucides : 52,4g, Lipides : 24,2g, Protides :12,7g]|"
12,30€ / Kg"|"
1,23 €"
3026|Produit soufflé à base de maïs, goût barbecue|Le paquet de 100g|[Origine : FRANCE, Le goût unique de Curly cacahuète, sublimé d'une touche de saveur barbecue. Curly met tout en oeuvre pour vous garantir la meilleur qualité : des ingrédients sélectionnés : des cacahuètes grillées puis moulues et de la semoule de maïs. Une huile 100%tournesol. Une fabrication sans colorant, sans conservateur., Semoule de maïs 56%, arachides grillées 30%, huile de tournesol, base aromatisante barbecue (arôme dont arôme de fumée, dextrose, oignon, sucre, ail), base aromatisante épice (arôme naturel, tomate). Traces éventuelles de lait, dérivés laitiers et fruits à coque. Sans huile de palme. Sans colorant ni conservateur.]|"
15,30€ / Kg"|"
1,53 €"
3029|Amandes en coques grillées|Le paquet de 200g|[Origine : FRANCE, S'ouvre comme une pistache. Facile à ouvrir., Menguy's vous recommande de ne pas donner de graines aux jeunes enfants qui pourraient les avaler sans les décortiquer ni les croquer., Amandes en coque. Peut contenir des traces d'arachide, de fruits à coque, de soja et de gluten de blé. Sans sel ajouté. Sans additif. Sans conservateur. Amandes d'importation., Valeur énergétique en Joules :  2553kj, Valeur énergétique en Kcal : 618kcal, Glucides : 7,5g, Lipides : 52,8g, Protides :22,1g, A conserver dans un endroit frais et sec et à consommer rapidement après ouverture. Conditionné sous atmosphère protectrice.]|"
15,40€ / Kg"|"
3,08 €"
3030|Cacahuètes grillées salées|Le sachet de 450g|[Origine : FRANCE, Cacahuètes, huile d'arachide, sel. Traces éventuelles de fruits à coque., Valeur énergétique en Joules :  2667Kj, Valeur énergétique en Kcal : 643Kcal, Glucides : 17,2g, Lipides : 52,1g, Protides :26,3g, CONSEILS DE CONSERVATION. Après ouverture, bien refermer le paquet et le placer dans votre réfrigérateur.]|"
4,69€ / Kg"|"
2,11 €"
3031|Noix de cajou grillée à sec aromatisées poivre et romarin|Le sachet de 100g|[Origine : FRANCE, Valeur énergétique en Joules :  2441kj, Valeur énergétique en Kcal : 588kcal, Glucides : 28g, Lipides : 44g, Protides :18g]|"
26,40€ / Kg"|"
2,64 €"
3032|Noix de cajou grillées et salées|Le paquet de 110g|[Origine : FRANCE, C'est parce que nos noix de cajou ont été sélectionnées parmi les meilleures variétés & parfaitement préservées qu'elles sont généreuse, principalement entières et reconnus de qualité supérieure. Une cuisson parfaitement maîtrisée garantit des noix de cajou dorées à point pour un croquant tendre à coeur. Pour plus de plaisir, nos noix de cajou sont dorées avec une huile 100% tournesol. Un emballage protecteur préserve la saveur naturelle et le croquant des ingrédients., Conditionné sous atmosphère protectrice. Nous vous recommandons de ne pas donner ces produits à de jeunes enfants qui pourraient les avaler sans les croquer., Noix de cajou, huile de tournesol, sel. Contient : noix de cajou. Fabriqué dans un atelier utilisant du gluten, du lait, soja, des arachides, d'autres fruits à coque et du céleri., Valeur énergétique en Joules :  2633kj, Valeur énergétique en Kcal : 801kcal, Glucides : 25g, Lipides : 49g, Protides :22g, Tenir à l'abri de la chaleur.]|"
24,00€ / Kg"|"
2,64 €"
3033|Chips à l'ancienne nature|Le paquet de 125g|[Origine : FRANCE, Chips de pommes de terre à l'ancienne issues de l'agriculture biologique., Pommes de terre*, huile de tournesol*, sel. Traces de gluten, lait, moutarde et céleri. *Ingrédients issus de l'agriculture biologique., Valeur énergétique en Joules :  2257kj, Valeur énergétique en Kcal : 542kcal, Glucides : 49g, Lipides : 35g, Protides :5g, A conserver à l'abri de la chaleur et de l'humidité. Conditionné sous atmosphère protectrice.]|"
15,76€ / Kg"|"
1,97 €"
3034|Chips à l'ancienne nature|Le paquet de 125g|[Origine : FRANCE, Chips de pommes de terre à l'ancienne issues de l'agriculture biologique., Pommes de terre*, huile de tournesol*, sel. Traces de gluten, lait, moutarde et céleri. *Ingrédients issus de l'agriculture biologique., Valeur énergétique en Joules :  2257kj, Valeur énergétique en Kcal : 542kcal, Glucides : 49g, Lipides : 35g, Protides :5g, A conserver à l'abri de la chaleur et de l'humidité. Conditionné sous atmosphère protectrice.]|"
15,76€ / Kg"|"
1,97 €"
3035|Chips à l'ancienne nature|Les 6 sachets de 30g|[Origine : FRANCE, Réchauffez vos chips au four 3 à 4 minutes à 90°C (thermostat 3) avant de les déguster. L'utilisation du four à micro-ondes n'est pas adaptée à ce produit., Pommes de terre, huile de tournesol, sel. Présence possible de gluten, lait, moutarde et céleri., Valeur énergétique en Joules :  2308Kj, Valeur énergétique en Kcal : 554Kcal, Glucides : 48g, Lipides : 37g, Protides :5g, A conserver à l'abri de la chaleur et de l'humidité.]|"
7,78€ / Kg"|"
1,40 €"
3036|Chips à l'ancienne nature|Le sachet de 150g|[Origine : FRANCE, Laissez vous séduire par le croustillant et la finesse des chips à l'ancienne Monoprix. Retrouvez le bon goût de la pomme de terre dans cette recette traditionnelle., Réchauffez vos chips au four 3 à 4 minutes à 90°C (th 3) avant de les déguster. L'utilisation du four à micro-ondes n'est pas adaptée à ce produit., Pommes de terre, huile de tournesol, sel. Présence possible de gluten, lait, moutarde et céleri., Valeur énergétique en Joules :  2356Kj, Valeur énergétique en Kcal : 566Kcal, Glucides : 50g, Lipides : 37g, Protides :6,1g, A conserver à l'abri de la chaleur et de l'humidité.]|"
7,27€ / Kg"|"
1,09 €"
3037|Chips à l'ancienne saveur moutarde|Le sachet de 90g|[Origine : FRANCE, Laissez-vous séduire par le croustillant et la finesse des chips à l'ancienne MONOPRIX saveur moutarde. Découvrez l'association savoureuse de la pomme de terre et des graines de moutarde. A déguster avec plaisir en apéritif ou en pique-nique., CONSEILS DE DEGUSTATION : Réchauffez vos chips au four 3 à 4 minutes à 90°C (thermostat 3) avant de les déguster. L'utilisation du four à micro-ondes n'est pas adaptée à ce produit., Pomme de terre, huile de tournesol, farine de blé, sel, graines de moutarde 0,6%, arôme (moutarde, lait), lactose, exhausteur de goût: E621, acidifiants: E260 et E262, poivre noir, oignons en poudre, colorant: E10. Présence possible de céleri., Valeur énergétique en Joules :  2382Kj, Valeur énergétique en Kcal : 569Kcal, Glucides : 51g, Lipides : 37g, Protides :6,4g, A conserver à l'abri de la chaleur et de l'humidité.]|"
11,22€ / Kg"|"
1,01 €"
3038|Chips allégées nature|Le paquet de 125g|[Origine : FRANCE, Laissez vous séduire par le croustillant et la finesse des chips allégées en matières grasses Monoprix., A déguster avec plaisir en apéritif ou en pique-nique. Vous pouvez apprécier ces chips telles quelles. Afin de libérer tout leur parfum, vous pouvez aussi les réchauffer au four 3 à 4 minutes à 90°C (th 3) avant de les déguster. L'utilisation du fourà micro-ondes n'est pas adaptée à ce produit., Pommes de terre, huile de tournesol, sel. Présence possible de gluten, lait, moutarde et céleri., Valeur énergétique en Joules :  2016Kj, Valeur énergétique en Kcal : 482Kc, Glucides : 57g, Lipides : 24g, Protides :7g, A conserver à l'abri de la chaleur et de l'humidité.]|"
9,84€ / Kg"|"
1,23 €"
3039|Chips aux crevettes croustillantes|Le sachet de 50g|[Origine : FRANCE, Issues d'une recette, vietnamienne, les chips de crevettes MONOPRIX sont préparées à base de crevettes fraîches. Très craquantes et fondantes en bouche, elles apporteront une touche d'exotisme à vos apéritifs., Farine de Manioc, huile de tournesol, chair de crevettes 17%, sucre, sel, ail, poudre à lever: bicarbonate de sodium. Traces d'arachide, de blé, de lait et d'oeufs., Valeur énergétique en Joules :  2274Kj, Valeur énergétique en Kcal : 544Kcal, Glucides : 61,8g, Lipides : 32g, Protides :2,3g, A conserver à l'abri de la chaleur, de l'humidité et de la lumière. A consommer rapidement après ouverture.]|"
13,00€ / Kg"|"
0,65 €"
3040|Chips de pomme de terre saveur wasabi|Le sachet de 135g|[Origine : FRANCE, Ces chips saveur Wasabi Monoprix vous séduiront par leur goût original et leur couleur détonante ! Vous apprécierez aussi leur croustillant et leur finesse., Disposez les chips au four traditionnel 3 à 4 minutes (thermostat 3) avant de les servir. L'utilisation du four à micro-ondes n'est pas adaptée pour ce produit., Pommes de terre, huile de tournesol, assaisonnement saveur Wasabi (farine de blé, dextrose de blé, chapelure (farine de blé, sel, poudre à lever : carbonates d'ammonium), arômes, extrait de levure, sel, acidifiants : acétate de sodium, acide citrique, poudre d'oignon, colorant : complexes cuivriques des chlorophylles, huile de tournesol), sel. Traces de lait, céleri et moutarde., Valeur énergétique en Joules :  2257kj, Valeur énergétique en Kcal : 542kcal, Glucides : 50g, Lipides : 34g, Protides :6,4g, A conserver à l'abri de la chaleur, de l'humidité et de la lumière. A consommer rapidement après ouverture.]|"
9,33€ / Kg"|"
1,26 €"
3041|Chips dorées nature|Les 6 paquets de 30g|[Origine : FRANCE, Chips de pommes de terre., Réchauffez vos chips au four 3 à 4 minutes à 90°C (thermostat 3) avant de les déguster. L'utilisation du four à micro-ondes n'est pas adaptée à ce produit., Pommes de terre, huile de tournesol, sel. Présence possible de gluten, lait, moutarde et céleri., Valeur énergétique en Joules :  2266Kj, Valeur énergétique en Kcal : 544Kcal, Glucides : 51g, Lipides : 34g, Protides :6g, A conserver à l'abri de la chaleur et de l'humidité.]|"
6,39€ / Kg"|"
1,15 €"
3042|Chips dorées nature|Le sachet de 200g|[Origine : FRANCE, Laissez-vous séduire par le croustillant et la belle couleur dorée des chips Monoprix. A déguster avec plaisir en apéritif ou en pique-nique., Vous pouvez apprécier ces chips telles quelles. Afin de libérer tout leur parfum, vous pouvez aussi les réchauffer au four 3 à 4 minutes à 90°C (th3) avant de les déguster. L'utilisation du four à micro-ondes n'est pas adaptée à ce produit., Pommes de terre, huile de tournesol, sel. Présence possible de gluten, lait, céleri et moutarde., Valeur énergétique en Joules :  2266Kj, Valeur énergétique en Kcal : 544Kcal, Glucides : 51g, Lipides : 34g, Protides :6g, A conserver à l'abri de la chaleur et de l'humidité.]|"
5,10€ / Kg"|"
1,02 €"
3043|Chips ondulées super croquantes|Le sachet de 150g|[Origine : FRANCE, Laissez-vous séduire par le croquant puis le croustillant des chips ondulées Monoprix. A déguster avec plaisir à l'apéritif, en grignotage ou au repas., Réchauffez vos chips au four 3 à 4 minutes /à 90°C (thermostat 3) avant de les déguster. L'utilisation du four à micro-ondes n'est pas adaptée à ce produit., Pommes de terre, huile végétale (palme), sel., Valeur énergétique en Joules :  2182Kj, Valeur énergétique en Kcal : 523Kcal, Glucides : 50g, Lipides : 33g, Protides :6,5g, A conserver à l'abride la chaleuret de l'humidité.]|"
7,07€ / Kg"|"
1,06 €"
3044|Chips saveur vinaigre Balsamique|Le sachet de 90g|[Origine : FRANCE, Découvrez l'association savoureuse de la pomme de terre et du vinaigre balsamique.Laissez-vous séduire par le croustillant et la finesse des chips au vinaigre balsamique Monoprix., A déguster avec plaisir en apéritif ou en pique-nique. Vous pouvez apprécier ces chips telles quelles. Vous pouvez aussi les réchauffer au four 3 à 4 minutes à 90°C (th.3) avant de les déguster. L'utilisation du four à micro-ondes n'est pas adaptée àce produit., Pomme de terre, huile de tournesol, sel, maltodextrine de blé, vinaigre balsamique en poudre (vinaigre balsamique 0,9%, colorant : E150d), sucre, exhausteur de goût : E621, vinaigre de malt d'orge en poudre, acidifiant : E330. Présence possible de gluten, lait, moutarde et céleri., Valeur énergétique en Joules :  2296Kj, Valeur énergétique en Kcal : 551Kcal, Glucides : 52g, Lipides : 34g, Protides :6,7g, A conserver à l'abri de la chaleur et de l'humidité.]|"
9,33€ / Kg"|"
0,84 €"
3045|Tortillas chips, goût chili|Le sachet de 100g|[Origine : FRANCE, Laissez-vous séduire par les Tortillas MONOPRIX si croustillantes. Le bon goût de maïs relevé d'une point épicée est idéal pour vos apéritifs exotiques, consommer nature ou accompagnées d'une sauce mexicaine ou de Guacamole., Maïs moulu 72%, huile de palme, arôme chili (dont blé)., Valeur énergétique en Joules :  1972Kj, Valeur énergétique en Kcal : 470Kcal, Glucides : 64g, Lipides : 20g, Protides :6,6g, A conserver à l'abri de la chaleur de l'humidité et de la lumière. Une fois le sachet ouvert, à consommer rapidement.]|"
8,00€ / Kg"|"
0,80 €"
3046|Tortillas chips goût nature|Le sachet de 100g|[Origine : FRANCE, Spécialité à base de maïs., Maïs moulu 79%, huile de tournesol, sel. Traces de blé et de lait., Valeur énergétique en Joules :  1974Kj, Valeur énergétique en Kcal : 471Kcal, Glucides : 64g, Lipides : 20g, Protides :6,7g, A conserver à l'abri de la lumière et dans un endroit frais et sec.]|"
8,00€ / Kg"|"
0,80 €"
3047|Oboles de Lucerne, emmenthal suisse, biscuits apéritifs|Le paquet de 100g|[Origine : FRANCE, L'obole de Lucerne est née d'une recette artisanale helvétique datant de 1877. Confectionnées à partir d'ingrédients rigoureusement sélectionnés, ces gaufrettes sont extrêmement légères, incomparables de finesse, de saveur et de croustillant. La recette à l'emmenthal est la version originale de cette spécialité helvétique. Vous apprécierez également les oboles de Lucerne au cumin des prés tout comme celle au pavot., Farine de froment, huiles végétales partiellement hydrogénées (soja, colza), fromage d'Emmental 7%, sel, sucre, Emmental en poudre (émulsifiants : orthophosphate de sodium, polyphosphate sodique), farine de pomme de terre, émulsifiant : lécithine desoja, épices.]|"
51,20€ / Kg"|"
5,12 €"
3048|Croustilles goût fromage et paprika|Le paquet de 85g|[Origine : FRANCE]|"
15,65€ / Kg"|"
1,33 €"
3049|Cream|Le sachet de 150g|[Origine : BELGIQUE]|"
13,00€ / Kg"|"
1,95 €"
3050|Dippas goût sweet chili|Le paquet de 150g|[Origine : FRANCE, Un croustillant exceptionnel, tout en légèreté, grâce à une recette à base de maïs grillé.Faites le plein de saveurs et d'originalité avec Doritos, tortilla idéale pour des apéritifs plus festifs !, A déguster selon vos envies., Conserver au frais et au sec.]|"
13,07€ / Kg"|"
1,96 €"
3051|Tortilla de maïs goût barbecue|Le sachet de 150g|[Origine : BELGIQUE, Ouvre vite le paquet et découvre une explosion de goût. Produit à base de maïs grillé., Conserver au sec. Conditionné sous atmosphère protectrice.]|"
13,20€ / Kg"|"
1,98 €"
3052|Tortillas chips à base de mais , goût nacho cheese|Le sachet de 150g|[Origine : FRANCE, Craquez pour les tortillas chips Doritos : préparées à base de maïs grillé, elles sont terriblement croustillantes et tellement savoureuses.Faites le plein de saveurs et d'originalité avec Doritos, tortilla idéale pour des apéritifs plus festifs !, A déguster selon vos envies., Conserver au frais et au sec.]|"
12,00€ / Kg"|"
1,80 €"
3053|Chips à l'ancienne|Le paquet de 135g|[Origine : BELGIQUE, Lay's à l'ancienne : la recette originale des chips traditionnelles. Soigneusement préparées selon la tradition, les chips Lay's à l'ancienne ont un bon goût de pomme de terre. Coupées plus fines que les chips classiques, elles sont cuites à une température légèrement inférieure (170°C), ce qui les rend encore plus croustillantes et savoureuses., Pour savourer des chips encore plus croustillantes et fondantes, préchauffez votre four à 120°C, placez vos chips dans un plat et enfournez-le 5min Bon appétit !, Pommes de terre, huile de tournesol (39%), sel. Sans colorants artificiels, sans conservateurs., Valeur énergétique en Joules :  2450kj, Valeur énergétique en Kcal : 590kcal, Glucides : 54g, Lipides : 39g, Protides :6g, A conserver à l'abri de la chaleur et de l'humidité.]|"
9,56€ / Kg"|"
1,29 €"
3054|Chips à l'ancienne saveur grillade été|Le paquet de 120g|[Origine : FRANCE, Coupées plus fines que les chips classiques, elles sont cuites à une température légèrement inférieure (170°C), ce qui les rend encore plus croustillantes et savoureuses. Lay's respecte un processus rigoureux qui assure aux chips un goût et un croustillants exceptionnels. Un emballage multicouches sous atmosphère protectrice garantit un plaisir intact plus longtemps., Pour savourer des chips encore plus croustillantes et fondantes, préchauffez votre four à 120°C, placez vos chips dans un plat et enfournez le 5 min., Pommes de terre, huile de tournesol (38%), base aromatisante grillade d'été (maltodextrine (y compris de blé), sucre, arômes, exhausteurs de goût (glutamate monosodique, inosinate et guanylate disodique), épices, fructose, protéines végétales hydrolysées (dont blé et soja), régulateurs d'acidité (acide citrique, acide malique), colorant (extrait de paprika), arôme de fumée), sel. Sans huile de palme, sans colorant artificiel, sans conservateur., Valeur énergétique en Joules :  2460kj, Valeur énergétique en Kcal : 590kcal, Glucides : 54g, Lipides : 38g, Protides :6,0g, A conserver à l'abri de la chaleur et de l'humidité.]|"
15,33€ / Kg"|"
1,84 €"
3055|Chips American Barbecue|Le sachet de 120g|[Origine : BELGIQUE, Saveur ultra intense, texture ultra croustillante. Deux fois plus ondulées., Pommes de terre (63%), huile de tournesol (30%), base aromatisante barbecue (7%). La base aromatisante barbecue contient  : arômes (dont tomate, oignon et ail en poudre), sucre, farine de blé, sel, glucose fumé (blé), glucose (blé), acidifiant (acidecitrique), épices, colorant (extrait de paprika), arômes de fumée., Valeur énergétique en Joules :  2220kj, Valeur énergétique en Kcal : 530kcal, Glucides : 55g, Lipides : 30g, Protides :8,0g, A conserver à l'abri de la chaleur et de l'humidité.]|"
14,42€ / Kg"|"
1,73 €"
3056|Chips au pesto|Le sachet de 120g|[Origine : BELGIQUE]|"
12,42€ / Kg"|"
1,49 €"
3057|Chips au vinaigre de Malte|Le sachet de 130g|[Origine : BELGIQUE]|"
17,38€ / Kg"|"
2,26 €"
3058|Chips aux olives|Le sachet de 120g|[Origine : BELGIQUE]|"
12,75€ / Kg"|"
1,53 €"
3059|Chips de pomme de terre goût nature|Le paquet multipacks de 150g|[Origine : BELGIQUE, Valeur énergétique en Joules :  2320kj, Valeur énergétique en Kcal : 555kcal, Glucides : 54g, Lipides : 34g, Protides :6,5g]|"
14,33€ / Kg"|"
2,15 €"
3060|Chips de pomme de terre paysanne goût nature|Le paquet de 135g|[Origine : BELGIQUE, De grandes chips ondulées, épaisses, terriblement croquantes et au bon goût de pomme de terre. Une saveur intense grâce aux stries sur les chips qui renforcent le goût.Lay's : des chips au goût exceptionnel. Des ingrédients soigneusement sélectionnés, une fabrication de qualité et un sachet protecteur afin de garantir un plaisir intact plus longtemps., Pour savourer des chips encore plus croustillantes et fondantes,  préchauffez votre four à 120°c,  placez vos chips dans un plat et enfournez-le 5 min., Pommes de terre, huile de tournesol (39%), sel. Sans colorants artificiels, sans conservateurs et sans huile de palme., Valeur énergétique en Joules :  2490kj, Valeur énergétique en Kcal : 600kcal, Glucides : 54g, Lipides : 39g, Protides :6g, A conserver à l'abri de la chaleur et de l'humidité.]|"
10,37€ / Kg"|"
1,40 €"
3061|Chips de pomme de terre saveur barbecue|Le paquet de 130g|[Origine : BELGIQUE, Jus et purées de : pomme, pêche, banane, ananas, mangue, orange, pomelo, passion, abricot, vitamine C. Sans sucres ajoutés. Sans conservateurs., Valeur énergétique en Joules :  2290kj, Valeur énergétique en Kcal : 550kcal, Glucides : 54g, Lipides : 33g, Protides :6,5g]|"
11,08€ / Kg"|"
1,44 €"
3062|Chips de pomme de terre saveur cheeseburger|Le paquet de 120g|[Origine : FRANCE, Les Max Craquantes ont une texture plus épaisse pour plus de croquant et de consistance. Leur saveur est plus intense grâce aux stries sur les chips qui renforcent le goût., Pommes de terre, huile de tournesol (35%), base aromatisante saveur cheeseburger (maltodextrines, épices en poudre (oignon, vinaigre, tomate, persil, graines de moutarde, poivre noir, ail, poivron, extrait de paprika), sucre, régulateurs d'acidité (diacétate de sodium, acide citrique), exhausteur de goût (glutamate de sodium), protéines de blé hydrolysées, matière grasse végétale), sel. Sans huile de palme, sans colorant artificiel et sans conservateur., Valeur énergétique en Joules :  2323kj, Valeur énergétique en Kcal : 560kcal, Glucides : 52g, Lipides : 35g, Protides :6,0g, A conserver à l'abri de la chaleur et de l'humidité.]|"
13,42€ / Kg"|"
1,61 €"
3064|Chips de pommes de terre à l'ancienne goût nature|Le paquet de 270g|[Origine : FRANCE, Soigneusement préparées selon la tradition, les chips Lay's à l'Ancienne ont un bon goût de pomme de terre. Coupées plus fines que les chips classiques, elles sont cuites à une température légèrement inférieure (170°C), ce qui les rend encore plus croustillantes et savoureuses., Pour savourer des chips encore plus croustillantes et fondantes, préchauffez votre four à 120°C, placez vos chips dans un plat et enfournez-le 5 min., Pommes de terre, huile de tournesol (39%), sel. Sans colorants artificiels, sans conservateurs. Sans huile de palme., Valeur énergétique en Joules :  2490kj, Valeur énergétique en Kcal : 600kcal, Glucides : 54g, Lipides : 39g, Protides :6,0g, À conserver à l'abri de la chaleur et de l'humidité.]|"
10,00€ / Kg"|"
2,70 €"
3065|Chips de pommes de terre goût nature|Le paquet de 135g|[Origine : BELGIQUE, Les Maxi Craquantes ont une texture plus épaisse pour plus de croquant et de consistance. Leur saveur est plus intense grâce aux stries sur les chips qui renforcent le goût. Des ingrédients soigneusement sélectionnés. Une fabrication de qualité. Un sachet protecteur., Pommes de terre, huile de tournesol (34%), sel., Valeur énergétique en Joules :  2300kj, Valeur énergétique en Kcal : 550kcal, Glucides : 53g, Lipides : 34g, Protides :6,5g, A conserver à l'abri de la chaleur et de l'humidité.]|"
10,59€ / Kg"|"
1,43 €"
3066|Chips de pommes de terre saveur barbecue, bolognaise, Poulet rôti et thym|Le paquet de 6 sachets fraîcheurs|[Origine : FRANCE, Les chips Lay's sont élaborées à partir de pommes de terre sélectionnées parmi les meilleures et sont sans colorant artificiel ,ni conservateur. Lay's respecte un processus rigoureux qui assure aux chips un goût et un croustillants exceptionnels. Unemballage multicouches sous atmosphère protectrice garantit un plaisir intact plus longtemps., Chips de pommes de terre saveur poulet rôti et thym : pommes de terres, huile de tournesol (33%), base aromatisante poulet et thym (arômes (dont lactosérum, poudre de fromage et autres dérivés du lait, matière grasse de poulet et sucre), persil, oignon, exhausteur de goût (glutamate monosodique, guanylate disodique, inosinate disodique), chlorure de potassium, thym, basilic et romarin, sel. Chips de pommes de terre saveur barbecue : pommes de terre, huile de tournesol (33%), base aromatisante barbecue (sucre, arômes (contient du soja), chapelure (de blé), exhausteur de goût (glutamate de sodium), paprika, poudre d'oignon, poudre de tomate, poudre d'ail, régulateurs d'acidité (acide citrique, acide malique), colorant (extrait de paprika), arômes de fumée, sel. Chips de pommes de terre saveur bolognaise : pommes de terre, huile de tournesol (33%), base aromatisante saveur bolognaise (lactosérum en poudre (lait), arômes (dont paprika, tomate, oignon, poivre noir, piment, persil), exhausteur de goût (glutamate monosodique, guanylate et inosinate disodique), sucre, régulateur d'acidité (acide citrique), arômes de fumée, sel. Sans conservateur, sans colorant artificiel et sans huile de palme., Valeur énergétique en Joules :  2290kj, Valeur énergétique en Kcal : 550kcal, Glucides : 54g, Lipides : 33g, Protides :6,5g, A conserver à l'abri de la chaleur et de l'humidité.]|"
17,27€ / Kg"|"
2,85 €"
3067|Chips multipack sel et barbecue|Le lot de 6 sachets, 150g|[Origine : BELGIQUE]|"
17,87€ / Kg"|"
2,77 €"
3068|Chips Nature|Le paquet de 135g|[Origine : BELGIQUE, Lay's : des chips au goût exceptionnel. Des ingrédients soigneusement sélectionnés, une fabrication de qualité et un sachet protecteur., Pommes de terre, huile de tournesol (34%), sel. Sans colorants artificiels ni conservateurs. Sans huile de palme., Valeur énergétique en Joules :  2280kj, Valeur énergétique en Kcal : 545kcal, Glucides : 54g, Lipides : 34g, Protides :6,5g, A conserver à l'abri de la chaleur et de l'humidité.]|"
10,81€ / Kg"|"
1,46 €"
3069|Chips nature|Le paquet de 270g|[Origine : FRANCE, Les chips Lay's sont élaborées à partir de pommes de terre sélectionnées parmi les meilleures et sont sans colorant artificiel ,ni conservateur. Lay's respecte un processus rigoureux qui assure aux chips un goût et un croustillants exceptionnels. Unemballage multicouches sous atmosphère protectrice garantit un plaisir intact plus longtemps., Pommes de terre, huile de tournesol (34%), sel. Sans colorants artificiels, sans conservateurs, sans huile de palme., Valeur énergétique en Joules :  2320kj, Valeur énergétique en Kcal : 555kcal, Glucides : 54g, Lipides : 34g, Protides :6,5g, À conserver à l'abri de la chaleur et de l'humidité.]|"
9,22€ / Kg"|"
2,49 €"
3070|Chips nature|Le sachet de 120g|[Origine : BELGIQUE, Un pic de sensations ! Saveur ultra intense, texture ultra croustillante. Deux fois plus ondulées., Pommes de terre (67%), huile de tournesol (32%), sel (1%)., Valeur énergétique en Joules :  2270kj, Valeur énergétique en Kcal : 545kcal, Glucides : 53g, Lipides : 32g, Protides :8,0g, A conserver à labri de la chaleur et de lhumidité.]|"
14,42€ / L"|"
1,73 €"
3071|Chips Salt|Le sachet de 130g|[Origine : BELGIQUE]|"
17,38€ / Kg"|"
2,26 €"
3072|Chips sel et vinaigre|Le sachet de 220g|[Origine : BELGIQUE]|"
12,64€ / Kg"|"
2,78 €"
3073|Chips Sweet Chili|Le sachet de 120g|[Origine : BELGIQUE]|"
14,42€ / Kg"|"
1,73 €"
3074|Biscuits croustillants gouda|La boîte de 75g|[Origine : FRANCE, Laissez-vous séduire par les Biscuits croustillants MONOPRIX au bon goût de gouda. Idéal pour des apéritifs originaux et gourmands., Encore meilleurs réchauffés 3 min au four à 180° C., Farine de blé, fromages dont gouda 9,6% (lait, protéine de lait, sel, ferments lactiques, présure, conservateur : E251, émulsifiant : E331, colorant : E160b), huiles végétales partiellement hydrogénées (colza, palme, coco, émulsifiant : E471, arôme),blancs d'oeufs pasteurisés, levure (stabilisant : E415), lait en poudre partiellement écrémé, sel, amidon transformé de pomme de terre, chapelure (farine de blé, sel, colorants : E100, E160b), Arômes (dont lactose), épices, émulsifiant : E471, colorants : E160c, E160b (dont blé). Traces éventuelles de fruits à coque et de sésame., Valeur énergétique en Joules :  2379Kj, Valeur énergétique en Kcal : 571Kcal, Glucides : 43,5g, Lipides : 36,5g, Protides :17g, A conserver à l'abri de la chaleur et de l'humidité.]|"
13,60€ / Kg"|"
1,02 €"
3075|Biscuits croustillants tomates séchées & olives|La boîte de 75g|[Origine : FRANCE, Laissez-vous séduire par les Biscuits croustillants MONOPRIX au bon goût de tomate séchée subtilement mariée à l'olive verte. Idéal pour des apéritifs originaux et gourmands., Encore meilleurs réchauffés 3 min au four à 180°C., Farine de blé, huiles végétales partiellement hydrogénées (colza, palme, coco, émulsifiant : E471, arôme), fromage déshydraté (lait, sel, :erments lactiques, présure, conservateur : E251 colorant : El60b), préparation à base d'olive (olives vertes 5.8%, sel, acidifiant : E330), préparation à base de tomate (concentré de tomate 1,5%, tomate séchée 1%, basilic, sel, uile d'olive, épaississant : El442, sucre, acidifian E330), levure (stabilisant : E415), lait en oudre partiellement écrémé, sel 1.4%, chapelure (farine de blé, sel, levure, colorant : E1 60b),amidon transformé de pomme de terre, arôme (dont céleri et blé), plantes aromatique: (origan, basilic), émulsifiant : E471, colorant : E 160c, antioxygène: E306 (dont soja). Traces d'oeufs,fruits à coque et de sésame., Valeur énergétique en Joules :  2275Kj, Valeur énergétique en Kcal : 545Kcal, Glucides : 49,4g, Lipides : 32g, Protides :14,8g, A conserver à l'abri de la chaleur et de l'humidité.]|"
14,93€ / Kg"|"
1,12 €"
3076|Biscuits feuilletés fourrés aux olives noires et vertes|La boîte de 85g|[Origine : FRANCE, Biscuits feuilletés fourrés aux olives noires et vertes., Farine de blé, beurre 34%, emmental râpé, préparation d'olives noires 3% (olives noires 2,7%, sel, huile de colza et /ou de tournesol, acidifiant E330), préparation d'olives vertes 3% (olives vertes 2,2%, sel, correcteur d'acidité E330), sel, levure,arôme naturel, mélange de plantes aromatiques et de légumes déshydratés (dont ail et oignon), romarin déshydraté, poivre noir, colorant : rocou. Présence possible de graines de sésame, soja, oeuf et fruits à coque., Valeur énergétique en Joules :  2248kj, Valeur énergétique en Kcal : 539kcal, Glucides : 49g, Lipides : 33g, Protides :10g, A conserver dans un endroit frais et sec. Après ouverture du sachet, ces mini palmiers doivent être conservés dans une boite hermétique et être consommés dans les 48h pour préserver toutes leurs saveurs.]|"
22,71€ / Kg"|"
1,93 €"
3077|Crackers Chèvre et poivre parmesés de graines de pavot|Le paquet de 65g|[Origine : FRANCE, Biscuits au fromage de chèvre et au poivre., Farine de blé, fromage 18% (lait, sel, présure, ferments lactiques, colorant : E160b, conservateur : E251), huiles végétales hydrogénées et non hydrogénées (tournesol, colza, coprah, émulsifiant : E471, acidifiant : E270, arôme), sirop de glucose, fromage de chèvre 6,8% (lait chèvre, sel, présure, ferments lactiques, conservateurs : E509 et E251), arômes (dont lait), chapelure (farine de blé, sel, levure), levure, sel, graines de pavot, amidon de pomme de terre, poivre 0,6%, poudre d'oignon, protéines de lait, dextrose de blé, antioxydant : E306 (dont extrait d'huile de soja). Traces de fruits à coque et sésame., Valeur énergétique en Joules :  2111Kj, Valeur énergétique en Kcal : 504Kcal, Glucides : 59g, Lipides : 22g, Protides :16g, A conserver dans un endroit frais et sec, à l'abri de la lumière. Après ouverture du sachet, ces crackers doivent être conservées dans une boîte hermétique et être consommées dans les 48h pour bénéficier de toute leur saveur.]|"
14,15€ / Kg"|"
0,92 €"
3078|Crackers croustillants, goût cacahuètes|Le sachet de 90g|[Origine : FRANCE, Laissez-vous séduire par la légèreté des Crackets Monoprix., A déguster à l'apéritif., Semoule de maïs 68%, cacahuètes grillées moulues 32%, matière grasse végétale (palme), sel 1,5%, exhausteur de goût : E621, acidifiant : E330. Traces de blé, de lait, de céleri, de crustacés et d'oeufs., Valeur énergétique en Joules :  2107kj, Valeur énergétique en Kcal : 503Kcal, Glucides : 59g, Lipides : 23g, Protides :13g, A conserver dans un endroit frais et sec, à l'abri de la lumière.]|"
9,89€ / Kg"|"
0,89 €"
3079|Crackers fromage et graines, lin, sésame, citrouille et tournesol|Le paquet de 65g|[Origine : FRANCE, Biscuits au fromage et aux graines., Farine de blé, mélange de graines 22% (graines de sésame, graines de citrouille, graines de lin, graines de tournesol), huiles végétales hydrogénées et non hydrogénées (tournesol, colza, coprah, émulsifiant : E471, acidifiant : E270, arôme), fromageGouda 11% (lait, sel, présure, ferments lactiques, colorant : E160b, conservateur : E251), sirop de glucose, flocons d'avoine, arômes (dont lait, exhausteurs de goût : E621, E630), levure, sel, extrait de levure, protéines de lait, épices, dextrose de blé, antioxydant : E306 (dont extrait d'huile de soja). Traces de fruits à coque., Valeur énergétique en Joules :  2158Kj, Valeur énergétique en Kcal : 516Kcal, Glucides : 52g, Lipides : 26g, Protides :16g, A conserver dans un endroit frais et sec. Après ouverture du sachet, ces crackers doivent être conservés dans une boîte hermétique et être consommés dans les 48 heures pour bénéficier de toute leur saveur.]|"
14,15€ / Kg"|"
0,92 €"
3080|Crackets croustillants, goût fromage|Le sachet de 90g|[Origine : FRANCE, Laissez-vous séduire par la légèreté des Crackets MONOPRIX. A déguster à l'apéritif., Semoule de maïs 56%, matière grasse végétale (palme), assaisonnement aromatisé goût fromage [arômes (dont lait), sel, sirop de glucose de blé, lactose, huile végétale (coco), maltodextrine, sucre, exhausteurs de goût : E 621, E 339, E 340, E 627, anti-agglomérant : E 551], acidifiant : E 330. Traces d'arachide, de crustacés et d'oeufs., Valeur énergétique en Joules :  2222Kj, Valeur énergétique en Kcal : 531Kcal, Glucides : 59g, Lipides : 29g, Protides :8,6g, A conserver à l'abri de la chaleur, de l'humidité et de la lumière. A consommer rapidement après ouverture.]|"
8,67€ / Kg"|"
0,78 €"
3081|Crêpes dentelles fourrées au cheddar|La boîte de 65g|[Origine : FRANCE, Les biscuits apéritifs Monoprix Gourmet sont si croustillants  Grignotez-les avec délice !, Huile de coprah (hydrogénée et non hydrogénée), farine de blmé, maltodestrine de blé, cheddar déshydraté 12% (cheddar, émulsifiant: E339), poudre de lait, sirop de glucose de blé, extrait de malt d'orge, sel, arômes (maltodextrine de maïs, exhausteurs de goût: E621, E627 et E631, protéines de soja, protéines de blé), émulsifiant: E322, colorant: E160c, acidifiant: E330.                       Présence possible de poisson, de fruits à coque et de céleri., Valeur énergétique en Joules :  2349Kj, Valeur énergétique en Kcal : 564Kcal, Glucides : 45g, Lipides : 38g, Protides :9,5g, A conserver à l'abri de la chaleur et de l'humidité.]|"
32,31€ / Kg"|"
2,10 €"
3082|Crêpes dentelles fourrées au roquefort|La boîte de 65g|[Origine : FRANCE, Les biscuits apéritif MONOPRIX GOURMET sont si croustillants... Grignotez-les avec délice !, Maltodextrine de blé, huile de coprah (hydrogénée et non-hydrogénée), farine de blé, poudre de lait, roquefort déshydraté 11%, sirop de glucose, extrait de malt d'orge, sel, extrait de levure, arôme poivre, émulsifiant: E322, colorant: E160c, acidifiant: E330.                                                        Présence possible de poisson, de fruits à coque, de soja, de céleri., Valeur énergétique en Joules :  2158Kj, Valeur énergétique en Kcal : 516Kcal, Glucides : 58g, Lipides : 28g, Protides :8g, A conserver à l'abri de la chaleur et de l'humidité. Conditionné dans un sachet aluminisé.]|"
32,46€ / Kg"|"
2,11 €"
3083|Croquets de Provence aux figues|Le paquet de 75g|[Origine : FRANCE, Faites plaisir à vos papilles avec ces croquets de Provence aux figues Monoprix Gourmet à double usage : se consomment en accompagnement de produits salés  avec du foie gras, avec du fromage  ou sucrés à l'heure du thé ou pour accompagner le café., Farine de blé, figues 27%, sucre, amandes, farine de petit épeautre, oeufs entiers, arôme naturel de figue, poudre à lever (pyrophosphate et carbonate acides de sodium, amidon de maïs), lait entier en poudre, anis, sel., Valeur énergétique en Joules :  1707Kj, Valeur énergétique en Kcal : 405Kc, Glucides : 67g, Lipides : 8,9g, Protides :11g, A conserver à l'abri de la chaleur et de l'humidité.]|"
42,40€ / Kg"|"
3,18 €"
3084|Croquets de Provence aux olives de Nyons|La boîte de 75g|[Origine : FRANCE, Véritable ancêtre des céréales modernes, le petit épeautre a failli disparaître de nos contrées. Redécouvert il y a quelques années, il est aujourd'hui cultivé au coeur de la Provence au pied du Mont ventoux., Farine de blé (farine de blé, gluten de blé, farine de fève, farine de blé malté, agent de traitement de la farine : E300), olives noires de Nyons AOC en saumure 25%, amandes, farine de petit épeautre 7%, sucre, oeufs entiers, sel, lait entier en poudre, poudres à lever : E450i et E500ii., Valeur énergétique en Joules :  1885Kj, Valeur énergétique en Kcal : 449Kcal, Glucides : 56g, Lipides : 18g, Protides :13g, A conserver à l'abri de la chaleur et de l'humidité.]|"
42,40€ / Kg"|"
3,18 €"
3085|Flûtes fines et croquantes au sésame|La boîte de 125g|[Origine : FRANCE, Ces biscuits apéritifs Monoprix Gourmet sont si croustillants  Un délice pour vos apéritifs !, Farine de blé, graines de sésame 32%, margarine végétale (huiles et graisses de colza, de palme et de coprah partiellement hydrogénées, eau, sel, émulsifiant : E 471, correcteur d'acidité : E 330), lait écrémé en poudre, sucre, levure, sel, émulsifiant : E 472e, farine de malt d'orge., Valeur énergétique en Joules :  2107Kj, Valeur énergétique en Kcal : 505Kcal, Glucides : 44g, Lipides : 28g, Protides :15g, A conserver dans un endroit sec, à l'abri de la chaleur.]|"
13,12€ / Kg"|"
1,64 €"
3086|Gaufrettes apéritives aux graines de pavot|La boîte de 80g|[Origine : FRANCE, Farine de blé, huile de colza, sirop de glucose de blé, poudre de lait entier, oeufs entiers liquides pasteurisés, graines de pavot 4,4%, sel, flocons de pomme de terre déshydratés, émulsifiant : lécithine de colza, poudres à lever : diphosphates etcarbonates de sodium, extrait d'épices (curcuma). Présence possible de fruits à coque., Valeur énergétique en Joules :  2015kj, Valeur énergétique en Kcal : 481kcal, Glucides : 57g, Lipides : 23g, Protides :10g, A conserver à l'abri de la chaleur et de l'humidité. Conditionné sous atmosphère protectrice.]|"
26,50€ / Kg"|"
2,12 €"
3087|Mini ciabatta olives vertes et romarin|Le paquet de 65g|[Origine : FRANCE, Produit de boulangerie aux olives vertes et au romarin 11% de MG., Farine de blé, flocons de riz, maltodextrine de pomme de terre, mélange d'huiles végétales (huile de tournesol, huile de tournesol hydrogénée, eau, huile de colza, huile de coprah hydrogénée, émulsifiant : E471, acidifiant : E270, arôme naturel), protéines de pois, olives vertes 6,6%, huile d'olive vierge extra, sel, levure, épice et aromates (oignon en poudre, poivre noir 0,4%, ail en poudre, sarriette 0,1%, thym 0,1%), romarin 0,6%, protéines de lait, émulsifiant : E472e, stabilisant : E412, dextrose de blé, antioxydant : E306 (soja), correcteur d'acidité : E330. Présence possible de noix et de sésame., Valeur énergétique en Joules :  1810Kj, Valeur énergétique en Kcal : 429Kcal, Glucides : 65g, Lipides : 11g, Protides :16g, A conserver dans un endroit frais et sec. Après ouverture du sachet, ces mini ciabattas doivent être conservés dans une boîte hermétique et être consommés dans les 48 heures pour bénéficier de toute leur saveur.]|"
16,92€ / Kg"|"
1,10 €"
3088|Mini torsades au beurre, oignon et ciboulette|La boîte de 75g|[Origine : FRANCE, Les biscuits apéritif MONOPRIX GOURMET sont si croustillants... grig notez-les avec délice !, Farine de blé, beurre 30%, lait écrémé en poudre, sel, levure, farine de malt d'orge, sucre, oignon déshydraté 0,5%, ciboulette déshydratée 0,25%., Valeur énergétique en Joules :  2112Kj, Valeur énergétique en Kcal : 506Kcal, Glucides : 48g, Lipides : 30g, Protides :11g, A conserver à l'abri de la chaleur et de l'humidité. Conditionné dans un sachet aluminisé.]|"
22,67€ / Kg"|"
1,70 €"
3089|Mini torsades au beurre et au sel de Guérande|Le paquet de 75g|[Origine : FRANCE, Les biscuits apéritif MONOPRIX GOURMET sont si croustillants... grig notez-les avec délice !, Farine de blé, beurre 32%, lait écrémé en poudre, sel de Guérande 1,5%, levure, farine de malt d'orge, sucre., Valeur énergétique en Joules :  2195Kj, Valeur énergétique en Kcal : 525Kcal, Glucides : 54g, Lipides : 29g, Protides :12g, A conserver à l'abri de la chaleur et de l'humidité. Conditionné dans un sachet aluminisé.]|"
22,67€ / Kg"|"
1,70 €"
3090|Mini torsades au beurre et gruyère|Le paquet de 75g|[Origine : FRANCE, Les biscuits, apéritif MONOPRIX GOURMET sont si croustillants... grig notez-les avec délice !, Farine de blé, beurre 29%, gruyère 10%, lait écrémé en poudre, sel, levure, farine de malt d'orge, sucre., Valeur énergétique en Joules :  2090Kj, Valeur énergétique en Kcal : 500Kcal, Glucides : 48g, Lipides : 28g, Protides :14g, A conserver à l'abri de la chaleur et de l'humidité. Conditionné dans un sachet aluminisé.]|"
22,67€ / Kg"|"
1,70 €"
3091|Pétales croquants de pomme de terre|La boîte de 75g|[Origine : FRANCE, Fécule et flocons de pomme de terre 76% , huile de tournesol , sel 2,9% , arômes naturels de paprika et de curcuma.Traces éventuelles de blé de crustacés , de lait et d'oeufs ., Valeur énergétique en Joules :  2091Kj, Valeur énergétique en Kcal : 499KCal, Glucides : 71g, Lipides : 22,5g, Protides :3g, A conserver à l'abri de la chaleur de l'humidité et de la lumière.A consommer rapidement après ouverture .]|"
9,47€ / Kg"|"
0,71 €"
3092|Petits choux fourrés saveur tomate & fromage de brebis|La boîte de 60g|[Origine : FRANCE, Retrouvez le goût du fromage de brebis finement mélangé à la saveur légèrement sucrée de la tomate. Cette recette originale saura satisfaire la gourmandise de vos invités., oeufs entiers pasteurisés, huile de coprah hydrogénée et non hydrogénée, huile de colza, farine de blé, fromage en poudre 6,8%, lactosérum en poudre, farine de riz, stabilisant : sorbitol de blé, fromage râpé 4,5% (lait, sel, ferments lactiques, présure, conservateur : E251, colorant : E160b), amidon de blé et de pomme de terre, tomate en poudre 2,8%, huile d'olive, dextrose de blé, lactose, sel de fonte : E331iii, sirop de glucose de blé et de maïs, protéines de lait, lait écrémé en poudre fermenté, émulsifiant : E472a, poudres à lever : E575, E500, colorants : E160b, E160c, piment rouge en poudre, acidifiants : E270, E330, oignon en poudre, extrait de poireau, extrait de levure, arôme, sel, épaississant : E415, levure, antioxydant : E306(dont extrait d'huile de soja). Présence possible de noix et de poissons., Valeur énergétique en Joules :  2619kj, Valeur énergétique en Kcal : 632kcal, Glucides : 28g, Lipides : 52g, Protides :12g, A conserver dans un endroit frais et sec.]|"
29,33€ / Kg"|"
1,76 €"
3093|Soufflés croustillants cacahuètes grillées|Le sachet de 50g|[Origine : FRANCE, Laissez-vous séduire par les Soufflés MONOPRIX si légers et croustillants. Leur délicieuse saveur de cacahuètes grillées est à savourer à l'apéritif ou au cours de la journée., Semoule de maïs 64% cacahuètes grillées moulues 30%, matière grasse végétale (palme), son de blé, sel, exhausteur de goût :E621, acidifiant : E330. Traces éventuelles de crustacés, d'oeufs et de lait., Valeur énergétique en Joules :  2024Kj, Valeur énergétique en Kcal : 483Kcal, Glucides : 59g, Lipides : 21g, Protides :12g, A conserver à l'abri de la chaleur, de l'humidité et de la lumière. A consommer rapidement après ouverture.]|"
9,00€ / Kg"|"
0,45 €"
3094|Toast Croustillant au fromage et aux graines de courge|Le sachet de 200g|[Origine : FRANCE, farine de blé complet* 60% - emmental* 10% - graines de courge* 8% - flocons d'avoine* 3% - graines de lin* - graines de sésame* - sel de mer - levure- extrait de malt d'orge* - *i ngrédiants issus de l'agriculture biologique,, Valeur énergétique en Joules :  1785kj, Valeur énergétique en Kcal : 426kcal, Glucides : 50g, Lipides : 15g, Protides :18g]|"
16,95€ / Kg"|"
3,39 €"
3095|Toast Croustillant au fromage et aux graines de courge|Le sachet de 200g|[Origine : FRANCE, farine de blé complet* 60% - emmental* 10% - graines de courge* 8% - flocons d'avoine* 3% - graines de lin* - graines de sésame* - sel de mer - levure- extrait de malt d'orge* - *i ngrédiants issus de l'agriculture biologique,, Valeur énergétique en Joules :  1785kj, Valeur énergétique en Kcal : 426kcal, Glucides : 50g, Lipides : 15g, Protides :18g]|"
16,95€ / Kg"|"
3,39 €"
3096|Torsades au beurre, feuilleté intense|La boîte de 125g|[Origine : SUISSE, Les biscuits apéritif MONOPRIX GOURMET sont si croustillants... Grignotez-les avec délice !, Farine de blé, beurre 32%, lait écrémé en poudre, sel, levure, farine de malt d'orge, sucre., Valeur énergétique en Joules :  2195Kj, Valeur énergétique en Kcal : 525Kcal, Glucides : 54g, Lipides : 29g, Protides :12g, A conserver à l'abri de la chaleur et de l'humidité. Conditionné dans un sachet aluminisé.]|"
17,28€ / Kg"|"
2,16 €"
3097|Torsades au gruyère, feuilleté intense|Le paquet de 125g|[Origine : SUISSE, Les biscuits apéritif MONOPRIX GOURMET sont si croustillants... Grignotez-les avec délice !, Farine de blé, margarine végétale (huiles et graisses végétales partiellement hydrogénées (colza, palme, coco, soja), eau, émulsifiant : E471, stabilisant : E330), gruyère 10%, lait écrémé en poudre, sel, levure, farine de malt d'orge, sucre., Valeur énergétique en Joules :  2090Kj, Valeur énergétique en Kcal : 500Kcal, Glucides : 48g, Lipides : 28g, Protides :14g, A conserver à l'abri de la chaleur et de l'humidité. Conditionné dans un sachet aluminisé.]|"
17,28€ / Kg"|"
2,16 €"
3098|Tortillas roll's, goût tomate|Le sachet de 125g|[Origine : FRANCE, Idéales pour accompagner vos apéritifs et cocktails, les tortillas enroulées Monoprix goût tomate se dégustent délicieusement avec du guacamole ou de la sauce mexicaine !, Farine de maïs 65% - huile de palme - sucre - sel - poudre de tomate 1,5% - exhausteurs de goût : glutamate monosodique, inosinate disodique - épices - amidonde blé - arômes - acidifiant : acide citrique - colorant : extrait de paprika., Valeur énergétique en Joules :  2196kj, Valeur énergétique en Kcal : 526kcal, Glucides : 58g, Lipides : 29g, Protides :6,2g, A conserver à l'abri de la chaleur et de l'humidité. A consommer rapidement après ouverture.]|"
10,24€ / Kg"|"
1,28 €"
3099|Tortillas roll's goût fromage|Le paquet de 125g|[Origine : FRANCE, Idéales pour accompagner vos apéritifs et cocktail, les Tortillas enroulées Monoprix goût fromage se dégustent délicieusement avec du guacamole ou de la sauce mexicaine !, Farine de maïs 65%, huile de palme, arômes, sel, lactose, sucre, exhausteur de goût : glutamate monosodique, guanylate disodique, inosinate disodique, maltodextrine, protéines de lait, colorant : jaune orange S., Valeur énergétique en Joules :  2119kj, Valeur énergétique en Kcal : 507Kcal, Glucides : 58g, Lipides : 27g, Protides :6g, A conserver à l'abri de la chaleur et de l'humidité. A consommer rapidement après ouverture.]|"
10,24€ / Kg"|"
1,28 €"
3100|Tuiles à base de pomme de terre goût paprika|La boîte de 170g|[Origine : FRANCE, Pomme de terre déshydratée 47%, matière grasse végétale de palme (dont acidifiant : acide citrique), amidons (blé et pomme de terre), sirop de glucose de blé, assaisonnement aromatisé (sel, chapelure (farine de blé, sel, poudre à lever : carbonates d'ammonium), dextrose, exhausteurs de goût : monoglutamate de sodium, guanylate disodique, inosinate disodique, poudre d'oignon, arôme (contient du lait), épices (paprika et poivre blanc), anti-agglomérants : sels de magnésium d'acides gras, dioxyde de silicium, poudre d'ail, poudre de tomate, extrait de levure, acidifiant : acide citrique, extraits de paprika et de romarin (huile de tournesol), arôme de fumée), huile de colza, émulsifiant : mono- et diglycérides d'acides gras, sel., Valeur énergétique en Joules :  2169Kj, Valeur énergétique en Kcal : 519Kcal, Glucides : 60g, Lipides : 28g, Protides :4,8g, A conserver dans un endroit frais et sec, à l'abri de la lumière. Bien refermer l'emballage après ouverture. Consommer rapidement après ouverture.]|"
9,29€ / Kg"|"
1,58 €"
3101|Tuiles goût nature|La boîte de 170g|[Origine : FRANCE, Pomme de terre déshydratées 49%, matière grasse végétale de palme (dont acidifiant : acide citrique), amidons (blé et pomme de terre), sirop de glucose de blé, sel 1,5%, huile de colza, émulsifiant : mono- et diglycérides d'acides gras. Traces de lait., Valeur énergétique en Joules :  2100Kj, Valeur énergétique en Kcal : 503Kcal, Glucides : 58g, Lipides : 27g, Protides :4,5g, A conserver dans un endroit frais et sec, à l'abri de la lumière. A consommer rapidement après ouverture. Bien refermer l'emballage après ouverture.]|"
9,29€ / Kg"|"
1,58 €"
3102|Biscuits salée craquant et croustillant|La boîte de 195g|[Origine : FRANCE, Issues du savoir-faire ancel, ces drôles de petites billes sont finement salées et si craquantes et croustillantes que vous n'en ferez qu'une bouchée !, Ne pas donner de Croc'Balls aux petits enfants., Farine de blé, 3,2% huile de tournesol, sel, extrait de malt d'orge, levure., Valeur énergétique en Joules :  1478kj, Valeur énergétique en Kcal : 350kcal, Glucides : 63g, Lipides : 5,5g, Protides :10g]|"
14,72€ / Kg"|"
2,87 €"
3103|Biscuits salés apéritif sticks|Le paquet de 200g|[Origine : FRANCE, Valeur énergétique en Joules :  1636Kj, Valeur énergétique en Kcal : 386Kcal, Glucides : 78,5g, Lipides : 2,9g, Protides :11,4g]|"
6,35€ / Kg"|"
1,27 €"
3104|Sticks & Bretzels - L'Original - Biscuits salés|La boîte de 300g|[Origine : FRANCE, La recette proche de la pâte à pain leur confère après cuisson une texture craquante, croustillante et un goût délicatement salé. Les Sticks et Bretzels Ancel font partie des produits apéritifs salés les moins gras (moins de 10% de matières grasses)., Farine de blé (gluten), huile de tournesol (2,2%), sel, extrait de malt d'orge (gluten), levure. Sans colorant. Sans conservateur. Fabriqué en France., Valeur énergétique en Joules :  1643, Valeur énergétique en Kcal : 388, Glucides : 75,7, Lipides : 4,6, Protides :10,9]|"
6,90€ / Kg"|"
2,07 €"
3105|Pop corn au caramel|Le paquet de 100g|[Origine : FRANCE, Sucre, maïs 26%, sirop de glucose de blé, beurre concentré, lait concentré, matière graisse végétale, lait en poudre, lactosérum en poudre, sel, arôme : vanilline, émulsifiant : lécithine de soja. Contient dérivés laitiers et soja. Fabriqué dans un atelier qui utilise des arachides., Valeur énergétique en Joules :  1780kj, Valeur énergétique en Kcal : 420kcal, Glucides : 84,0g, Lipides : 8,0g, Protides :3,0g]|"
10,20€ / Kg"|"
1,02 €"
3106|Au fromage|Le paquet de 80g|[Origine : FRANCE]|"
14,88€ / Kg"|"
1,19 €"
3107|Biscuits crackers emmental|La boîte de 55g|[Origine : FRANCE, Valeur énergétique en Joules :  2320kj, Valeur énergétique en Kcal : 555kcal, Glucides : 44g, Lipides : 36g, Protides :13g]|"
12,00€ / Kg"|"
0,66 €"
3108|Biscuits crackers garnie à l'emmental|La boîte de 105g|[Origine : FRANCE, Craquez pour sa pâte extra fine et fondante, garnie de savoureux emmental gratiné., Farine de blé, matière grasse végétale, emmental râpé, séché 17%, sucre, sel, sirop de glucose fructose, poudre à lever : carbonate acide de sodium, farine d'orge malté, extrait de levure, lactose et protéines de lait, émulsifiant : lécithine de soja. Contient : blé, gluten, soja et lait. Peut contenir des traces d'oeufs, fruits à coque, céleri, moutarde, sésame., Valeur énergétique en Joules :  2320Kj, Valeur énergétique en Kcal : 555Kcal, Glucides : 44g, Lipides : 36g, Protides :13g, A conserver à l'abri de la chaleur et de l'humidité. Consommer rapidement après ouverture.]|"
10,67€ / Kg"|"
1,12 €"
3109|Crackers feuilleté emmental|La boîte de 85g|[Origine : FRANCE, Laissez-vous tenter par Feuilleté le plus allumé des Crackers Belin. Pour vos apéritifs, l'équilibre parfait entre une pâte feuilletée en forme d'allumette et de l'emmental gratiné.Laissez-vous tenter par Feuilleté le plus allumé des Crackers Belin.Pour vos apéritifs, l'équilibre parfait entre une pâte feuilletée en forme d'allumette et de l'emmental gratiné.]|"
16,12€ / Kg"|"
1,37 €"
3110|Crackers Minizza, biscuits apéritif|La boîte de 85g|[Origine : FRANCE, Minizza, la reine de la pizza chez les crackers Belin. Une pâte extra fine, garnie de tomates, de fromage gratiné et d'herbes de Provence.!, Farine de blé, matière grasse végétale, protéines de lait et lactose, sucre, fromage 3.3%, sel, poudre à lever : carbonate acide d'ammonium, carbonate acide de sodium,  sirop de glucose-fructose, extrait de levure, herbes de Provence 1%, arômes, tomate en poudre 0,9% (équivalent tomate 18,5%), fécule de pomme de terre, aromates et épices 0,3%, oignon en poudre 0.3% (équivalent oignon 1.3%), émulsifiant : lécithine de soja, colorant : E120,  exhausteur de goût : glutamate monosodique. CONTIENT BLE,GLUTEN,SOJA,LAIT.PEUT CONTENIR DES TRACES D'OEUF?FRUITS A COQUE,CELERI,MOUTARDE,SESAME., Valeur énergétique en Joules :  2205kj, Valeur énergétique en Kcal : 530kcal, Glucides : 50g, Lipides : 31g, Protides :10g, A conserver à l'abri de la chaleur et de l'humidité. Consommer rapidement après ouverture.]|"
15,65€ / Kg"|"
1,33 €"
3111|Crackers réception, biscuits apéritif, salto bacon, minizza, triangolini, monaco, x4 compartiments fraîcheur|La boîte de 380g|[Origine : FRANCE, Farine de blé, matière grasse végétale, emmental râpé, séché 4,1%, sucre, graines de sésame et de pavot 2%, sel, lactose et protéines de lait, poudre à lever : carbonate acide d'ammonium, carbonate acide de sodium, orthophosphate monocalcique, farined'orge malté, arôme bacon, arômes, sirop de glucose-fructose, extrait de levure, arômes de fumée (huile de céleri), herbes de Provence 0,2%, tomate en poudre 0,2% (équivalent tomate 4%), gluten de blé, exhausteurs de goût : glutamate monosodique, guanylate disodique, inosinate disodique, aromates et épices, oignons en poudre, émulsifiant : lécithine de soja, colorants : E120. Contient blé, gluten, soja, lait, céleri, sésame. Peut contenir des traces d'oeuf, fruits à coque, moutarde., A conserver à l'abri de la chaleur et de l'humidité. Consommer rapidement après ouverture.]|"
10,82€ / Kg"|"
4,11 €"
3112|Crackers snacky extra-fins, biscuits apéritif|La boîte de 100g|[Origine : FRANCE, Laissez-vous tenter par Snacky le plus en formes des Crackers Belin. Découvrez ce savoureux mélange de crackers aux formes sympas et variées.Pour partager des apéritifs enjoués et survoltés., Farine de blé, matière grasse végétale, sucre, emmental râpé, séché 3,2%, sirop de glucose-fructose, poudre à lever (carbonate acide d'ammonium, carbonate acide de sodium), levure sèche, farine d'orge malté, lactose et protéines de lait,sel,émulsifiant(lécithine de soja).CONTIENT BLE,GLUTEN,SOJA,LAIT.PEUT CONTENIR DES TRACES D'OEUF,FRUITS A COQUE,CELERI,SESAME., Valeur énergétique en Joules :  2115, Valeur énergétique en Kcal : 505kcal, Glucides : 55g, Lipides : 27, Protides :9,3g, A conserver à l'abri de la chaleur et de l'humidité. Consommer rapidement après ouverture.]|"
7,60€ / Kg"|"
0,76 €"
3113|Crackers Télé extra-fins, biscuits apéritif|la boîte de 50g|[Origine : FRANCE, Un mélange sympa qui rassemble le meilleur de Crackers Belin. Triangolini et ses savoureuses graines de sésame.Monaco et sa pâte extra fine et fondante, garnie d'emmental gratiné, et d'autres crackers vedettes à la pâte fine et fondante., Farine de blé, matière grasse végétale, emmental râpé, séché 4%, sucre, sirop de glucose-fructose, poudre à lever (carbonate acide d'ammonium, carbonate acide de sodium, orthophosphate monocalcique), extrait de levure, graines de sésame 1.2%, farined'orge malté, sel, lactose et protéines de lait, graines de pavot 0.5%, émulsifiant (lécithine de soja), gluten de blé, arôme (contient céleri), aromates et épices.                                                            CONTIENT BLE, GLUTEN, SOJA, LAIT, CELERI, SESAME.                              PEUT CONTENIR DES TRACES D'OEUF, FRUITS A COQUE, MOUTARDE, Valeur énergétique en Joules :  2100kj, Valeur énergétique en Kcal : 505kcal, Glucides : 55g, Lipides : 27g, Protides :9,9g, A conserver à l'abri de la chaleur et de l'humidité. Consommer rapidement après ouverture.]|"
13,40€ / Kg"|"
0,67 €"
3114|Crackers Triangolini, biscuits ap{ritif aux graines de s{same et de pavot|La boîte de 100g|[Origine : FRANCE, Laissez-vous tenter par Triangolini, le plus craquant des crackers Belin. Le petit grain de folie pour vos apéritifs !, Farine de blé, matiére grasse végétale, graines de sésame et de pavot 7,2%, sirop de glucose-fructose, sucre, poudre à lever: carbonate acide d'ammonium, orthophosphate monocalcique, carbonate acide de sodium, sel, extrait de levure, farine d'orge malt{, gluten, arôme (c{leri), aromates et {pices. Contient bl{, guten, c{leri, s{same. Peut contenir des traces d'oeuf, lait, fruits à coque, moutarde., Valeur énergétique en Joules :  2010kj, Valeur énergétique en Kcal : 480kcal, Glucides : 59g, Lipides : 22g, Protides :9,4g, A conserver à l'abri de la chaleur et de l'humidité.]|"
10,60€ / Kg"|"
1,06 €"
3115|Achards de légumes, recette traditionnelle de la Réunion|Le pot de 250g|[Origine : FRANCE, Sur des toasts en accompanement d'un plateau apéritif pour étonner vos amis ou en décoration de plats de viandes froides., Légumes 51% (choux verts , carottes , choux-fleurs , oignons , haricots verts.) huile de tournesol , vinaigre d'alcool , ail déshydraté , gingembre , sel , épices., Conserver à l'abri de la lumière et de chaleur.A conserver 6 mois après ouverture au réfrigérateur.]|"
17,36€ / Kg"|"
4,34 €"
3116|Carciofi grigliati, artichauts grillés|Le bocal de 280g|[Origine : FRANCE, En Italie, les antipasti se dégustent nature ou parfumés d'un filet d'huile d'olive pour réveiller vos papilles., Artichauts grillés 54%, huile de tournesol, vinaigre de vin, sel, correcteur d'acidité : acide citrique, antioxydant : acide ascorbique., A conserver à température ambiante, à l'abri de la chaleur et de l'humidité.]|"
12,32€ / Kg"|"
3,45 €"
3117|Caviar d'aubergines|Le pot de 90g|[Origine : FRANCE, Sur des toasts pour un apéritif ensoleillé ou en accompagnement d'une moussaka., Aubergines 79%, huile de colza, oignons réhydratés, huile d'olive, chapelure (farine de blé, sucre, huile de palme, levure, gluten de blé, sel, germe de blé, malt d'orge, émulsifiant : E472e, antioxygène : E300), sel, basilic, sucre, ail, herbes de Provence (romarin, thym, basilic, marjolaine, sarriette), poivre, concentré de citron (jus de citron à base de concentré, pulpe, huile essentielle de citron, acidifiant : E330)., A conserver à température ambiante, dans un endroit propre et sec.]|"
27,56€ / Kg"|"
2,48 €"
3118|Caviar de tomate séchée|Le pot de 90g|[Origine : FRANCE, Sur des toasts pour un apéritif ensoleillé ou pour donner du relief à un plat ou à une sauce., Tomates séchées 31% (conservateur E220), huile de colza, tomates concassées 26% (tomates, jus de tomates, sel, acidifiant : E330), vinaigre de vin, sucre, huile d'olive, sel, origan, basilic, ail.  Contient des sulfites., A conserver à température ambiante, dans un endroit propre et sec.]|"
28,67€ / Kg"|"
2,58 €"
3119|Pomodori secchi, tomates séchées|Le bocal de 270g|[Origine : FRANCE, Sur des toasts apéritif avec du jambon de Parme ou en lanière dans une salade au chèvre frais à l'huile d'olive., Huile de tournesol, tomates séchées 43%, épices et aromates (ail, laurier, origan, poivre), câpres, correcteur d'acidité : acide citrique, antioxydant : acide ascorbique., A conserver à température ambiante, à l'abri de la chaleur et de l'humidité.]|"
10,07€ / Kg"|"
2,72 €"
3120|Rillettes de saumon au citron|La boîte de 120g|[Origine : FRANCE, Meilleur servi frais., Saumon 65%, eau, huile de tournesol, jus de citron concentré 2,7%, lait écrémé en poudre, concentré de tomates, sel, oignons, épaississants : gomme de guar et gomme de xanthane., Valeur énergétique en Joules :  720Kj, Valeur énergétique en Kcal : 173Kc, Glucides : 1.4g, Lipides : 11g, Protides :17g, A conserver à température ambiante.]|"
14,00€ / Kg"|"
1,68 €"
3121|Rillettes de thon aux herbes|La boîte de 120g|[Origine : FRANCE, Meilleur servi frais., Thon 62%, eau, huile de tournesol, fines herbes 2,6% (ciboulette, persil, cerfeuil), oignons, lait écrémé en poudre, sel, épaississant : gomme de guar, poivre, ail., Valeur énergétique en Joules :  835Kj, Valeur énergétique en Kcal : 200Kc, Glucides : 0.8g, Lipides : 13g, Protides :20g, A conserver à température ambiante.]|"
12,67€ / Kg"|"
1,52 €"
3122|Tapenade noire|Le pot de 90g|[Origine : FRANCE, Sur des toasts pour un apéritif ensoleillé, sur une poisson au four ou pour relever un lapin rôti., Olives noires 87% (olives, sel, conservateur : E202), huile d'olive, anchois salés, câpres, sucre, herbes de Provence (romarin, thym, basilic, marjolaine, sariette), vinaigre, sel., A conserver à température ambiante, dans un endroit propre et sec.]|"
29,56€ / Kg"|"
2,66 €"
3123|Tapenade verte|Le pot de 90g|[Origine : FRANCE, Sur des toasts pour un apéritif ensoleillé ou pour accompagner un gratin de tomates fraîches., Olives vertes 79% (olives, sel, acidifiant : E330), huile d'olive, anchois salés 2.2%, câpres saumurées 1.9%, extraits de thym et de romarin., A conserver à température ambiante, dans un endroit propre et sec.]|"
30,78€ / Kg"|"
2,77 €"
3124|Spécialité à base de sardines et de tapenade d'olives|La boîte de 90g|[Origine : FRANCE, Spécialité à base de Sardines et de Tapenade d'olives., A partager entre amis à l'apéritif, à déguster en entrée ou lors de vos pauses gourmandes., Filets de sardines 46%, tapenade noire 18,8% (olives vertes et noires Kalamata (olives, sel, acidifiant E270, antioxygène : acide citrique), pesto (basilic, huile d'olive, sel, vinaigre, ail), huile d'olive, câpres, sel), spécialité au citron, arômenaturel d'ail), huile de colza, eau, ail, jaune d'oeuf (jaune d'oeuf, sel), jus de citron, basilic, sel, épaississants : gomme xanthane et gomme de guar, poivre., Valeur énergétique en Joules :  1143kj, Valeur énergétique en Kcal : 276kcal, Glucides : 2,4g, Lipides : 24,4g, Protides :11,7g, Après ouverture, à conserver au réfrigérateur et à consommer dans les 48h.]|"
21,78€ / Kg"|"
1,96 €"
3125|Tartinables au thon, olives, tomates marinées et poivrons|La boîte de 90g|[Origine : FRANCE, Thon 35%, olives noires 9,6%, huile de colza, crÈme fraiche, poivrons rouges 8%, tomates concassÍes 6,6% (tomates, jus de tomates, acidifiant : acide citrique), tartare de tomates marinÍes 6% Ýtomates mi-sÍchÍes, concentrÍ de tomates, huile de colza,huile de tournesol, huile d'olive aromatisÍe au basilic (huile d'olive, ar«me basilic), condiment balsamique blanc (vinaigre de vin, jus de raisin concentrÍ, moÛt de raisin), sel, persil, ciboulette, acidifiant : acide citrique~, eau, jaune d'oeuf (jaune d'oeuf, sel), concentrÍ de tomates 2%, ail, jus de citron, origan, sel, Ípaississants : gomme xanthane et gomme guar, poivre.  Traces Íventuelles de moutarde., Valeur énergétique en Kcal : 179, Glucides : 4.3, Lipides : 12.4, Protides :12.5]|"
22,33€ / Kg"|"
2,01 €"
3126|Toast brioché aux raisins pur beurre|Le paquet de 175g|[Origine : FRANCE, Une fois l'emballage ouvert, tirez sur la cartonnette ondulée pour extraire vos toasts Pelletier.]|"
9,94€ / Kg"|"
1,74 €"
3127|Rillettes au crabe|Le pot de 125g|[Origine : FRANCE, Poisson blanc (39%), crabe blanc (20,5%), (chair de crabe,concentré de tourteau reconstitué), huile de colza, oignons, crème en poudre, arômes (exhausteur de goût: glutamate de sodium), amidon transformé de tapioca, sel, poudre de blanc d'oeuf, proteines de lait, fibres de pommes de terre, épaississants: carraghémanes et farine de graines de caroube, sucre., Valeur énergétique en Joules :  980kj, Valeur énergétique en Kcal : 240kcal, Glucides : 1g, Lipides : 21g, Protides :11g]|"
17,68€ / Kg"|"
2,21 €"
3128|Guacamole, crème d'avocat|Le pot de 200g|[Origine : ISRAEL, Avocats (94%), sel, antioxydant (E-300), oignons, arômes naturels, stabilisateur (E-415), ail, acide alimentaire (acide citrique E-330), conservateurs (E-202, E-211)., Conservation : +2°C - +7°C. Après ouverture, à consommer dans les 4 jours.]|"
24,05€ / Kg"|"
4,81 €"
3129|Houmous prestige au zaatar et à l'huile d'olive|La barquette de 250g|[Origine : ISRAEL, Convient aux végétariens., Pois chiches cuits(49%)eau - pois chiche-poudre à lever((e500)huile de colza-pate graine de sesame (15%)eau - huile olive-sel-graine de sésame,correcteur d acidité ( acide citrique)hysope (0,5%)épices conservateur (e202), Glucides : 100, Lipides : 100, Protides :100, Conservation : +2°C - +7°C.]|"
12,72€ / Kg"|"
3,18 €"
3130|Achards de légumes, recette traditionnelle de la Réunion|Le pot de 250g|[Origine : FRANCE, Sur des toasts en accompanement d'un plateau apéritif pour étonner vos amis ou en décoration de plats de viandes froides., Légumes 51% (choux verts , carottes , choux-fleurs , oignons , haricots verts.) huile de tournesol , vinaigre d'alcool , ail déshydraté , gingembre , sel , épices., Conserver à l'abri de la lumière et de chaleur.A conserver 6 mois après ouverture au réfrigérateur.]|"
17,36€ / Kg"|"
4,34 €"
3131|Carciofi grigliati, artichauts grillés|Le bocal de 280g|[Origine : FRANCE, En Italie, les antipasti se dégustent nature ou parfumés d'un filet d'huile d'olive pour réveiller vos papilles., Artichauts grillés 54%, huile de tournesol, vinaigre de vin, sel, correcteur d'acidité : acide citrique, antioxydant : acide ascorbique., A conserver à température ambiante, à l'abri de la chaleur et de l'humidité.]|"
12,32€ / Kg"|"
3,45 €"
3132|Caviar d'aubergines|Le pot de 90g|[Origine : FRANCE, Sur des toasts pour un apéritif ensoleillé ou en accompagnement d'une moussaka., Aubergines 79%, huile de colza, oignons réhydratés, huile d'olive, chapelure (farine de blé, sucre, huile de palme, levure, gluten de blé, sel, germe de blé, malt d'orge, émulsifiant : E472e, antioxygène : E300), sel, basilic, sucre, ail, herbes de Provence (romarin, thym, basilic, marjolaine, sarriette), poivre, concentré de citron (jus de citron à base de concentré, pulpe, huile essentielle de citron, acidifiant : E330)., A conserver à température ambiante, dans un endroit propre et sec.]|"
27,56€ / Kg"|"
2,48 €"
3133|Caviar de tomate séchée|Le pot de 90g|[Origine : FRANCE, Sur des toasts pour un apéritif ensoleillé ou pour donner du relief à un plat ou à une sauce., Tomates séchées 31% (conservateur E220), huile de colza, tomates concassées 26% (tomates, jus de tomates, sel, acidifiant : E330), vinaigre de vin, sucre, huile d'olive, sel, origan, basilic, ail.  Contient des sulfites., A conserver à température ambiante, dans un endroit propre et sec.]|"
28,67€ / Kg"|"
2,58 €"
3134|Confit d'oignon au sucre de canne.|Le pot de 220g|[Origine : FRANCE, En accompagnement de foie gras ou en assaisonnement de vos viandes., Après ouverture, à conserver au réfrigérateur et à consommer dans les 10 jours.]|"
9,95€ / Kg"|"
2,19 €"
3135|Confit de figues au sucre de canne cuit au chaudron|Le pot de 240g|[Origine : FRANCE, Figues, sucre de canne 38 g, gélifiant : pectines, acidifiant : acide citrique, jus de cassis. Présence possible de fruits à coque et lait. Préparé avec 63 g de figues pour 100 g de produit fini. Teneur totale en sucres : 48 g pour 100 g de produit fini., Valeur énergétique en Joules :  808kj, Valeur énergétique en Kcal : 190kcal, Glucides : 46g, Protides :0,8g, A conserver au réfrigérateur après ouverture et à consommer rapidement.]|"
8,71€ / Kg"|"
2,09 €"
3136|Confit de mangues au sucre de canne cuit au chaudron|Le pot de 220g|[Origine : FRANCE, Mangues (morceaux et purée), sucre de canne 34 g, eau, gélifiant : pectines, acidifiant : acide citrique. Présence possible de fruits à coque et lait. Préparé avec 56 g de mangues pour 100 g de produit fini. Teneur totale en sucres : 42 g pour 100 gde produit fini., Valeur énergétique en Joules :  722kj, Valeur énergétique en Kcal : 170kcal, Glucides : 42g, A conserver au réfrigérateur après ouverture et à consommer rapidement.]|"
9,95€ / Kg"|"
2,19 €"
3137|Cornichons Aigres-doux au vinaigre|Le bocal de 680g|[Origine : FRANCE, Cornichons, eau, vinaigre d'alcool, petits oignons (conservateur: disulfite de sodium), sel, sucre, épices et aromate (graines de moutarde jaune et brune, graines de coriandre, aneth), arôme., A conserver à température ambiante avant ouverture. Après ouverture, à conserver au réfrigérateur.]|"
3,06€ / Kg"|"
1,10 €"
3138|Cornichons extra-fins croquants au vinaigre|Le bocal de 350g|[Origine : FRANCE, Cornichons extra-fins, eau, vinaigres d'alcool et de vin blanc, petits oignons, sel, épices et aromates (graines de moutarde jaune et brune, graines de coriandre, estragon), arôme, conservateur: disulfite de sodium., A conserver à température ambiante avant ouverture. Après ouverture, à conserver au réfrigérateur.]|"
7,78€ / Kg"|"
1,44 €"
3139|Cornichons extra-fins croquants au vinaigre|Le pot de 360g|[Origine : FRANCE, Cornichons extra-fins , eau , vinaigres d'alcool et de vin blanc , petits oignons , sel , épices et aromates (graines de moutarde jaune et brune graines de coriandree estragon) , arôme , conservateur : disulfite de sodium., A conserver à température ambiante avant ouverture. Aprés ouverture , à conserver au réfrigérateur.]|"
5,56€ / Kg"|"
2,00 €"
3140|Olives noires à la grecque|Le bocal de 250g|[Origine : MAROC, Olives noires 99%, huile d'olive, sel, conservateur : sorbate de potassium, stabilisant : gluconate ferreux., A conserver au frais après ouverture.]|"
5,04€ / Kg"|"
1,26 €"
3141|Olives vertes dénoyautées|Le bocal de 160g|[Origine : MAROC, Saumure (eau, sel), olives vertes 46%, conservateur : acide lactique, antioxygène : acide citrique., A conserver au frais après ouverture.]|"
7,19€ / Kg"|"
1,15 €"
3142|Olives vertes entières|Le bocal de 200g|[Origine : MAROC, Olives vertes 57%, saumure (eau, sel), conservateur : acide lactique, antioxygène : acide citrique., A conserver au frais après ouverture.]|"
6,10€ / Kg"|"
1,22 €"
3143|Poivrons grillés|Le bocal de 280g|[Origine : FRANCE, A conserver à température ambiante, à l'abri de la chaleur et de l'humidité. Après ouverture, à conserver au réfrigérateur et à consommer dans les deux semaines.]|"
10,07€ / Kg"|"
2,82 €"
3144|Pomodori secchi, tomates séchées|Le bocal de 270g|[Origine : FRANCE, Sur des toasts apéritif avec du jambon de Parme ou en lanière dans une salade au chèvre frais à l'huile d'olive., Huile de tournesol, tomates séchées 43%, épices et aromates (ail, laurier, origan, poivre), câpres, correcteur d'acidité : acide citrique, antioxydant : acide ascorbique., A conserver à température ambiante, à l'abri de la chaleur et de l'humidité.]|"
10,07€ / Kg"|"
2,72 €"
3145|Préparation à base de poivron et de parmesan|Le pot de 90g|[Origine : FRANCE, Préparation à base de poivrons et de parmesan., Sur des toasts pour un apéritif ensoleillé., A conserver à température ambiante, à l'abri de la chaleur. Après ouverture, conserver entre 0°C et +4°C et consommer rapidement.]|"
30,00€ / Kg"|"
2,70 €"
3146|Tapenade noire|Le pot de 90g|[Origine : FRANCE, Sur des toasts pour un apéritif ensoleillé, sur une poisson au four ou pour relever un lapin rôti., Olives noires 87% (olives, sel, conservateur : E202), huile d'olive, anchois salés, câpres, sucre, herbes de Provence (romarin, thym, basilic, marjolaine, sariette), vinaigre, sel., A conserver à température ambiante, dans un endroit propre et sec.]|"
29,56€ / Kg"|"
2,66 €"
3147|Tapenade verte|Le pot de 90g|[Origine : FRANCE, Sur des toasts pour un apéritif ensoleillé ou pour accompagner un gratin de tomates fraîches., Olives vertes 79% (olives, sel, acidifiant : E330), huile d'olive, anchois salés 2.2%, câpres saumurées 1.9%, extraits de thym et de romarin., A conserver à température ambiante, dans un endroit propre et sec.]|"
30,78€ / Kg"|"
2,77 €"
3148|Tomates séchées à l'huile d'olive|Le pot de 200g|[Origine : FRANCE, Ces tomates allongées ont été séchées sous le soleil du sud de l'Italie. Réhydratés dans un court-bouillon aromatisé, elles sont rangées à la main puis confites dans un mélange d'huiles et d'herbes de Provence., A conserver au frais entre 0 et 4°C après ouverture.]|"
51,55€ / Kg"|"
5,67 €"
3149|Cornichons aux 5 épices & aromates|Poids net égoutté 380g|[Origine : FRANCE, Des cornichons extra fins, très croquants, sélectionnés soigneusement et cueillis à la main., Pour charcuteries, viandes froides, raclettes et apéritifs., Cornichons (dont sulfites), vinaigre, épices et aromates 5% (oignons, graines de moutarde, poivre, coriandre, piment de Jamaïque), sel, arôme., Valeur énergétique en Joules :  90 kJ, Valeur énergétique en Kcal : 20 kcal, Glucides : 3.5g, Lipides : <0.5g, Protides :1.5g, A conserver au réfrigérateur après ouverture et à consommer dans les 2 mois qui suivent.]|"
7,13€ / Kg"|"
2,71 €"
3150|Cornichons extra-fins aux 5 épices et aromates|Poids net égoutté 210g|[Origine : FRANCE, Croq'Vert, un sacré caractère! Des cornichons extra-fins, très croquants, soigneusement sélectionnés et cueillis à la main. Une recette élaborée aux 5 épices et aromates., Pour charcuteries, viandes froides, raclettes et apéritif., A conserver au réfrigérateur après ouverture. A consommer dans les deux mois qui suivent l'ouverture.]|"
11,38€ / Kg"|"
2,39 €"
3151|Harissa, sauce piquante|La boîte de 135g|[Origine : TUNISIE, Piments rouges , épices , sel , ail. Extraits secs 14%., Valeur énergétique en Joules :  317Kj, Valeur énergétique en Kcal : 76KCal, Glucides : 1,9g, Lipides : 3,9g, Protides :4g]|"
4,67€ / Kg"|"
0,63 €"
3152|Antipasti artichauts aux herbes|Le pot de 240g|[Origine : ITALIE, En apéritif, dans une salade, sur vos pâtes ou tout simplement à goûter sur le pain, laissez vous séduire par la saveur d'un repas en Italie. Dans la grande tradition gastronomique italienne, découvrez les Antipasti Carapelli, de savoureux légumes frais sélectionnés et marinés dans une huile d'olive de grande qualité., Artichauts coupÍs 60%, huile d'olive 29%, vinaigre de vin, sel, persil, ar«mes naturels, correcteur d'aciditÍ:acide citrique., Valeur énergétique en Joules :  440, Valeur énergétique en Kcal : 107, Glucides : 1,3g, Lipides : 7,2g, Protides :1,9g, A conserver au frais après ouverture.]|"
22,29€ / Kg"|"
5,35 €"
3153|Antipasti oignons grillés|Le pot de 250g|[Origine : ITALIE, En apéritif, dans une salade, sur vos pâtes ou tout simplement à goûter sur le pain, laissez vous séduire par la saveur d'un repas en Italie. Dans la grande tradition gastronomique italienne, découvrez les Antipasti Carapelli, de savoureux légumes frais sélectionnés et marinés dans une huile d'olive de grande qualité., Oignons borettane 63%, huile d'olive 28%, vinaigre de vin, sel, clous de girofle, ar«mes naturels, correcteur d'aciditÍ: acide citrique., A conserver au frais après ouverture.]|"
17,20€ / Kg"|"
4,30 €"
3154|Antipasti poivrons grillés|Le pot de 240g|[Origine : ITALIE, En apéritif, dans une salade, sur vos pâtes ou tout simplement à goûter sur le pain, laissez vous séduire par la saveur d'un repas en Italie. Dans la grande tradition gastronomique italienne, découvrez les Antipasti Carapelli, de savoureux légumes frais sélectionnés et marinés dans une huile d'olive de grande qualité., Poivrons 60%, huile d'olive 29%, vinaigre de vin, sucre, sel, correcteur d'acidité : acide citrique, mélange de plantes aromatiques., A conserver au frais après ouverture.]|"
22,29€ / L"|"
5,35 €"
3155|Antipasti tomates sechees et capres|le bocal de 240g|[Origine : ITALIE, En apéritif, dans une salade, sur vos pâtes ou tout simplement à goûter sur le pain, laissez vous séduire par la saveur d'un repas en Italie. Dans la grande tradition gastronomique italienne, découvrez les Antipasti Carapelli, de savoureux légumes frais sélectionnés et marinés dans une huile d'olive de grande qualité., Tomates séchées 52%, huile d'olive 27%, vinaigre de vin, sucre, câpres 3%, sel, mélange de plantes aromatiques, correcteur d'acidité : acide citrique., A conserver au frais après ouverture.]|"
21,29€ / Kg"|"
5,11 €"
3156|Câpres|Le pot de 90g|[Origine : ESPAGNE, Câpres, saumure vinaigre aromatisée., A conserver au frais après ouverture.]|"
43,83€ / Kg"|"
2,63 €"
3157|Coeurs d'artichauts marinés à l'huile|Le bocal de 280g|[Origine : FRANCE, Coeurs d'artichauts marinés à l'huile., Coeurs d'artichauts marinés 62% (quarts d'artichauts, vinaigre de vin, sel, antioxydant : acide ascorbique, correcteur d'acidité : acide citrique), huile de tournesol, persil, romarin, ail., Valeur énergétique en Joules :  634kj, Valeur énergétique en Kcal : 154kcal, Glucides : 2,3g, Lipides : 14,7g, Protides :1,5g, A conserver au réfrigérateur après ouverture et consommer dans les deux semaines qui suivent.]|"
10,48€ / L"|"
3,29 €"
3158|Les Olives du Marché, cocktail d'olives, pour apéritif|Le paquet de 100g|[Origine : MAROC, Une sélection des meilleures olives rehaussée d'une pointe d'épices et d'aromates. Avec 'Les Olives du Marché' de Crespo, ensoleillez vos apéritifs de saveurs méditerranéennes !, Olives vertes et noires 96%, sel 4%, épices, aromates, acidifiants : acides lactique et citrique, huile d'olive, conservateur : E202.]|"
11,70€ / Kg"|"
1,17 €"
3159|Les Olives du Marché, olives noires à la grecque aux herbes, pour apéritif|Le paquet de 100g|[Origine : MAROC, Une sélection des meilleurs olives rehaussée d'une pointe d'épices et d'aromates. Avec les olives du marché de Crespo, ensoleillez vos apéritifs de saveurs méditerranéennes !, Pour apéritif., Olives noires, épices, aromates, Huile d'olive, gluconate ferreux, conservateur : E202.]|"
20,50€ / Kg"|"
2,05 €"
3160|Les Olives du Marché, olives vertes pimentées, pour apéritif|Le paquet de 100g|[Origine : MAROC, Une sélection des meilleurs olives rehaussée d'une pointe d'épices et d'aromates. Avec les olives du marché de Crespo, ensoleillez vos apéritifs de saveurs méditerranéennes !, Pour apéritif., Olives vertes, épices, aromates, acidifiants : acides lactique et citrique, huile d'olive, conservateur : E202.]|"
11,10€ / Kg"|"
1,11 €"
3161|Olives noires à la grecque|Le paquet de 125g|[Origine : MAROC, Olives noires a la grecque, sel., A consommer dans les 12h après ouverture.]|"
10,56€ / Kg"|"
1,32 €"
3162|Olives noires à la grecque dénoyautées|Le bocal de 110g|[Origine : MAROC, Attention: nous ne pouvons pas garantir l'absence totale de noyaux, le dénoyautage étant mécanique., Olives noires dénoyautées, sel, gluconate ferreux, conservateur : E 202. Produit du Maroc., A conserver au frais après ouverture.]|"
26,09€ / Kg"|"
2,87 €"
3163|Olives noires à la grècque dénoyautées|Le bocal de 200g|[Origine : FRANCE, Attention : nous ne pouvons pas garantir l'absence totale de noyaux. Le dénoyautage étant mécanique., Olives noires dénoyautées, sel, stabilisateur de couleur : gluconate ferreux, conservateur : E202., A conserver au frais après ouverture.]|"
15,40€ / Kg"|"
3,08 €"
3164|Olives noires dénoyautées, spécial cuisine|La boîte de 185g|[Origine : ESPAGNE, A l'apéritif ou avec salades, pizzas et plats cuisinés., Olives, eau, sel, gluconate de fer.]|"
24,82€ / Kg"|"
2,11 €"
3165|Olives noires dénoyautées, spécial cuisine|La boîte de 425ml|[Origine : MAROC, A l'apéritif ou avec salades, pizzas et plats cuisinés. Peut exceptionnellement contenir un noyau non éliminé., Olives, eau, sel, gluconate de fer.]|"
13,22€ / Kg"|"
2,38 €"
3166|Olives vertes à la farce d'anchois|La boîte de 300g|[Origine : ESPAGNE, Saumure, olives, farce à l'anchoi 7% (anchois, agent de texture : alginate de sodium), exhausteur de goût : glutamate de sodium, acidifiant : acide citrique, anti-oxydant : acide L-ascorbique.]|"
14,08€ / Kg"|"
1,69 €"
3167|Olives vertes à la farce d'anchois|Le bocal de 198g|[Origine : FRANCE, Olives, saumure, farce à l'anchois 7% (agent de texture : alginate de sodium, anchois, exhausteur de goût : glutamate de sodium), acidifiants : acide citrique, anti-oxydant : acide L ascorbique . Peut exceptionnellement contenir un noyau non éliminé.]|"
22,25€ / Kg"|"
2,67 €"
3168|Olives vertes dénoyautées|La boîte de 185g|[Origine : ESPAGNE, Olives vertes, saumure (eau, sel), acidifiants : acides lactique et citrique.]|"
24,00€ / Kg"|"
2,04 €"
3169|Olives vertes dénoyautées|Le paquet de 170g|[Origine : MAROC, La garantie constante de la qualité., Peut exceptionnellement contenir un noyau non éliminé., Olives vertes, eau, sel, acidifiant : acide lactique et citrique.]|"
8,70€ / Kg"|"
0,87 €"
3170|Coulis de tomates|Le pot de 420g|[Origine : FRANCE, Prêt à l'emploi ce coulis est une merveilleuse base culinaire pour vos sauces, potages, viandes mijotées, omelettes ou couscous., Purée de tomates 99%, sel. Présence possible de gluten, lait, sésame, moutarde, céleri., Valeur énergétique en Joules :  206Kj, Valeur énergétique en Kcal : 49Kcal, Glucides : 8,8g, Protides :2,1g, A conserver de préférence à l'abri de la chaleur et de la lumière. Après ouverture, à conserver 3 jours maximum au réfrigérateur.]|"
2,90€ / Kg"|"
1,22 €"
3171|Pesto alla genovese, sauce cuisinée au basilic|Le pot de 190g|[Origine : FRANCE, On dit aujourd'hui que celui qui a goûté au pesto ne veut plus quitter l'Italie., Basilic 35%, huile d'olive, fromage 6% (pecorino romano, grana padano 1%, fromage), noix de cajou 5%, flocons de pomme de terre, sirop de glucose de maïs, sucre, sel, pignon de pin 2%, fibre de bambou, arômes (exhausteurs de goût : E621 et E631), ail, correcteur d'acidité : E270, épices.  Contient du blé, du soja et des sulfites., Conserver à l'abri de la chaleur et de l'humidité. Après ouverture, maintenir au frais et consommer rapidement.]|"
12,95€ / Kg"|"
2,46 €"
3172|Pesto rosso, sauce cuisinée aux tomates séchées|Le pot de 180g|[Origine : FRANCE, Cette sauce gourmande naît probablement des méthodes de conservation traditionnelles de la tomate dans le pourtour méditerranéen. On pouvait ainsi apprécier sa saveur tout au long de l'année., Tomates séchées 42%, huile d'olive, carotte, céleri, basilic 2.5%, cacahuète 1%, noisette 1%, pignon de pin 0.6%, ail, sucre, sel, vinaigre de vin., A conserver à l'abri de la chaleur et de l'humidité. Après ouverture, maintenir au frais et consommer rapidement.]|"
12,89€ / Kg"|"
2,45 €"
3173|Préparation à base de pulpe de tomates aux oignons et à l'ail|Le bocal de 420g|[Origine : FRANCE, A la casserole : réchauffer 5 minutes à feu très doux ou 8 minutes au bain-marie (bocal ouvert). Au four à micro-ondes : réchauffer 2 minutes à puissance maximale (pour un four ayant une puissance restituée de 750 Watts) dans un récipient adapté et couvert., Purée de tomates (purée de tomates mi-réduite, eau) pulpe de tomate 39% (pulpe, jus de tomates) oignon 10%, sucre, sel, ail déshydraté 0.7%, amidon transformé de pomme de terre.  Présence possible de gluten, lait, sésame, moutarde., Valeur énergétique en Joules :  175Kj, Valeur énergétique en Kcal : 42Kcal, Glucides : 6,7g, Lipides : 0,7g, Protides :1,3g, A conserver de préférence à l'abri de la chaleur et de la lumière. Après ouverture, à conserver 3 jours maximum au réfrigérateur.]|"
3,17€ / Kg"|"
1,33 €"
3174|Sauce aux tomates cuisinées|Les 2 pots de 190g|[Origine : FRANCE, A la casserole : réchauffer 5 minutes à feu très doux ou 8 minutes au bain-marie (boite ouverte). Au four à micro-ondes : réchauffer 2 minutes à puissance maximale (pour un four ayant une puissance restituée de 750 Watts) dans un récipient adapté etcouvert., Purée de tomates (eau, triple concentré de tomates) 95%, sucre, oignons 1%, amidon transformé de maïs, huile de tournesol, sel, plantes aromatiques (laurier, romarin, thym). Présence possible de gluten, lait, sésame, moutarde, céleri., Valeur énergétique en Joules :  202Kj, Valeur énergétique en Kcal : 48Kcal, Glucides : 7,5g, Lipides : 0,8g, Protides :1,7g, A conserver de préférence à l'abri de la chaleur et de la lumière. Après ouverture, à conserver 3 jours maximum au réfrigérateur.]|"
3,00€ / Kg"|"
1,14 €"
3175|Sauce bolognaise, certifié AB|Le pot de 200g|[Origine : FRANCE, Réchauffée à feu doux dans une casserole ou au bain-marie., Pulpe de tomate* 34%, viande de boeuf* 19%, concentré de tomate*, eau, oignons*, carottes* 2,9%, céleri*, huile d'olive vierge extra extraite à froid, sucre de canne* non raffiné, ail*, sel de mer, basilic*, origan*, thym* 0,016%. Ingrédients issus de l'agriculture biologique., Valeur énergétique en Joules :  339Kj, Valeur énergétique en Kcal : 81kcal, Glucides : 5,5g, Lipides : 4g, Protides :5,7g, Conserver à température ambiante, à l'abri de la chaleur et de l'humidité. Après ouverture, conserver au frais et consommer rapidement.]|"
9,20€ / Kg"|"
1,84 €"
3176|Sauce bolognaise, certifié AB|Le pot de 200g|[Origine : FRANCE, Réchauffée à feu doux dans une casserole ou au bain-marie., Pulpe de tomate* 34%, viande de boeuf* 19%, concentré de tomate*, eau, oignons*, carottes* 2,9%, céleri*, huile d'olive vierge extra extraite à froid, sucre de canne* non raffiné, ail*, sel de mer, basilic*, origan*, thym* 0,016%. Ingrédients issus de l'agriculture biologique., Valeur énergétique en Joules :  339Kj, Valeur énergétique en Kcal : 81kcal, Glucides : 5,5g, Lipides : 4g, Protides :5,7g, Conserver à température ambiante, à l'abri de la chaleur et de l'humidité. Après ouverture, conserver au frais et consommer rapidement.]|"
9,20€ / Kg"|"
1,84 €"
3177|Sauce bruschetta aux tomates, asperges et parmesan|Le pot de 190g|[Origine : FRANCE, A tartiner sur vos toasts apéritifs ou en accompagnement de vos pâtes., Huile de tournesol, pulpe de tomates 21%, asperges 18%, oignons 7%, fromage râpé (dont oeufs), lait en poudre, sel, dextrose de maïs, fromage parmigiano reggiano : 1,2%, amidon de maïs, correcteur d'acidité : acide lactique., Avant ouverture, conserver à température ambiante. Après ouverture, conserver entre 0°C et +4°C et consommer rapidement.]|"
14,79€ / Kg"|"
2,81 €"
3178|Sauce bruschetta aux tomates, ricotta et olives|Le pot de 190g|[Origine : FRANCE, A tartiner sur vos toasts apéritifs ou en accompagnement de vos pâtes., Pulpe de tomates 51%, huile de tournesol, ricotta salée 13% (dont lactose), double concentré de tomate 6,8%, olives noires 3,5%, câpres 2,5%, oignons, carottes, céleri, sel, dextrose, persil, origan, correcteur d'acidité : acide citrique., Avant ouverture, conserver à température ambiante. Après ouverture, conserver entre 0°C et +4°C et consommer rapidement.]|"
14,79€ / Kg"|"
2,81 €"
3179|Sauce cuisinée au piment fort|Le pot de 180g|[Origine : FRANCE, Cette sauce doit son nom à la saveur forte et envoûtante du piment qui la caractérise. Largement présent dans la cuisine du Sud de l'Italie, il est tellement apprécié qu'on le surnomme tendrement diavulicciu (diablotin)., Pulpe de tomates 96%, huile d'olive vierge extra, ail, sel, persil, piment 0,2%., Conserver à l'abri de la chaleur et de l'humidité. Après ouverture maintenir au frais et consommer rapidement.]|"
13,67€ / Kg"|"
2,46 €"
3180|Sauce curry aux petits légumes et à l'ananas|Le bocale de 350g|[Origine : FRANCE, A la poêle : après avoir fait revenir de la viande ou du poisson, ajouter la sauce curry Monoprix et laisser cuire à feu très doux pendant 5 minutes. Au four à micro-ondes : réchauffer 2 minutes à puissance maximale (pour un four ayant une puissancerestituée de 750 Watts) dans un récipient adapté et couvert., Eau, légumes 23% (oignons 10%, carottes 7%, poivrons rouges 6%), fruits 10.5% (ananas au sirop 5% (ananas, eau, sucre), purée de pommes 3%, raisons secs 1.8% (dont huile de coton), noix de coco râpée 0.7%, purée de tomates (triple concentré de tomates) et pulpe de tomates (pulpe, jus de tomates), sucre, amidon transformé de maïs, lait de coco en poudre (lait de noix de coco, maltodextrines de maïs, caséinate de sodium), mélange dépices et de plantes aromatiques pour curry  1% (dont moutarde etmaïs), sel arômes (contient blé, lactose, sésame, céleri), vinaigre dalcool, acidifiant : acide citrique, Valeur énergétique en Joules :  308Kj, Valeur énergétique en Kcal : 73Kcal, Glucides : 13g, Lipides : 1,7g, Protides :0,9g, A conserver de préférence à l'abri de la chaleur et de la lumière. Après ouverture, à conserver 3 jours maximum au réfrigérateur.]|"
3,89€ / Kg"|"
1,36 €"
3181|Sauce tomate, aubergine et ricotta|Le pot de 180g|[Origine : FRANCE, Accompagnez vos pâtes d'une note italienne avec cette savoureuse sauce ! Petite astuce : rajouter du basilic frais et de la ricotta salée., Réchauffer la sauce dans une casserole à feu très doux. Y mélanger les pâtes, faire sauter et servir bien chaud. Conserver à l'abri de la chaleur et de l'humidité. Après ouverture maintenir au frais et consommer rapidement., Pulpe de tomate 51% (tomate 36%, jus de tomate 15%, acidifiant : acide citrique), demi concentré de tomate 20%, aubergine grillée 10%, oignon, ricotta fraiche 5,3%, huile de tournesol, sel, basilic 0,7%, huile d'olive vierge extra.]|"
13,67€ / Kg"|"
2,46 €"
3182|Sauce tomate, chair à saucisse et ricotta|Le pot de 180g|[Origine : FRANCE, Réchauffer la sauce dans une casserole à feu doux., Pulpe de tomate 53% (tomate 37%, jus de tomate 15%, acidifiant : acide citrique), demi concentré de tomate 17%, chair à saucisse de qualité supérieure 10% (viande de porc, sel, piment déshydraté 0,15%, poivre noir, thym 0,01%), poivron rouge, huile d'olive vierge extra, ricotta fraîche 3,7%, oignon, sucre, ricotta déshydratée 0,5%, ail, correcteur d'acidité : acide lactique, arôme naturel de piment 0,1%, arôme fumée., Valeur énergétique en Joules :  385kj, Valeur énergétique en Kcal : 92kcal, Glucides : 7,3g, Lipides : 5g, Protides :3,5g, A conserver à l'abri de la chaleur et de l'humidité. Après ouverture, à conserver au réfrigérateur et consommer rapidement.]|"
13,67€ / Kg"|"
2,46 €"
3183|Sauce tomate à la viande bovine, à l'huile d'olive vierge extra|Le pot de 190g|[Origine : FRANCE, A l'huile d'olive vierge extra (1,5%)., A la casserole : faites réchauffer 5 minutes à feu très doux ou 8 minutes au bain-marie (bocal ouvert). Au four à micro-ondes : faites réchauffer 2 minutes à puissance maximale (pour un four ayant une puissance restituée de 750 watts) dans un récipient adapté et couvert., Purée de tomates (eau, triple concentré de tomates) et pulpe de tomates (pulpe, jus de tomates) 65%, viande bovine 19.7%,  légumes 9% (oignons 5%, carottes, céleri), huile dolive vierge extra 1.5%, sucre, sel, amidon transformé de pomme de terre, vin blanc, acidifiant : acide lactique, épices et plantes aromatiques (ail, basilic, girofle, laurier, poivre, romarin, thym), arôme naturel (contient du gluten)., Valeur énergétique en Joules :  342Kj, Valeur énergétique en Kcal : 82Kcal, Glucides : 5,5g, Lipides : 4,3g, Protides :4,3g, A conserver de préférence à l'abri de la chaleur et de la lumière. Après ouverture, conserver 3 jours maximum au réfrigérateur.]|"
4,68€ / Kg"|"
0,89 €"
3184|Sauce tomate à la viande bovine, à l'huile d'olive vierge extra|Le pot de 420g|[Origine : FRANCE, A l'huile d'olive vierge extra 1,5%., A la casserole : réchauffer 5 minutes à feu très doux ou 8 minutes au bain-marie (bocal ouvert). Au four à micro-ondes : réchauffer 2 minutes à puissance maximale (pour un four ayant une puissance restituée de 750 Watts) dans un récipient adapté et couvert., Purée de tomates (eau, triple concentré de tomates) et pulpe de tomates (pulpe, jus de tomates) 65%, viande bovine 19.7%, légumes 9% (oignons 5%, carottes, céleri), huile dolive vierge extra 1.5%, sucre, sel, amidon transformé de pomme de terre, vinblanc, acidifiant : acide lactique, épices et plantes aromatiques (ail, basilic, girofle, laurier, poivre, romarin, thym) arôme naturel (contient du gluten). Présence possible de gluten, lait, sésame, moutarde., Valeur énergétique en Joules :  342Kj, Valeur énergétique en Kcal : 82Kcal, Glucides : 5,5g, Lipides : 4,3g, Protides :4,3g, A conserver de préférence à l'abri de la chaleur et de la lumière. Après ouverture, à conserver 3 jours maximum au réfrigérateur.]|"
2,64€ / Kg"|"
1,11 €"
3185|Sauce tomate au basilic, certifié AB|Le pot de 200g|[Origine : FRANCE, Réchauffée à feu doux dans une casserole ou au bain-marie., Pulpe de tomates* 72%, concentré de tomate* 10%, oignons*, carottes* 4%, huile d'olive* vierge extra extraite à froid, basilic* 1,6%, sel de mer, ail*, sucre de canne* non raffiné. * ingrédients issus de l'agriculture biologique., Valeur énergétique en Joules :  208Kj, Valeur énergétique en Kcal : 50kcal, Glucides : 5,8g, Lipides : 2,3g, Protides :1,5g, Conserver à température ambiante, à l'abri de la chaleur et de l'humidité. Après ouverture, conserver au frais et consommer rapidement.]|"
6,80€ / Kg"|"
1,36 €"
3186|Sauce tomate au basilic, certifié AB|Le pot de 200g|[Origine : FRANCE, Réchauffée à feu doux dans une casserole ou au bain-marie., Pulpe de tomates* 72%, concentré de tomate* 10%, oignons*, carottes* 4%, huile d'olive* vierge extra extraite à froid, basilic* 1,6%, sel de mer, ail*, sucre de canne* non raffiné. * ingrédients issus de l'agriculture biologique., Valeur énergétique en Joules :  208Kj, Valeur énergétique en Kcal : 50kcal, Glucides : 5,8g, Lipides : 2,3g, Protides :1,5g, Conserver à température ambiante, à l'abri de la chaleur et de l'humidité. Après ouverture, conserver au frais et consommer rapidement.]|"
6,80€ / Kg"|"
1,36 €"
3187|Sauce tomate au basilic à l'huile d'olive vierge extra|Le bocal de 420g|[Origine : FRANCE, A l'huile d'olive vierge extra 2,5%)., A la casserole : réchauffer 5 minutes à feu très doux ou 8 minutes au bain-marie (bocal ouvert). Au four à micro-ondes : réchauffer 2 minutes à puissance maximale (pour un four ayant une puissance restituée de 750 Watts) dans un récipient adapté et couvert., Purée de tomates (eau, triple concentré de tomates) et pulpe de tomates (pulpe, jus de tomates) 80%, légumes 9% (oignons 5%, carottes 4%), basilic 3%, huile dolive vierge extra 2.5%, huile de tournesol, sucre, sel, amidon transformé de pomme de terre, vin blanc, arôme naturel de basilic et autres arômes naturels, acidifiant : acide citrique. Présence possible de gluten, lait, sésame, moutarde., Valeur énergétique en Joules :  269Kj, Valeur énergétique en Kcal : 65Kcal, Glucides : 5,7g, Lipides : 3,5g, Protides :1,4g, A conserver de préférence à l'abri de la chaleur et de la lumière. Après ouverture, à conserver 3 jours maximum au réfrigérateur.]|"
2,81€ / Kg"|"
1,18 €"
3188|Sauce tomate au basilic à l'huile d'olive vierge extra|Le pot de 190g|[Origine : FRANCE, A la casserole : réchauffer 5 minutes à feu très doux ou 8 minutes au bain-marie (bocal ouvert). Au four à micro-ondes : réchauffer 2 minutes à puissance maximale (pour un four ayant une puissance restituée de 750Watts) dans un récipient adapté et couvert., Purée de tomates (eau, triple concentré de tomates) et pulpe de tomates (pulpe, jus de tomates) 80%, légumes 9% (oignons 5%, carottes 4%), basilic 3%, huile d'olive vierge extra 2,5%, huile de tournesol, sucre, sel, amidon transformé de pomme de terre, vin blanc. Arôme naturel de basilic et autres arômes naturels. Acidifiant : acide citrique. Présence possible de gluten, lait, céleri, sésame, moutarde., Valeur énergétique en Joules :  269Kj, Valeur énergétique en Kcal : 65KCal, Glucides : 5,7g, Lipides : 3,5g, Protides :1,4g, A conserver de préférence à l'abri de la chaleur et de la lumière. Après ouverture, à conserver 3 jours maximum au réfrigérateur.]|"
4,84€ / Kg"|"
0,92 €"
3189|Sauce tomate aux champignons et aux cêpes et à l'huile d'olive vierge extra|Le pot de 190g|[Origine : FRANCE, A l'huile d'olive vierge extra 3,6%., A la casserole : faites réchauffer 5 minutes à feu très doux ou 8 minutes au bain-marie (bocal ouvert). Au four à micro-ondes : faites réchauffer 2 minutes à puissance maximale (pour un four ayant une puissance restituée de 750 watts) dans un récipient adapté et couvert., Purée de tomates (eau, triple concentré de tomates) et pulpe de tomates (pulpe, jus de tomates) 75%, légumes 9% (oignons 5%, carottes), champignons réhydratés 6% (dont bolets jaunes) (boletus luteus) 4.3%, cèpes (boletus endulis) 1.7%), huile dolivevierge extra 3.6%, champignons de Paris 3%, sucre, sel, amidon transformé de pomme de terre, arôme (dont colorant : E150c), plantes aromatiques (persil, ail) acidifiant : acide lactique. Présence possible de lait, céleri, sésame, moutarde et gluten., Valeur énergétique en Joules :  279Kj, Valeur énergétique en Kcal : 67KCal, Glucides : 5g, Lipides : 3,5g, Protides :1,8g, A conserver de préférence à l'abri de la chaleur et de la lumière. Après ouverture, à conserver 3 jours maximum au réfrigérateur.]|"
7,89€ / Kg"|"
1,50 €"
3190|Sauce tomate aux olives vertes et noires, à l'huile d'olive vierge extra|Le pot de 420g|[Origine : FRANCE, A l'huile d'olive vierge extra (3,5%)., A la casserole : réchauffer 5 minutes à feu très doux ou 8 minutes au bain-marie (bocal ouvert). Au four à micro-ondes : réchauffer 2 minutes à puissance maximale (pour un four ayant une puissance restituée de 750 Watts) dans un récipient adapté et couvert., Purée de tomates 65% (eau, triple concentré de tomates), olives (olives vertes 12,6%, olives noires 4,8%), légumes 9% (oignons 5%, carottes), huile d'olive vierge extra 3,5%, sucre, sel, amidon transformé de pomme de terre, plantes aromatiques (basilic, origan, romarin, sarriette, ail), vin blanc. Présence possible de gluten, lait, sésame, moutarde., Valeur énergétique en Joules :  382Kj, Valeur énergétique en Kcal : 92KCal, Glucides : 6,2g, Lipides : 6,3g, Protides :1,5g, A conserver de préférence à l'abri de la chaleur et de la lumière. Après ouverture, à conserver 3 jours maximum au réfrigérateur.]|"
3,50€ / Kg"|"
1,47 €"
3191|Sauce tomate napolitaine à l'huile d'olive vierge extra|Le pot de 190g|[Origine : FRANCE, A la casserole : réchauffer 5 minutes à feu très doux ou 8 minutes au bain-marie (bocal ouvert). Au four à micro-ondes : réchauffer 2 minutes à puissance maximale (pour un four ayant une puissance restituée de 750Watts) dans un récipient adapté et couvert., Purée de tomates (eau, triple concentré de tomates) et pulpe de tomates (pulpe, jus de tomates) 76%, légumes 16% (oignons 10%, carottes 6%), huile d'olive vierge extra 3%, sucre, sel, amidon transformé de pomme de terre, épices et plantes aromatiques(basilic, origan, poivre, laurier, ail, céleri), vin blanc. Présence possible de gluten, lait, sésame, moutarde., Valeur énergétique en Joules :  250Kj, Valeur énergétique en Kcal : 60Kcal, Glucides : 7g, Lipides : 2,4g, Protides :1,4g, A conserver de préférence à l'abri de la chaleur et de la lumière. Après ouverture, à conserver 3 jours maximum au réfrigérateur.]|"
5,11€ / Kg"|"
0,97 €"
3192|Sauce tomate napolitaine à l'huile d'olive vierge extra|Le pot de 420g|[Origine : FRANCE, A l'huile d'olive vierge extra (3%)., A la casserole : réchauffer 5 minutes à feu très doux ou 8 minutes au bain-marie (bocal ouvert). Au four à micro-ondes : réchauffer 2 minutes à puissance maximale (pour un four ayant une puissance restituée de 750 Watts) dans un récipient adapté et couvert., Purée de tomates (eau, triple concentré de tomates), et pulpe de tomates (pulpe, jus de tomates) 76%, légumes  16% (oignons 10%, carottes 6%), huile d'olive vierge extra 3%, sucre, sel amidon transformé de pomme de terre, épices et plantes aromatiques (basilic, origan, poivre, laurier, ail, céleri), vin blanc. Présence possible de gluten, lait, sésame, moutarde., Valeur énergétique en Joules :  250Kj, Valeur énergétique en Kcal : 60Kcal, Glucides : 7g, Lipides : 2,4g, Protides :1,4g, A conserver de préférence à l'abri de la chaleur et de la lumière. Après ouverture, à conserver 3 jours maximum au réfrigérateur.]|"
2,64€ / Kg"|"
1,11 €"
3193|Basilico, sauce tomates au basilic|Le pot de 400g|[Origine : ITALIE, Réchauffez la sauce à feu moyen ou au micro-ondes (après avoir retiré le couvercle), ajoutez-la aux pâtes, puis faites sauter le tout dans une petite poêle. Ajoutez un filet d'huile d'olive extra vierge avant de servir., Pulpe de tomates 75,4%, concentré de tomates, carottes, oignons, basilic 1,7%, huile de tournesol, sucre, sel, arômes naturels., Valeur énergétique en Joules :  228Kj, Valeur énergétique en Kcal : 54KCal, Glucides : 6,9g, Lipides : 2,3g, Protides :1,5g, Après ouverture, cette sauce se conserve 5 jours au réfrigérateur.]|"
4,68€ / Kg"|"
1,87 €"
3194|Napoletana, thym, persil, oignons|Le pot de 400g|[Origine : FRANCE, Réchauffez la sauce à feu moyen ou au micro-ondes (après avoir retiré le couvercle), ajoute-la aux pâtes, puis faites sauter le tout dans une petite poêle. Ajoutez un filet d'huile d'olive extra vierge avant de servir., pulpe de tomates 66,8%, concentré de tomates 10,1%, oignons 7%, eau, carottes, huile de tournesol 3%, sel, sucre, huile d'olive vierge extra 0,51%, ail, thym 0,4%, ciboulette 0,2%, persil 0,2%, arômes naturels, poivre., Valeur énergétique en Joules :  266Kj, Valeur énergétique en Kcal : 64Kcal, Glucides : 5,8g, Lipides : 3,7g, Protides :1,8g, Après ouverture, cette sauce se conserve 5 jours au rèfrigérateur.]|"
5,50€ / Kg"|"
2,20 €"
3195|Pesto alla genovese, sauce au basilic frais|Le pot de 190g|[Origine : FRANCE, Des feuilles de basilic fraîchement récoltées et parfumées unies au goût authentique du fromage pecorino. Il se mélange avec générosité avec vos pâtes pour révéler toutes les saveurs de l'Italie., 4 personnes. Remuez le Pesto (la séparation éventuelle des ingrédients est naturelle), et mélangez-le aux pâtes. Vous pouvez diluer la sauce en y ajoutant une cuillerée d'eau de cuisson des pâtes. Prévoyez 50g de sauce pour 100g de pâtes., Huile de tournesol 46,1% basilic 31%, noix de cajou, arômes naturels, fromage Grana Padano AOP 4,6%, sel, fromage Pecorino Romano AOP 1,2%, sucre, huile d'olive vierge extra 1%, extrait de basilic, ail. Traces d'oeufs, autres fruits à coque. Sans conservateur., Valeur énergétique en Joules :  2208Kj, Valeur énergétique en Kcal : 528,2Kc, Glucides : 3g, Lipides : 56g, Protides :5g, Une fois ouvert, se conserve 5 jours au réfrigérateur.]|"
14,26€ / Kg"|"
2,71 €"
3196|Pesto rosso, sauce à la tomate et au basilic|Le pot de 200g|[Origine : FRANCE, De délicieuses tomates, du vinaigre balsamique et une sélection de fromages italiens. Une recette unique issue de la passion pour les saveurs gourmandes et raffinées.Préparée selon la tradition, prête pour faire découvrir à vos pâtes la plénitude dessaveurs de l'Italie., 4 assiettes. Versez la sauce pesto directement sur les pâtes chaudes venant d'être égouttées et mélangez bien., Pulpe de tomates 35%, huile de tournesol, concentré de tomate, sirop de glucose, fromage Grana Padano AOP 4%, noix de cajou, sel, basilic 2,3%, aceto balsamico di modena IGP 2%, arômes, amidon, fromage Pecorino Romano AOP 1,1%, sucre, ail. Traces d'oeufs autres fruits à coque. Sans conservateur. Sans gluten., Valeur énergétique en Joules :  1364Kj, Valeur énergétique en Kcal : 326,3Kc, Glucides : 12g, Lipides : 29.5g, Protides :4g, Une fois ouvert, se conserve 5 jours au réfrigérateur.]|"
13,55€ / Kg"|"
2,71 €"
3197|Ragu' alla bolognese, sauce à base de tomate avec viande de boeuf, de porc et huile d'olive vierge extra|Le pot de 400g|[Origine : ITALIE, UTILISATION : Réchauffez la sauce à feu moyen ou au micro-ondes (après avoir retiré le couvercle), ajoutez-la aux pâtes, puis faites sauter le tout dans une petite poêle. Ajoutez du parmesan râpé avant de servir., Après ouverture, cette sauce se conserve 5 jours au réfrigérateur.]|"
6,33€ / Kg"|"
2,53 €"
3198|Sauce bolognaise aux champignons et aux cêpes|Le bocal de 400g|[Origine : ITALIE, Le parfum intense des cèpes et les généreux morceaux de champignons de Paris se marient à la perfection avec la saveur d'une viande délicatement mijotés. Barilla sélectionne soigneusement la viande de ses Bolognese, d'origine 100% européenne, dans des filières contrôlées. Préparée sans conservateurs, la sauce se mélange généreusement à vos pâtes pour révéler tout le goût et le plaisir de la cuisine italienne., 4 assiettes. Réchauffez la sauce à feu moyen ou au micro-ondes après avoir retiré le couvercle, ajoutez-la aux pâtes, puis faites sauter le tout dans une petite poêle., Oignons, eau, concentré de tomate 21%, champignons de Paris (Agaricus Bisporus) 10,9% (dont séchés réhydratés 4,6%), viande de porc 9%, viande de boeuf 3%, cèpes (Boletus Edulis et son groupe) 2%, huile de tournesol, sel, ail, amidon de maïs, sucre,extrait de levure, arôme, persil 0,3%, poivre noir., Valeur énergétique en Joules :  319kj, Valeur énergétique en Kcal : 76kcal, Glucides : 6,3g, Lipides : 3,5g, Protides :4,2g, Après ouverture, cette sauce se conserve 5 jours au réfrigérateur.]|"
7,03€ / Kg"|"
2,81 €"
3199|Sauce bolognaise aux fromages italiens|Le bocal de 400g|[Origine : ITALIE, Sauce bolognaise aux fromages italiens., Réchauffez la sauce à feu moyen ou au micro-ondes après avoir retiré le couvercle, ajoutez-la aux pâtes, puis faites sauter le tout dans une petite poêle., Eau, concentré de tomate 20,5%, oignons, viande de porc 10%, pulpe de tomate 6,1%, viande de boeuf 2%, carottes, fromage ricotta (lactosérum, crème), arômes naturelles (lait), amidon de maïs, fromage  grana padano AOP 1% (lysozyme d'oeufs), fromage pecorino romano AOP 1%, huile de tournesol, sel, sucre, thym 0,05%, poivre noir, extrait de sauge, laurier., Valeur énergétique en Joules :  353kj, Valeur énergétique en Kcal : 84kcal, Glucides : 8,4g, Lipides : 3,6g, Protides :3,9g, Après ouverture, cette sauce se conserve 5 jours au réfrigérateur.]|"
6,93€ / Kg"|"
2,77 €"
3200|Sauce bolognaise aux légumes méditerranéens|Le bocal de 400g|[Origine : ITALIE, Sauces bolognaise aux légumes méditerranéens., 4 assiettes. Réchauffez la sauce à feu moyen ou au micro-ondes après avoir retiré le couvercle, ajoutez-la aux pâtes, puis faites sauter le tout dans une petite poêle., Eau, concentré de tomate 15%, aubergines 11%, viande de porc 10%, oignons, poivrons 5,5%, viande de boeuf 5,3%, courgettes 5%, carottes, vin blanc, huile de tournesol, amidon de maïs, sel, ail, persil, sucre, extrait de levure, marjolaine 0,06%, poivre noir, arôme naturel., Valeur énergétique en Joules :  301kj, Valeur énergétique en Kcal : 72kcal, Glucides : 5,7g, Lipides : 3,4g, Protides :3,8g, Après ouverture, cette sauce se conserve 5 jours au réfrigérateur.]|"
7,00€ / Kg"|"
2,80 €"
3201|Sauce pesto aux tomates séchées|Le pot de 200g|[Origine : FRANCE, Préparé sans conservateurs, il se mélange avec générosité avec vos pâtes pour révéler toutes les saveurs de l'Italie., Versez la sauce Pesto directement sur les pâtes chaudes et mélangez bien. Prévoyez 50g de sauce pour 85g de pâtes., Huile de tournesol, pulpe de tomates 23,2%, tomates 14,5%, concentré de tomates 8%, tomates séchées au soleil 6,5%, pommes de terre, arômes naturels, sel, sucre, jus de carottes concentré, ail, origan 0,7%. Contient du lait. Sans gluten., Valeur énergétique en Joules :  1390kj, Valeur énergétique en Kcal : 336kcal, Glucides : 11,6g, Lipides : 30,6g, Protides :2,4g, Une fois ouvert, se conserve 5 jours au réfrigérateur.]|"
13,30€ / Kg"|"
2,66 €"
3202|Sauce pesto avec basilic et roquette|Le pot de 190g|[Origine : ITALIE, Versez la sauce pesto directement sur les pâtes chaudes et mélangez bien., Huile de graines de tournesol 38,5%, basilic 20,7%, persil, 11,8%, sirop de glucose, fromage Pecorino Romano AOP (lait), noix de Cajou, lactosérum en poudre, fromage ricotta (lactosérum), sel, roquette 1,5%, marjolaine 1,5%, sucre, thym 0,7%, babeurre en poudre (lait), correcteur d'acidité : acide citrique, arômes naturels (lait), ail. Peut contenir des traces de fruits à coque., Valeur énergétique en Joules :  1828kj, Valeur énergétique en Kcal : 443kcal, Glucides : 10,2g, Lipides : 42,5g, Protides :3,9g, Une fois ouvert, se conserve 5 jours au réfrigérateur.]|"
15,47€ / Kg"|"
2,94 €"
3203|Sauce pesto avec fromage ricotta, noix et noix de cajou|Le pot de 190g|[Origine : FRANCE, La douceur de la ricotta et le goût unique des noix s'unissent en un pesto crémeux et délicieux. Préparé sans conservateurs, il donnera à vos pâtes toute la richesse des saveurs italiennes., Versez le pesto directement sur les pâtes chaudes et mélangez bien. Vous pouvez diluer la sauce en y ajoutant une cuillère d'eau cuisson des pâtes. Prévoyez 50g de sauce pour 100g de pâtes., Huile de tournesol, fromage ricotta 20,5%, pulpe de tomates, sirop de glucose, concentré de tomate, noix 5,1%, basilic 3,9%, fromage Grana Padano AOP, sel, noix de Cajou 2,5%, arômes naturels, sucre, amidon, correcteur d'acidité: acide lactique, ail.contient traces d'oeuf., Valeur énergétique en Joules :  1694kj, Valeur énergétique en Kcal : 410kcal, Glucides : 11,0g, Lipides : 38,0g, Protides :5,0g, Une fois ouvert, se conserve 3-4 jours au réfrigérateur à +4°C.]|"
14,79€ / Kg"|"
2,81 €"
3204|Sauce Ricotta, sauce tomate et fromage Ricotta frais|Le pot de 200g|[Origine : FRANCE, 2 personnes. Réchauffez la sauce à feu moyen ou au micro-ondes (après avoir retiré le couvercle), mélangez-la aux pâtes, puis faîtes sauter le tout dans une poêle. Ajoutez un filet d'huile d'olive extra-vierge avant de servir., Pulpe de tomate 59%, fromage ricotta 12%, concentré de tomates, oignons, huile de tournesol, fromage Grana Padano AOP, fromage Pecorino Romano AOP, sel, persil, arômes naturels, sucre, amidon. Contient traces d'oeuf., Valeur énergétique en Joules :  555Kj, Valeur énergétique en Kcal : 134Kcal, Glucides : 7,9g, Lipides : 10g, Protides :3g, Une fois ouvert, se conserve 5 jours au réfrigérateur à +4°C.]|"
10,90€ / Kg"|"
2,18 €"
3205|Sauce tomate au piment|Le bocal de 400g|[Origine : ITALIE, Sauce tomate au piment., 4 personnes. Réchauffez la sauce à feu moyen ou au micro-ondes (après avoir retiré le couvercle), ajoutez-la aux pâtes, puis faites sauter le tout dans une petite poêle. Ajoutez un filet d'huile d'olive extra vierge avant de servir., Pulpe de tomates 83,8%, concentré de tomate, huile de tournesol, poivrons, ail, sel, persil, sucre, piment 0,1%., Valeur énergétique en Joules :  273kj, Valeur énergétique en Kcal : 66kcal, Glucides : 6,0g, Lipides : 3,5g, Protides :1,5g, Après ouverture, cette sauce se conserve 5 jours au réfrigérateur.]|"
5,43€ / Kg"|"
2,17 €"
3206|Sauce tomates cerise basilico|Le pot de 200g|[Origine : FRANCE, Réchauffez la sauce à feu moyen ou au micro-ondes (après avoir retiré le couvercle)., Pulpe de tomates cerise 75,4%, concentré de tomates, carottes, huile de tournesol, basilic 2%, oignons, sel, sucre, arômes naturels., Valeur énergétique en Joules :  320kj, Valeur énergétique en Kcal : 77kcal, Glucides : 8,0g, Lipides : 4,5g, Protides :1,0g, Une fois ouvert, le pot se conserve 5 jours au réfrigérateur à +4°C.]|"
9,30€ / Kg"|"
1,86 €"
3207|Sauce tomates cerise Napoletana|Le pot de 200g|[Origine : FRANCE, Barilla Tomates cerise Napoletana reconnue saveur de l'année 2009. Son secret: la douceur incomparable des tomates cerise italiennes, soigneusement sélectionnées par Barilla., Réchauffez la sauce à feu moyen ou au micro-ondes (après avoir retiré le couvercle), ajoutez-la aux pâtes, puis faites sauter le tout dans une poêle. Ajoutez un filet d'huile d'olive vierge extra avant de servir., Pulpe de tomates cerise 72,7%, concentré de tomate, carottes 5,1%, oignons 5,1%, huile de tournesol, sel, persil 0,4%, ail, thym, ciboulette, origan, poivre., Valeur énergétique en Joules :  279kj, Valeur énergétique en Kcal : 67kcal, Glucides : 6,5g, Lipides : 4g, Protides :1,2g, Une fois ouvert, se conserve 5 jours au réfrigérateur à +4°C.]|"
8,75€ / Kg"|"
1,75 €"
3208|Sauce tomates et fines herbes|Le bocal de 100g|[Origine : ITALIE, La douceur de délicieuses tomates 100% italiennes alliée à la richesse du parfum des fines herbes. Le mélange parfait des tomates, du persil, du thym et de l'origan, vous plongera au coeur des saveurs méditerranéennes. Préparée sans conservateur, cette nouvelle recette apportera à votre plat de pâtes le goût unique de la cuisine italienne., 4 parts. Réchauffez la sauce à feu moyen ou au micro-ondes après avoir retiré le couvercle, ajoutez-la aux pâtes, puis faites sauter le tout dans une petite poêle., Pulpe de tomates 65,9%, eau, concentré de tomates, oignons, huile de tournesol, sel, sucre, persil 0,6%, thym 0,4%, ail, origan 0,08%, poivre., Valeur énergétique en Joules :  276kj, Valeur énergétique en Kcal : 66kcal, Glucides : 5,3g, Lipides : 4,0g, Protides :1,5g, Après ouverture, cette sauce se conserve 5 jours au réfrigérateur.]|"
5,15€ / Kg"|"
2,06 €"
3209|Sauce soja gratin|La brique de 20cl|[Origine : FRANCE, Cette délicieuse sauce est facile à digérer et convient particulièrement aux personnes intolérantes aux lactose. Elle apportera de l'onctuosité et relèvera subtilement vos plats., Bien agiter avant utilisation. Cette sauce est un atout indispensable pour réussir vos gratins, pâtes, pommes de terre et légumes., *Tonyu (eau, *fèves de soja 7,6%), *farine de blé, *huiles végétales non hydrogénées (*palme et *tournesol), *amidon de blé, émulsifiant : lécithine de *tournesol, sel, *noix de muscade, épaississants : gomme guar, gomme xanthane, arômes naturel. *100% des ingrédients d'origine agricole ont été obtenus selon les règles de la production biologique., Valeur énergétique en Joules :  433, Valeur énergétique en Kcal : 104, Glucides : 8.7, Lipides : 6, Protides :3.7, A conserver au réfrigérateur après ouverture et à consommer rapidement.]|"
7,70€ / L"|"
1,54 €"
3210|Sauce soja gratin|La brique de 20cl|[Origine : FRANCE, Cette délicieuse sauce est facile à digérer et convient particulièrement aux personnes intolérantes aux lactose. Elle apportera de l'onctuosité et relèvera subtilement vos plats., Bien agiter avant utilisation. Cette sauce est un atout indispensable pour réussir vos gratins, pâtes, pommes de terre et légumes., *Tonyu (eau, *fèves de soja 7,6%), *farine de blé, *huiles végétales non hydrogénées (*palme et *tournesol), *amidon de blé, émulsifiant : lécithine de *tournesol, sel, *noix de muscade, épaississants : gomme guar, gomme xanthane, arômes naturel. *100% des ingrédients d'origine agricole ont été obtenus selon les règles de la production biologique., Valeur énergétique en Joules :  433, Valeur énergétique en Kcal : 104, Glucides : 8.7, Lipides : 6, Protides :3.7, A conserver au réfrigérateur après ouverture et à consommer rapidement.]|"
7,70€ / L"|"
1,54 €"
3211|Sauce 3 poivres, 2 personnes|Le sachet de 120g|[Origine : FRANCE, Idéale pour accompagner toutes les viandes Charal à griller ou à poêler : tournedos, entrecôtes, pavés de rumsteck  Au micro-ondes : ouvrez le sachet et mettez-le au micro-ondes pendant 1 mn à 800 watts. Au bain-marie : réchauffez 5 mn dans l'eau bouillante.  Micro-ondes. Bain-marie., Eau, crème (15%), amidon transformé de maïs, cognac, vin blanc (dont sulfites), oignons, poivres (vert réhydraté, noir, blanc: 1,6%), arômes, sel, farine de blé, sucre caramélisé, épaississants: E415, E412, ail., Valeur énergétique en Joules :  0, Valeur énergétique en Kcal : 0, Glucides : 0, Lipides : 0, Protides :0, À conserver entre 0°C et + 4°C et à consommer dans les 24 heures après ouverture.]|"
17,92€ / Kg"|"
2,15 €"
3212|Pulpe de tomates bio|Le lot de 2 boîtes de 400g|[Origine : FRANCE, De belles tomates de plein champ, pelées à cru, épépinées, coupées en morceaux puis mises en boite dans leur jus onctueux., Prêt à être cuisiner. Il n'est pas nécessaire de l'égoutter. Idéal pour préparer selon vos envies toutes vos sauces et plats à base de tomates., Tomates entières pelées*, jus de tomates*, correcteur d'acidité : acide citrique. *ingrédients biologiques., Valeur énergétique en Joules :  73kj, Valeur énergétique en Kcal : 17kcal, Glucides : 3,0g, Lipides : 0,1g, Protides :1,1g]|"
3,50€ / Kg"|"
2,80 €"
3213|Pulpe de tomates bio|Le lot de 2 boîtes de 400g|[Origine : FRANCE, De belles tomates de plein champ, pelées à cru, épépinées, coupées en morceaux puis mises en boite dans leur jus onctueux., Prêt à être cuisiner. Il n'est pas nécessaire de l'égoutter. Idéal pour préparer selon vos envies toutes vos sauces et plats à base de tomates., Tomates entières pelées*, jus de tomates*, correcteur d'acidité : acide citrique. *ingrédients biologiques., Valeur énergétique en Joules :  73kj, Valeur énergétique en Kcal : 17kcal, Glucides : 3,0g, Lipides : 0,1g, Protides :1,1g]|"
3,50€ / Kg"|"
2,80 €"
3214|Ketchup nature, doseur anti-goutte|Le flacon de 390g|[Origine : FRANCE, Purée de tomates mi-réduites 59% - sirop de glucose-fructose de maïs - vinaigre d'alcool - amidon transformé de maïs et de pomme de terre - sel - dextrose de blé et de maïs caramélisé - épices et aromate (céleri)., Valeur énergétique en Joules :  434 kJ, Valeur énergétique en Kcal : 102 kcal, Glucides : 24g, Protides :1.1g, A conserver à température ambiante. Après ouverture, à conserver au réfrigérateur et à consommer dans le mois qui suit.]|"
3,36€ / Kg"|"
1,31 €"
3215|Mayonnaise|Le tube de 430g|[Origine : FRANCE, Huile de colza 70%, eau, jaune d'oeuf 5%, moutarde de Dijon 3% (eau, graines de moutarde, vinaigre d'alcool, sel, acidifiant : acide citrique, conservateur : disulfite de potassium), vinaigre d'alcool, sucre, sel, acidifiants : glucono-delta-lactone,acide citrique, amidon transformé de maïs, épaississant : gomme guar, conservateur : sorbate de potassium, jus de citron concentré, colorant : bêta-carotène, arôme, extrait d'épice., Valeur énergétique en Joules :  270, Valeur énergétique en Kcal : 657, Glucides : 1.3, Lipides : 71.9, Protides :1.1, Après ouverture, se conserve 1 mois au réfrigérateur.]|"
3,56€ / Kg"|"
1,53 €"
3216|Mayonnaise à l'huile de colza et à la moutarde de Dijon|Le tube de 175g|[Origine : FRANCE, Huile de colza 70%, eau, jaune d'oeuf 5%, moutarde de Dijon 3% (eau, graines de moutarde, vinaigre d'alcool, sel, acidifiant : acide citrique, conservateur : disulfite de potassium), vinaigre d'alcool, sucre, sel, acidifiants : glucono-delta-lactone,acide citrique, amidon transformé de maïs, épaississant : gomme guar, conservateur : sorbate de potassium, jus de citron concentré, colorant : bêta-carotène, arôme, extrait d'épice., Valeur énergétique en Joules :  2701, Valeur énergétique en Kcal : 657, Glucides : 1.3, Lipides : 71.9, Protides :1.1, Après ouverture, se conserve 1 mois au réfrigérateur. A consommer de préfère avant le : voir sur l'une des extrémité de la boîte.]|"
4,00€ / Kg"|"
0,70 €"
3217|Mayonnaise à l'huile de colza et à la moutarde de Dijon, saveur et onctuosité, riche en oméga 3|Le pot de 235g|[Origine : FRANCE, Valeur énergétique en Joules :  2701, Valeur énergétique en Kcal : 657, Glucides : 1.3, Lipides : 71.9, Protides :1.1, Huile de colza 70%, eau, jaune d'oeuf 5%, moutarde de Dijon 3% (eau, graines de moutarde, vinaigre d'alcool, sel, acidifiant : acide citrique, conservateur : disulfite de potassium), vinaigre d'alcool, sucre, sel, acidifiants : glucono-delta-lactone,acide citrique, épaississant : gomme guar, amidon transformé de maïs, conservateur : sorbate de potassium, jus de citron concentré, colorant : bêta-carotène, arôme, extrait d'épice., Après ouverture, se conserve 1 mois au réfrigérateur.]|"
5,53€ / Kg"|"
1,30 €"
3218|Mayonnaise à la moutarde de Dijon, certifié AB|Le pot de 238g|[Origine : FRANCE, Cette mayonnaise, préparée et élaborée avec des produits issus de l'agriculture biologique, a reçu la certification par Certisys BE-1., Huile de tournesol*, jaune d'oeufs*, eau, moutarde de Dijon*3% (vinaigre de cidre*, graines de moutarde*, eau ,sel, acidifiant: E330, vinaigre d'alcool*, sucre de canne*, sel, arômes naturels, épaississant : gomme de xanthane. *ingrédients issus de l'agriculture biologique., Valeur énergétique en Joules :  3014Kj, Valeur énergétique en Kcal : 733Kcal, Glucides : 1,9g, Lipides : 80g, Protides :1,3g, Après ouverture, à conserver au réfrigérateur et à consommer rapidement.]|"
6,77€ / Kg"|"
1,59 €"
3219|Mayonnaise à la moutarde de Dijon, certifié AB|Le pot de 238g|[Origine : FRANCE, Cette mayonnaise, préparée et élaborée avec des produits issus de l'agriculture biologique, a reçu la certification par Certisys BE-1., Huile de tournesol*, jaune d'oeufs*, eau, moutarde de Dijon*3% (vinaigre de cidre*, graines de moutarde*, eau ,sel, acidifiant: E330, vinaigre d'alcool*, sucre de canne*, sel, arômes naturels, épaississant : gomme de xanthane. *ingrédients issus de l'agriculture biologique., Valeur énergétique en Joules :  3014Kj, Valeur énergétique en Kcal : 733Kcal, Glucides : 1,9g, Lipides : 80g, Protides :1,3g, Après ouverture, à conserver au réfrigérateur et à consommer rapidement.]|"
6,77€ / Kg"|"
1,59 €"
3220|Mayonnaise allégée , légére & onctueuse|Le flacon de 450ml|[Origine : FRANCE, Avec 56% de matières grasses en moins qu'une mayonnaise traditionnelle la gourmandise reste permise., Eau , huile de tournesol 34% , vinaigre d'alcool , sucre , amidon modifié de maïs , moutarde de Dijon ( eau , graines de moutarde , vinaigre d'alcool , sel , antioxygène : E224  , acidifiant : E330) , sel , jaune d'oeuf , jus de citron concentré ,colorants : E160c et 161b  , arôme ., Valeur énergétique en Joules :  1445Kj, Valeur énergétique en Kcal : 350KCal, Glucides : 8,2g, Lipides : 35g, Protides :0,6g, Aprés ouverture, se conserve un mois au réfrigérateur.]|"
4,18€ / Kg"|"
1,90 €"
3221|Mayonnaise gourmande|Le pot de 180g|[Origine : FRANCE, Onctueuse et savoureuse, cette mayonnaise donnera une note gourmande à tous vos mets., Huile de tournesol, jaune d'oeuf, moutarde (graines de moutarde, vinaigre d'alcool, eau, sel), vinaigre de vin blanc, sel, citron frais broyé. Contient des sulfites., Valeur énergétique en Joules :  3034Kj, Valeur énergétique en Kcal : 738Kcal, Glucides : 0,8g, Lipides : 81g, Protides :1,4g, A conserver à température ambiante. Après ouverture, conserver au réfrigérateur et consommer rapidement.]|"
7,00€ / Kg"|"
1,26 €"
3222|Moutarde à l'ancienne|Le bocal de 350g|[Origine : FRANCE, Eau, vinaigre d'alcool 27%, graines de moutarde, téguments, sel, acidifiant : acide citrique, arômes naturels, antioxydant : disulfite de potassium, épice., Valeur énergétique en Joules :  650kj, Valeur énergétique en Kcal : 157kcal, Glucides : 2,3g, Lipides : 12g, Protides :7,2g, A conserver au réfrigérateur après ouverture.]|"
3,54€ / Kg"|"
1,24 €"
3223|Moutarde à l'ancienne au vinaigre de cidre|Le pot de 200g|[Origine : FRANCE, Nous avons sélectionné pour vous des produits issus de l'agriculture biologique répondant à des normes strictes qui fixent leur mode de production., Vinaigre de cidre 50%* , graines et téguments de moutarde* , eau , sel marin non raffiné.Ingrédient issu de l'agriculture biologique.]|"
6,40€ / Kg"|"
1,28 €"
3224|Moutarde à l'ancienne au vinaigre de cidre|Le pot de 200g|[Origine : FRANCE, Nous avons sélectionné pour vous des produits issus de l'agriculture biologique répondant à des normes strictes qui fixent leur mode de production., Vinaigre de cidre 50%* , graines et téguments de moutarde* , eau , sel marin non raffiné.Ingrédient issu de l'agriculture biologique.]|"
6,40€ / Kg"|"
1,28 €"
3225|Moutarde aux fines herbes|Le pot de 100g|[Origine : FRANCE, Un grand classique : parfait avec des viandes grillées ou dans une salade pour son bon goût d'estragon., Vinaigre d'alcool, eau, graines de moutarde, sel, fines herbes 5.5% (estragon 2.2%, persil 2.2%, cerfeuil 1.1%), conservateurs : sulfites., A conserver à température ambiante Après ouverture, conserver au réfrigérateur]|"
9,50€ / Kg"|"
0,95 €"
3226|Moutarde basquaise au piment d'Espelette|Le pot de 100g|[Origine : FRANCE, Mariage passion : excellent avec un axoa de veau, recette basquaise à découvrir., Vinaigre d'alcool, eau, graines de moutarde, concentré de tomates, poivron rouge, ail, sel, piment d'Espelette en poudre 0.75%, conservateurs : sulfites., A conserver à température ambiante Après ouverture, conserver au réfrigérateur]|"
10,70€ / Kg"|"
1,07 €"
3227|Moutarde de Dijon, certifié AB|Le pot de 210g|[Origine : FRANCE, Eau, graines de moutarde*, vinaigre d'alcool*, sel. *Ingrédients issus de l'agriculture biologique., Valeur énergétique en Joules :  610Kj, Valeur énergétique en Kcal : 147Kcal, Glucides : 5,5g, Lipides : 10,5g, Protides :7,5g, Après ouverture, se conserve un mois au réfrigérateur.]|"
5,38€ / Kg"|"
1,13 €"
3228|Moutarde de Dijon, certifié AB|Le pot de 210g|[Origine : FRANCE, Eau, graines de moutarde*, vinaigre d'alcool*, sel. *Ingrédients issus de l'agriculture biologique., Valeur énergétique en Joules :  610Kj, Valeur énergétique en Kcal : 147Kcal, Glucides : 5,5g, Lipides : 10,5g, Protides :7,5g, Après ouverture, se conserve un mois au réfrigérateur.]|"
5,38€ / Kg"|"
1,13 €"
3229|Moutarde forte de Dijon|Le pot de 280g|[Origine : FRANCE, Eau, graines de moutarde, vinaigre d'alcool, sel, antioxygène: disulfite de potassium, acidifiant: acide citrique., A conserver au réfrigérateur après ouverture.]|"
4,46€ / Kg"|"
1,25 €"
3230|Moutarde forte de Dijon|Le pot de 370g|[Origine : FRANCE, Eau, graines de moutarde, vinaigre d'alcool, sel, antioxygène: disulfite de potassium, acidifiant: acide citrique., Valeur énergétique en Joules :  644Kj, Valeur énergétique en Kcal : 155Kcal, Glucides : 3,6g, Lipides : 12g, Protides :7,2g, A conserver au réfrigérateur après ouverture.]|"
1,81€ / Kg"|"
0,67 €"
3231|Moutarde forte de dijon Monoprix|Le verre de 150g|[Origine : FRANCE]|"
3,80€ / Kg"|"
0,57 €"
3232|Rouille à la sétoise|Le pot de 90g|[Origine : FRANCE, Sur des toasts pour accompagner la soupe de poisson ou simplement pour le plaisir., Eau, huile de colza, purée de tomates, assaisonnement (amidon de maïs, sel, ail, épaississants : E412 et E415, colorant : E160c, extraits naturels d'épices), moutarde (eau, graines de moutarde, vinaigre d'alcool, sel, acidifiant : E330, conservateur: disulfite de potassium), jaune d'oeuf en poudre 1.2%, protéines de lait, émulsifiants : E410, E412 et E415., A consommer rapidement après ouverture et conserver au frais.]|"
24,11€ / Kg"|"
2,17 €"
3233|Tomato ketchup|Le flacon de 280g|[Origine : FRANCE, Eau, purée de tomates double concentrée* 30,4%, sucre de canne*, vinaigre d'alcool*, amidon de tapioca*, sel, arôme naturel, arôme naturel de poivre avec autres arômes naturels, arôme naturel d'oignon. Traces de moutarde. * Ingrédients issus de l'agriculture biologique. Sans conservateur. Sans colorant., Valeur énergétique en Joules :  474kj, Valeur énergétique en Kcal : 112kcal, Glucides : 25g, Lipides : 0,1g, Protides :1,5g, Avant ouverture, se conserve 1 mois au réfrigérateur. Bien agiter avant emploi.]|"
7,12€ / L"|"
1,78 €"
3234|Tomato ketchup|Le flacon de 280g|[Origine : FRANCE, Eau, purée de tomates double concentrée* 30,4%, sucre de canne*, vinaigre d'alcool*, amidon de tapioca*, sel, arôme naturel, arôme naturel de poivre avec autres arômes naturels, arôme naturel d'oignon. Traces de moutarde. * Ingrédients issus de l'agriculture biologique. Sans conservateur. Sans colorant., Valeur énergétique en Joules :  474kj, Valeur énergétique en Kcal : 112kcal, Glucides : 25g, Lipides : 0,1g, Protides :1,5g, Avant ouverture, se conserve 1 mois au réfrigérateur. Bien agiter avant emploi.]|"
7,12€ / L"|"
1,78 €"
3235|Tomato ketchup allégé en sucre|Le flacon de 452 ml|[Origine : FRANCE, Tomato ketchup allégé en sucres., Dévissez le bouchon, déchirez la membrane d'aluminium. Revissez le bouchon, soulevez le couvercle, versez c'est prêt., Purée de tomates 76%, sucre 10%, vinaigre d'alcool, sel, amidon transformé de maïs, arômes naturels (dont céleri, lait). Présence possible de gluten, moutarde et sésame., Valeur énergétique en Joules :  322kj, Valeur énergétique en Kcal : 76kcal, Glucides : 17g, Lipides : 1,3g, Protides :1,3g, A conserver à température ambiante. A conserver au réfrigérateur après ouverture.]|"
3,31€ / Kg"|"
1,49 €"
3238|Moutarde à l'ancienne|Maille|[Origine : FRANCE, Vinaigre, graines de moutarde 27%, eau, sel, sucre, arôme, acidifiant : acide lactique, conservateur E224 (sulfites)., Conserver au réfrigérateur après ouverture.]|"
11,63€ / Kg"|"
1,86 €"
3239|Chutney doux de figue|Le pot de 220g|[Origine : FRANCE, Cette recette particulièrement douce est idéale pour accompagner un foie gras, une viande blanche ou pour ensoleiller un fromage de chèvre., Figue violette 64%, sucre de canne, vinaigre de vin, sel, curry, poivre, gélifiant : pectine de fruits. Sans colorant, sans conservateur., Ce bocal se conserve 15 jours au réfrigérateur après ouverture.]|"
25,50€ / Kg"|"
5,61 €"
3240|Condiment aux 11 épices et aromates|Le pot de 385g|[Origine : FRANCE, 1899: Savora naît d'un voyage gustatif aux 4 coins du monde. Depuis, Savora est un savant et secret mélange de 11 épices et aromates qui ravit toutes les papilles.De délicates graines de moutarde du Canada, un soupçon de cannelle et de piment de Cayenne, de la précieuse muscade d'Indonésie, du curcuma de Madras, du girofle, du céleri, de l'ail, de l'estragon, du vinaigre de malt et une cuillère de miel 'mille fleurs'., Vinaigre de malt, eau, graines de moutarde, vinaigre d'alcool, farine de blé, sucre, sel, miel, épices et aromates (dont céleri), acidifiant : acide citrique, conservateur: E224 (sulfite).]|"
5,40€ / Kg"|"
2,08 €"
3241|Ketchup poivré|Le flacon de 275g|[Origine : FRANCE]|"
6,80€ / Kg"|"
1,87 €"
3242|Mayonnaise à la moutarde de Dijon|Le flacon de 235g|[Origine : FRANCE, Mayonnaise à la moutarde de Dijon., Nouveau bouchon toujours propre., Huile de tournesol, huile de colza, jaune d'oeuf de poules élevées en plein air 8%, vinaigre, eau, moutarde de Dijon 5,3% (eau, graines de moutarde, vinaigre, sel), sel, sucre, dextrine, amidon modifié, arômes, colorants : extrait de paprika, lutéine(extrait de tagète). Sans conservateur., Valeur énergétique en Joules :  2800kj, Valeur énergétique en Kcal : 670kcal, Glucides : 2,5g, Lipides : 73g, Protides :1,5g, A conserver au réfrigérateur après ouverture. A consommer de préférence dans le mois qui suit l'ouverture.]|"
9,91€ / Kg"|"
2,33 €"
3243|Mayonnaise à la moutarde de Dijon|Le flacon de 415g|[Origine : FRANCE, Mayonnaise à la moutarde de Dijon., Nouveau bouchon toujours propre., A conserver au réfrigérateur après ouverture. A consommer de préférence dans le mois qui suit l'ouverture.]|"
6,84€ / Kg"|"
2,84 €"
3244|Mayonnaise recette fouettée|Le flacon de 230g|[Origine : FRANCE]|"
10,26€ / Kg"|"
2,36 €"
3245|Mayonnaise sans sulfite|Le bocal de 470g|[Origine : FRANCE]|"
4,89€ / Kg"|"
2,30 €"
3246|Moutarde de Dijon, fine et forte, valve propre|Le flacon de 265g|[Origine : FRANCE, Pour vous le goût c'est important ? Pour Amora aussi ! Ce nouveau flacon permet de préserver tout le goût de la recette originale Moutarde de Dijon Amora avec sa petite valve et son bouchon toujours propre., Dévissez le bouchon. Otez l'opercule., Eau, graines de moutarde, vinaigre 20%, sel, acidifiant : acide citrique, épaississant : gomme xanthane, conservateur : E224 (sulfites)., A consommer dans le mois qui suit l'ouverture.,A conserver au réfrigérateur après ouverture.]|"
6,34€ / Kg"|"
1,68 €"
3247|Moutarde de dijon fine et forte|Le bocal de 440g|[Origine : FRANCE, La moutarde de Dijon Fine et Forte Amora apporte toute la finesse d'une bonne moutarde avec un vrai piquant., Eau, graines de moutarde, vinaigre, sel, acidifiant : acide citrique, conservateur E224 (sulfites)., Valeur énergétique en Joules :  660kj, Valeur énergétique en Kcal : 160kcal, Glucides : 6g, Lipides : 12g, Protides :7g, A conserver au réfrigérateur après ouverture.]|"
2,14€ / Kg"|"
0,94 €"
3248|Moutarde de Dijon fine et forte, recette original|Le pot de 150g|[Origine : FRANCE, Eau, graines de moutarde, vinaigre 20%, sel, acidifiant : acide citrique, conservateur: E224 (sulfites)., A conserver au réfrigérateur après ouverture. A consommer dans le mois qui suit l'ouverture.]|"
3,53€ / Kg"|"
0,53 €"
3249|Moutarde de Dijon fine et forte, recette original|Le verre de 245g|[Origine : FRANCE, Eau, graines de moutarde, vinaigre (20%), sel, acidifiant : acide citrique, conservateur: E224 (sulfites)., A conserver au réfrigérateur après ouverture, Consommer dans le mois qui suit l'ouverture,]|"
6,69€ / Kg"|"
1,64 €"
3250|Moutarde douce|Le verre de 190g|[Origine : FRANCE, Verre avec motif Cars 2 (Disney Pixar)., Eau, graines de moutarde, vinaigre, huiles végétales, sel, dextrose, épaississant : E412, acidifiant : acide citrique, arômes, conservateur : E224 (sulfites)., A consommer de préférence dans le mois qui suit l'ouverture. A conserver au réfrigérateur après ouverture.]|"
9,47€ / Kg"|"
1,80 €"
3251|Moutarde mi-forte|Le verre de 230g|[Origine : FRANCE, Moutarde de Dijon 78% (eau, graines de moutarde, vinaigre, sel, acidifiant : acide citrique, conservateur : E224 (sulfites)), huiles végétales, eau, épaississant : gomme xanthane., A conserver au réfrigérateur et à consommer dans le mois qui suit l'ouverture.]|"
9,00€ / Kg"|"
2,07 €"
3252|Sauce barbecue, avec bouchon anti-goutte|Le flacon de 490g|[Origine : FRANCE, Découvrez le bon goût fumé de la sauce Barbecue, la recette idéale pour donner du caractère à vos grillades. Son bouchon, conçu pour rester toujours propre en préservera toute la saveur., Dévissez le bouchon. Otez l'opercule., Eau, vinaigre, purée de tomate semi-concentrée, sucre, mélasse, épaississants : E1422, E415, sel, arômes (dont arômes de fumée), sauce Worcestershire (vinaigre de malt (dont orge), vinaigre, mélasse, sucre, sel, poisson (anchois), épices et aromates,arômes), huile de colza, oignon, farine de moutarde, ail, conservateur : acide sorbique., Valeur énergétique en Joules :  530Kj, Valeur énergétique en Kcal : 130Kcal, Glucides : 28g, Lipides : 0,7g, Protides :0,8g, A conserver au réfrigérateur après ouverture. A consommer dans les mois qui suit l'ouverture.]|"
6,27€ / Kg"|"
3,07 €"
3253|Sauce burger|Le flacon de 260g|[Origine : FRANCE, Eau, huile végétale, purée de tomate mi-concentrée, vinaigre, sirop de glucose-fructose, oignon, condiment (eau, graines de moutarde, vinaigre, sel, épices, arômes), amidon modifié, sauce Worcestershire (vinaigre de malt (dont blé), vinaigre, mélasse, sucre, sel, poisson (anchois), épices et aromates, arômes), jaune d'oeuf, sucre, sel, ail, colorant : curcumine, arômes, épaississant : gomme xanthane, antioxygène : E385., Valeur énergétique en Joules :  1000kj, Valeur énergétique en Kcal : 240kcal, Glucides : 12g, Lipides : 21g, Protides :1,1g, A conserver au réfrigérateur après ouverture et à consommer dans le mois qui suit l'ouverture.]|"
7,08€ / Kg"|"
1,84 €"
3254|Sauce fruity thai|Le flacon de 274g|[Origine : FRANCE, Légèrement piquante., Dévisser le bouchon. Ôtez l'opercule., Eau, purée de mangue, sucre, vinaigre d'alcool, amidon modifié, sel, poivron rouge, épices, jus de citron concentré, arômes., Valeur énergétique en Joules :  380kj, Valeur énergétique en Kcal : 90kcal, Glucides : 22g, Lipides : 0,1g, Protides :0,2g, A conserver au réfrigérateur après ouverture. Consommer dans le mois qui suit l'ouverture.]|"
7,59€ / L"|"
2,08 €"
3255|Sauce pommes frites|Le flacon de 260g|[Origine : FRANCE, Dévisser le bouchon. Ôtez l'opercule., Eau, huile de colza, sucre, vinaigre d'alcool, amidon modifié, moutarde (eau, graines de moutarde, vinaigre d'alcool, sel épices, arômes), jaune d'oeuf, sel, lait écrémé en poudre, épices, arômes, acidifiants : acide lactique, acide citrique, persil,épaississant : gomme xanthane, conservateur : acide sorbique, antioxydant : E385., Valeur énergétique en Joules :  1200kj, Valeur énergétique en Kcal : 280kcal, Glucides : 12g, Lipides : 25g, Protides :1g, A conserver au réfrigérateur après ouverture. Consommer dans le mois qui suit l'ouverture.]|"
7,69€ / L"|"
2,00 €"
3256|Sauce samouraï|Le flacon de 255g|[Origine : FRANCE, Dévisser le bouchon. Otez l'opercule., Eau, huile de soja, vinaigre, amidon modifié, sucre, purée de tomates mi concentrée, jaune d'oeuf, piment, moutarde (eau, graines de moutarde, vinaigre, sel, épices, arômes), sel, poivron, arômes, ail, extrait de levure, poivre de Cayenne., Valeur énergétique en Joules :  1100kj, Valeur énergétique en Kcal : 260kcal, Glucides : 7g, Lipides : 0,8g, Protides :26g, A conserver au réfrigérateur après ouverture. A consommer de préférence dans le mois qui suit l'ouverture.]|"
7,33€ / Kg"|"
1,87 €"
3257|Sauce saveur Wasabi|Le flacon de 255g, nouveau bouchon|[Origine : FRANCE, Nouveau bouchon. Toujours propre., Dévisser le bouchon. Otez l'opercule., Eau, huile de soja, vinaigre, sucre, amidon modifié, jaune d'oeuf, épices, sel, moutarde (eau, graines de moutarde, vinaigre, sel, épices, arôme), arôme wasabi, arômes, jus de citron concentré, colorant : E141, antioxydant : E385., Valeur énergétique en Joules :  1100kj, Valeur énergétique en Kcal : 270kcal, Glucides : 9g, Lipides : 26g, Protides :0,7g, A conserver au réfrigérateur après ouverture. A consommer de préférence dans le mois qui suit l'ouverture.]|"
7,73€ / Kg"|"
1,97 €"
3258|Tomato ketchup|Le flacon de 280g|[Origine : FRANCE, Cette recette unique est faite à partir de tomates juteuses, muries au soleil et sélectionnées pour leur qualité et leur saveur naturelle., A consommer de préférence dans le mois qui suit l'ouverture. A conserver au réfrigérateur après ouverture.]|"
4,61€ / Kg"|"
1,29 €"
3259|Bouillon aux légumes|Les 6 bouillons de 11g|[Origine : FRANCE, Utilisez un cube par demi-litre d'eau bouillante. Le laisser fondre doucement jusqu'à ébullition du liquide., Sel marin, extrait de levure, *maltodextrines de maïs, *condiments, *légumes : 9% (*carottes, *poireaux, *oignons, *céleri), *huile de palme non hydrogénée, *amidon de pommes de terre, *amidon de maïs, *épices, *huile de tournesol, *aromates. *100% des ingrédients d'origine agricole ont été obtenus selon les règles de l'agriculture biologique. Sans glutamate ajouté. Sans conservateur., A conserver dans un endroit frais et sec.]|"
27,22€ / Kg"|"
1,96 €"
3260|Bouillon aux légumes|Les 6 bouillons de 11g|[Origine : FRANCE, Utilisez un cube par demi-litre d'eau bouillante. Le laisser fondre doucement jusqu'à ébullition du liquide., Sel marin, extrait de levure, *maltodextrines de maïs, *condiments, *légumes : 9% (*carottes, *poireaux, *oignons, *céleri), *huile de palme non hydrogénée, *amidon de pommes de terre, *amidon de maïs, *épices, *huile de tournesol, *aromates. *100% des ingrédients d'origine agricole ont été obtenus selon les règles de l'agriculture biologique. Sans glutamate ajouté. Sans conservateur., A conserver dans un endroit frais et sec.]|"
27,22€ / Kg"|"
1,96 €"
3261|Court-bouillon poisson & crustacés, 100% épices & aromates|La boîte de 10 sachets|[Origine : FRANCE, Ducros, le spécialiste des aromates, a élaboré pour vous cette recette de court-bouillon Garni, riche en saveur, fruit d'un savoir-faire culinaire de tradition. Ce mélange harmonieux de petits légumes, d'herbes et d'épices rigoureusement sélectionnés, convient parfaitement pour une cuisine raffinée et plus facile., Pratique et simple d'utilisation : le sachet fraîcheur. Efficace et simple d'emploi, le court-bouillon Ducros relève l'eau de cuisson des poissons, coquillages et crustacés. Il convient également pour les poissons cuits au vin blanc au four., Carotte (30%), sariette, oignon (10%), ail, piment Jamaïque, poivre, coriandre graine, laurier (5%), basilic, moutarde graine, fenouil graine.]|"
93,50€ / Kg"|"
1,87 €"
3262|Fond de veau|La boîte de 90g|[Origine : FRANCE]|"
39,56€ / Kg"|"
3,56 €"
3263|Fumet de poisson, base culinaire déshydratée pour sauces & mijotages|La boîte de 90g|[Origine : FRANCE, Une utilisation simple et pratique. Dosage : délayez environ 1 cuillère à café bombée par personne dans 10cl de liquide chaud (eau, vin, bouillon de légumes). A utiliser au four ou en cocotte en début de cuisson, et à la poêle en milieu ou fin de cuisson., Lactose de lait, farine de blé, huiles végétales hydrogénées (palme, tournesol), sel, amidon modifié de maïs, poisson en poudre (5%), extrait de vin blanc sur maltodextrine, plantes aromatiques (4.6%) (oignon, échalote, fenouil, laurier, thym, cerfeuil), arôme, écorce de citron en poudre, tomate, poivre.]|"
39,33€ / Kg"|"
3,54 €"
3264|Bouillon cube boeuf|Le paquet de 8 cubes, 80g|[Origine : FRANCE, Pratique et savoureux, le bouillon cube boeuf de Jardin Bio' est sans huile de palme. Il vous permettra de parfumer vos soupes, céréales et plats cuisinés à base de boeuf ou de veau en un tour de main., 8 cubes de 10 g = 4 litres de bouillon. Dissoudre un cube dans un demi-litre d'eau bouillante pour parfumer vos plats cuisinés, pâtes ou sauces. Ce cube permet aussi de réaliser une base pour les soupes. Inutile de saler., Sel marin, beurre de karité*, viande de boeuf* en poudre 10,9%, sucre de canne brut*, amidon de maïs*, oignons grillés*, extrait de levure, sucre caramélisé*, céleri*, graisse de boeuf* 1%, oignons*, fines herbes*, carottes*, épices*, arôme naturel,ail*. *Produits issus de l'agriculture biologique., Valeur énergétique en Joules :  1329kj, Valeur énergétique en Kcal : 320kcal, Glucides : 16,8g, Lipides : 23,6g, Protides :9g, A conserver à l'abri de l'humidité et de la chaleur.]|"
31,75€ / Kg"|"
2,54 €"
3265|Bouillon cube boeuf|Le paquet de 8 cubes, 80g|[Origine : FRANCE, Pratique et savoureux, le bouillon cube boeuf de Jardin Bio' est sans huile de palme. Il vous permettra de parfumer vos soupes, céréales et plats cuisinés à base de boeuf ou de veau en un tour de main., 8 cubes de 10 g = 4 litres de bouillon. Dissoudre un cube dans un demi-litre d'eau bouillante pour parfumer vos plats cuisinés, pâtes ou sauces. Ce cube permet aussi de réaliser une base pour les soupes. Inutile de saler., Sel marin, beurre de karité*, viande de boeuf* en poudre 10,9%, sucre de canne brut*, amidon de maïs*, oignons grillés*, extrait de levure, sucre caramélisé*, céleri*, graisse de boeuf* 1%, oignons*, fines herbes*, carottes*, épices*, arôme naturel,ail*. *Produits issus de l'agriculture biologique., Valeur énergétique en Joules :  1329kj, Valeur énergétique en Kcal : 320kcal, Glucides : 16,8g, Lipides : 23,6g, Protides :9g, A conserver à l'abri de l'humidité et de la chaleur.]|"
31,75€ / Kg"|"
2,54 €"
3266|Bouillon cube légumes, dégraissé|Le paquet de 10 cubes, 90g|[Origine : FRANCE, Pratique et savoureux, le bouillon cube légumes de Jardin Bio' est sans huile de palme et il est aussi très pauvre en matières grasses. Cette recette vous permettra de parfumer vos soupes, céréales et plats cuisinés en un tour de main., 10 cubes de 9 g = 5 litres de bouillon. Dissoudre un cube dans un demi-litre d'eau bouillante pour parfumer vos plats cuisinés, vos pâtes ou vos sauces. Ce cube permet aussi de réaliser une base pour vos soupes. Inutile de saler., Sel marin, maltodextrine*, amidon*, sirop de glucose*, légumes* 11% (oignons*, carottes*, poireaux*, tomates*, poivrons rouges*, céleri), extrait de levure, épices*, fines herbes* (céleri), sucre caramélisé*, huile d'olive*. *Produits issus de l'agriculture biologique., Valeur énergétique en Joules :  876kj, Valeur énergétique en Kcal : 207kcal, Glucides : 44,5g, Lipides : 0,9g, Protides :3,6g, A conserver à l'abri de l'humidité et de la chaleur.]|"
28,67€ / Kg"|"
2,58 €"
3267|Bouillon cube légumes, dégraissé|Le paquet de 10 cubes, 90g|[Origine : FRANCE, Pratique et savoureux, le bouillon cube légumes de Jardin Bio' est sans huile de palme et il est aussi très pauvre en matières grasses. Cette recette vous permettra de parfumer vos soupes, céréales et plats cuisinés en un tour de main., 10 cubes de 9 g = 5 litres de bouillon. Dissoudre un cube dans un demi-litre d'eau bouillante pour parfumer vos plats cuisinés, vos pâtes ou vos sauces. Ce cube permet aussi de réaliser une base pour vos soupes. Inutile de saler., Sel marin, maltodextrine*, amidon*, sirop de glucose*, légumes* 11% (oignons*, carottes*, poireaux*, tomates*, poivrons rouges*, céleri), extrait de levure, épices*, fines herbes* (céleri), sucre caramélisé*, huile d'olive*. *Produits issus de l'agriculture biologique., Valeur énergétique en Joules :  876kj, Valeur énergétique en Kcal : 207kcal, Glucides : 44,5g, Lipides : 0,9g, Protides :3,6g, A conserver à l'abri de l'humidité et de la chaleur.]|"
28,67€ / Kg"|"
2,58 €"
3268|Bouillon de légumes, -30% de sel|Le paquet de 12 tablettes de 11g|[Origine : FRANCE, Sel, maltodextrine, matière grasse végétale, fécule de pomme de terre, sucre, légumes : 7,3% (céleri, oignon, carotte, poireau, extrait de levure, arômes (dont moutarde), épices et aromates (curcuma, livèche, ail, persil, poivre), jus delégumes concentré (céleri, carotte, poireau, oignon), dextrose., Valeur énergétique en Joules :  1400, Valeur énergétique en Kcal : 340, Glucides : 42, Lipides : 17, Protides :4]|"
16,70€ / Kg"|"
1,82 €"
3269|Bouillon déshydraté aux herbes et à l'huile d'olive Puget pour pâtes et riz|Les 15 tablettes de 10g|[Origine : FRANCE, Le subtil parfum de l'huile d'olive vierge extra Puget associé aux notes méditerranéennes apportera un goût intense d'aromates et une petite touche de fantaisie pour des plats plus gourmands., 2 tablettes = 1 casserole d'eau. Ne salez pas l'eau de cuisson. Diluez 2 tablettes dans une casserole d'eau bouillante. Versez les pâtes ou le riz et remuez. Faites cuire selon le temps indiqué., Sel, exhausteur de goût : glutamate de sodium, matière grasse végétale, extrait de levure, matière grasse végétale hydrogénée, oignon, plantes aromatiques : 3% (persil, ail, origan, laurier, thym), huile d'olive vierge extra : 2%, lactose, amidon modifié, arômes (dont céleri)., Valeur énergétique en Joules :  21Kj, Valeur énergétique en Kcal : 5Kc, Glucides : 0,1g, Lipides : 0,3g, Protides :0,3g]|"
15,20€ / Kg"|"
2,28 €"
3270|Bouillon déshydraté aux légumes méditerranéens|Les 12 tablettes de 11g|[Origine : FRANCE, Préparé avec des bons légumes gorgés de soleil (poivrons rouges, tomates, courgettes...) et parfumé aux saveurs de la cuisine du Sud (basilic, romarin, origan...), ce bouillon ajoute à vos plats une délicieuse touche méditerranéenne. Ce bouillon est100% végétal et il contient moins de 6% de matières grasses., Il est idéal pour la cuisson des légumes et des pâtes, pour les soupes, et pour tous les plats du Sud (osso bucco, minestrone, sauce tomate, risotto...). Pour la cuisson des pâtes, du riz, des pommes de terre et des légumes, pour les soupes maison :délayer 2 tablettes par litre d'eau de cuisson. Pour les sauces et les plats en sauce, pour les légumes et viandes braisés : délayer 1 tablette par 1/4 de litre de liquide en début de cuisson., Sel, exhausteur de goût : glutamate de sodium, légumes : 7.5% (oignon, carotte, chou fleur, tomate : 0.5%, courgette 0.5%, fenouil, céleri, poivron rouge : 0.2%), extrait de levure, amidon, sucre, graisse de palme, plantes aromatiques : 3.4% (persil,basilic, origan, curcuma, livèche, romarin), arômes., Valeur énergétique en Joules :  18Kj, Valeur énergétique en Kcal : 4KCal, Glucides : 0,4g, Lipides : 0,1g, Protides :0,4g]|"
18,41€ / Kg"|"
2,43 €"
3271|Bouillon déshydraté de poule, ingrédients sélectionnés|Les 15 tablettes de 10g|[Origine : FRANCE, Riches en goût, les bouillons Knorr donnent du caractère à tous vos plats. Pratiques, ils sont toujours là pour vous aider à réaliser une cuisine savoureuse et personnalisée.Inventez, goûtez, variez! La meilleure cuisine, c'est la vôtre!, Pour la cuisson des pâtes, du riz, des pommes de terre, des légumes et des soupes maison délayez 2 tablettes par litre d'eau de cuisson. Pour les sauces, les plats en sauces et les légumes et viandes braisés: délayez une tablette par 1/4 de litre deliquide en début de cuisson. Inutile de saler., Sel, matière grasse végétale, fécule de pomme de terre, exhausteurs de goût : glutamate, inosinate et guanylate de sodium, graisse de poule, sucre, arômes, viande de poule : 1%, oignon, extrait de levure, céleri, persil, curcuma, ail., Valeur énergétique en Joules :  25Kj, Valeur énergétique en Kcal : 6Kc, Glucides : 0,3g, Lipides : 0,4g, Protides :0,1g]|"
14,47€ / Kg"|"
2,17 €"
3272|Bouillon tout fait|La boîte de 100g|[Origine : FRANCE]|"
11,50€ / Kg"|"
1,15 €"
3273|Fleur de maïs pour une cuisine légère|La boîte de 400g|[Origine : FRANCE, Pour sauces et gâteaux : pour une cuisine plus légère., Deux grands usages. Pour des gâteaux légers et moelleux, remplacez une partie de la quantité de farine indiquée dans votre recette par la fleur de maïs. Pour des sauces, crèmes, soupes liées et onctueuses, délayez  la fleur de maïs dans un verre de liquide froid (eau, lait, bouillon) puis ajoutez ce mélange au liquide chaud de la sauce, de la crème ou de la soupe.]|"
5,28€ / Kg"|"
2,11 €"
3274|Marmite de bouillon|Le paquet de 8 doses de 28g, soit 224g|[Origine : FRANCE, Marmite de bouillon Knorr contient un bouillon au goût riche et naturel. Ce bouillon a été préparé avec des ingrédients de qualité, doucement mijotés puis versés dans une petite marmite. Il rehaussera tous vos plats de saveurs riches et authentiques., Cuisson à la poêle ou cocotte : pour des légumes poêlés ou des viandes riches en goûts, ajoutez peu avant la fin de la cuisson 1 bouillon Marmite directement dans la poêle, le wok ou la cocotte avec le jus de cuisson. Soupes maison : pour parfumer délicieusement vos soupes maison, ajoutez 1 bouillon dans l'eau de cuisson des légumes. Pâtes et riz : pour parfumer délicieusement les pâtes ou le riz, ajoutez 1 bouillon dans l'eau de cuisson., Eau, sel, graisse de boeuf, légumes (carotte, poireau), extrait de levure, sucre, arômes (dont lait), extrait de viande de boeuf : 1,7%, matière grasse végétale, épaississants : gomme xanthane et farine de graines de caroube, caramel, persil, maltodextrine. Sans conservateur, sans colorant artificiel, sans exhausteur de goût., Valeur énergétique en Joules :  380kj, Valeur énergétique en Kcal : 95kcal, Glucides : 4g, Lipides : 7g, Protides :3g, A conserver dans un endroit frais et sombre pour une qualité optimale. Après ouverture, se conserve 3 jours au réfrigérateur. Il peut arriver que le produit cristallise, cela n'a pas d'impact sur sa qualité. Conditionné sous atmosphère protectrice.]|"
11,07€ / Kg"|"
2,48 €"
3275|Marmite de Bouillon, légumes|Les 8 marmites de 28g|[Origine : FRANCE, Marmite de bouillon Knorr contient un bouillon au goût riche et naturel. Ce bouillon a été préparé avec des ingrédients de qualité, doucement mijotés puis versés dans une petite marmite.Il réhaussera tous vos plats de saveurs riches et authentiques., Cuisson à la poêle ou cocotte : pour des légumes poêlés ou des viandes riches en goûts, ajoutez peu avant la fin de la cuisson 1 bouillon Marmite directement dans la poêle, le wok ou la cocotte avec le jus de cuisson. Soupes maison : pour parfumer délicieusement vos soupes maison, ajoutez 1 bouillon dans l'eau de cuisson des légumes. Pâtes et riz : pour parfumer délicieusement les pâtes ou le riz, ajoutez 1 bouillon dans l'eau de cuisson., Eau, sel, légumes : 14% (carotte, poireau, poivron rouge, céleri), matière grasse végétale, sucre, extrait de levure, épices et aromates (persil, graine de céleri, livèche, noix de muscade, poivre), épaississants : gomme xanthane et farine de grainesde caroube, arômes, caramel, maltodextrine. Sans conservateur. Sans colorant artificiel. Sans exhausteur de goût., Valeur énergétique en Joules :  490Kj, Valeur énergétique en Kcal : 120Kcal, Glucides : 6g, Lipides : 9g, Protides :2,5g, A conserver dans un endroit frais et sombre pour une qualité optimale. Après ouverture, se conserve 3 jours au réfrigérateur. Il peut arriver que le produit cristallise, cela n'a pas d'impact sur sa qualité. Conditionné sous atmosphère protectrice.]|"
11,29€ / Kg"|"
2,53 €"
3276|Marmite de bouillon, poule|Les 8 marmites de 28g|[Origine : FRANCE, Marmite de bouillon Knorr contient un bouillon au goût riche et naturel. Ce bouillon a été préparé avec des ingrédients de qualité, doucement mijotés puis versés dans une petite marmite.Il réhaussera tous vos plats de saveurs riches et authentiques., Cuisson à la poêle ou cocotte : pour des légumes poêlés ou des viandes riches en goûts, ajoutez peu avant la fin de la cuisson 1 bouillon Marmite directement dans la poêle, le wok ou la cocotte avec le jus de cuisson. Soupes maison : pour parfumer délicieusement vos soupes maison, ajoutez 1 bouillon dans l'eau de cuisson des légumes. Pâtes et riz : pour parfumer délicieusement les pâtes ou le riz, ajoutez 1 bouillon dans l'eau de cuisson., Eau, sel, matière grasse végétale, extrait de levure, sucre, légumes (carotte, poireau), graisse de poule, arômes (dont orge et moutarde), épices et aromates, (ail, persil, poivre), épaississants : gomme xanthane et farine de graines de caroube, viande de poule : 0.2%, caramel, maltodextrine, colorant : caroténoïdes mélangés. Sans conservateur. Sans colorant artificiel. Sans exhausteur de goût., Valeur énergétique en Joules :  390Kj, Valeur énergétique en Kcal : 95Kc, Glucides : 5g, Lipides : 7g, Protides :2.5g, A conserver dans un endroit frais et sombre pour une qualité optimale. Après ouverture, se conserve 3 jours au réfrigérateur. Il peut arriver que le produit cristallise, cela n'a pas d'impact sur sa qualité. Conditionné sous atmosphère protectrice.]|"
11,21€ / Kg"|"
2,51 €"
3277|Marmite fond de veau goût authentique|Le paquet de 4 portions|[Origine : FRANCE, Marmite Fond de Veau, mijoté avec des ingrédients soigneusement sélectionnés pour une sauce bien liée avec un goût authentique et naturel., Laissez fondre une marmite fond de veau dans 250ml d'eau chaude (surtout non bouillante) pendant 1 minute. Remuez à l'aide d'un fouet jusqu'à dissolution complète. Faites cuire à feu moyen pendant 1 minute., Bouillon de veau concentré 38% (eau, extrait de veau), amidon, sel, sucre, extrait de levure, arômes (dont blé et orge), viande de veau 2,7%, graisse de boeuf, épaississants : gomme xanthane, farine de graines de caroube et gomme Gellane, caramel, jus d'oignon concentré, maltodextrine, épices et aromates (paprika, poivre, thym, feuille de laurier), matière grasse végétale. Sans exhausteur de goût, sans conservateur, sans colorant artificiel., Valeur énergétique en Joules :  820kj, Valeur énergétique en Kcal : 200kcal, Glucides : 30g, Lipides : 4,5g, Protides :7g, A conserver dans un endroit frais et sombre. Après ouverture, se conserve 3 jours au réfrigérateur. Il peut arriver que le produit cristallise ou qu'il présente une partie liquide. Ce sont des phénomènes naturels qui n'ont pas d'impact sur la qualité du produit. Conditionné sous atmosphère protectrice.]|"
20,89€ / Kg"|"
2,34 €"
3278|Tablettes de bouillon de légumes, certifié AB|La boîte de 66g|[Origine : FRANCE, Elaboré à partir d'ingrédients biologiques de qualité, soigneusement sélectionnés, le bouillon de légumes Knorr rehaussera tous vos petits plats de saveurs riches et naturelles., Délayez 1 tablette pour 500ml d'eau pour la cuisson des pâtes, du riz, des pommes de terre et des légumes ou dans vos soupes maison. Délayez 1 tablette par 1/4 de litre de liquide en début de cuisson pour vos plats en sauces, légumes ou viandes braisées. Inutile de saler., Sel, extrait de levure (dont orge), matière grasse végétale*, fécule*, sucre*, légumes* : 7% (oignon*, carotte*), épices et aromates* (livèche*, persil*, ail*, curcuma*, noix de muscade*). *Ingrédients issus de l'agriculture biologique., Valeur énergétique en Joules :  25 kJ, Valeur énergétique en Kcal : 5 kcal, Glucides : 0.6g, Lipides : <0.5g, Protides :<0.5g, A conserver dans un endroit frais et sec.]|"
24,70€ / Kg"|"
1,63 €"
3279|Tablettes de bouillon de légumes, certifié AB|La boîte de 66g|[Origine : FRANCE, Elaboré à partir d'ingrédients biologiques de qualité, soigneusement sélectionnés, le bouillon de légumes Knorr rehaussera tous vos petits plats de saveurs riches et naturelles., Délayez 1 tablette pour 500ml d'eau pour la cuisson des pâtes, du riz, des pommes de terre et des légumes ou dans vos soupes maison. Délayez 1 tablette par 1/4 de litre de liquide en début de cuisson pour vos plats en sauces, légumes ou viandes braisées. Inutile de saler., Sel, extrait de levure (dont orge), matière grasse végétale*, fécule*, sucre*, légumes* : 7% (oignon*, carotte*), épices et aromates* (livèche*, persil*, ail*, curcuma*, noix de muscade*). *Ingrédients issus de l'agriculture biologique., Valeur énergétique en Joules :  25 kJ, Valeur énergétique en Kcal : 5 kcal, Glucides : 0.6g, Lipides : <0.5g, Protides :<0.5g, A conserver dans un endroit frais et sec.]|"
24,70€ / Kg"|"
1,63 €"
3280|Tablettes de bouillon de poule, certifié AB|La boîte de 60g|[Origine : FRANCE, Elaboré à partir d'ingrédients biologiques de qualité, soigneusement sélectionnés, le bouillon de poule Knorr rehaussera tous vos petits plats de saveurs riches et naturelles. Tous les ingrédient d'origine agricole (comme les légumes et les plantes aromatiques) de ce bouillon sont issus de l'agriculture biologique, conformément à la réglementation européenne., Délayez 1 tablette pour 500ml d'eau pour la cuisson des pâtes, du riz, des pommes de terre et des légumes ou dans vos soupes maison. Délayez 1 tablette par 1/4 de litre de liquide en début de cuisson pour vos plats en sauces, légumes ou viandes braisées. Inutile de saler., Sel, matière grasse végétale*, extrait de levure, maltodextrine*, amidon*, sucre*, viande de poule* : 4%, épices et aromates* (oignon*, curcuma*, persil*, poivre*, romarin*), graisse de poule*, arôme naturel de poule avec autres arômes naturels. *Ingrédients issus de l'agriculture biologique., Valeur énergétique en Joules :  25 kJ, Valeur énergétique en Kcal : 5 kcal, Glucides : 0.5g, Lipides : <0.5g, Protides :<0.5g, A conserver dans un endroit frais et sec.]|"
25,17€ / Kg"|"
1,51 €"
3281|Tablettes de bouillon de poule, certifié AB|La boîte de 60g|[Origine : FRANCE, Elaboré à partir d'ingrédients biologiques de qualité, soigneusement sélectionnés, le bouillon de poule Knorr rehaussera tous vos petits plats de saveurs riches et naturelles. Tous les ingrédient d'origine agricole (comme les légumes et les plantes aromatiques) de ce bouillon sont issus de l'agriculture biologique, conformément à la réglementation européenne., Délayez 1 tablette pour 500ml d'eau pour la cuisson des pâtes, du riz, des pommes de terre et des légumes ou dans vos soupes maison. Délayez 1 tablette par 1/4 de litre de liquide en début de cuisson pour vos plats en sauces, légumes ou viandes braisées. Inutile de saler., Sel, matière grasse végétale*, extrait de levure, maltodextrine*, amidon*, sucre*, viande de poule* : 4%, épices et aromates* (oignon*, curcuma*, persil*, poivre*, romarin*), graisse de poule*, arôme naturel de poule avec autres arômes naturels. *Ingrédients issus de l'agriculture biologique., Valeur énergétique en Joules :  25 kJ, Valeur énergétique en Kcal : 5 kcal, Glucides : 0.5g, Lipides : <0.5g, Protides :<0.5g, A conserver dans un endroit frais et sec.]|"
25,17€ / Kg"|"
1,51 €"
3282|Assaisonnement déshydraté pour cuisson aux herbes de provence|Le sachet de 34g|[Origine : FRANCE, Valeur énergétique en Joules :  1203Kj, Valeur énergétique en Kcal : 285Kcal, Glucides : 53,8g, Lipides : 2,8g, Protides :8,3g]|"
33,53€ / Kg"|"
1,14 €"
3283|Bouillon de boeuf dégraissé, x12 cubes saveur|La boîte de 128.4g|[Origine : FRANCE, Cuisinez-vous une vie meilleure.Maggi améliore en permanence ses recettes pour votre équilibre au quotidien. Toujours autant de goût et la garantie d'un bouillon sans colorant, sans conservateur et sans matière grasse., Cuisson à l'eau : soupes, pâtes, riz, légumes. 1 ou 2 cubes + 1L d'eau bouillante. Cuisson à la cocotte : viandes, légumes, féculent (500-600g/ 4 personnes). 1 cube + 1/4 L d'eau bouillante. Ne pas saler., Sel, maltodextrine, exhausteurs de goût : glutamate, guanylate et inosinate de sodium, arômes (blé) dont arôme boeuf, huile de tournesol, caramel (sucre, eau), oignon, persil, extraits de : poivre, girofle, céleri, laurier, thym, épices, fibres de légume. Peut contenir des traces de lait, oeuf. Sans colorant, sans conservateur., Valeur énergétique en Joules :  927Kj, Valeur énergétique en Kcal : 222KCal, Glucides : 35g, Lipides : 3,6g, Protides :11,7g]|"
18,52€ / Kg"|"
2,37 €"
3284|Bouillon de poule-au-pot, riche en goût, cubes saveur|La boîte de 15 cubes de 10g|[Origine : FRANCE, Gain de temps et apport de saveurs en un seul geste pour vos cuissons à l'eau, plats mijotés. Plus besoin de faire mijoter pendant des heures pour obtenir un délicieux goût cuisiné.Peut être utilisé en usage unique (bouillon de poule au pot pour platà base de volaille) ou en multi utilisation (bouillon de poule au pot pour cuisson de légumes.), Dans les cuissons à l'eau, et plats mijotés. A utiliser au quotidien pour varier le goût des soupes, des pâtes et du riz., Sel, maltodextrine, exhausteurs de goût : glutamate, guanylate et inosinate de sodium, volaille 5,5% : graisse de poulet 3,5%, extrait de poulet 2%, sucre,  légumes (poireau, carotte, navet) et extraits de légumes (poireau, carotte, céleri, oignon) 2,9%, arômes, persil, curcuma, caramel (sucre, eau), fibres de légume, antioxygène : extrait riche en tocophérols. Peut contenir des traces de lait, oeuf, blé, moutarde. Sans colorant, sans conservateur., Valeur énergétique en Joules :  1171, Valeur énergétique en Kcal : 279,8, Glucides : 26,7, Lipides : 13,5, Protides :12,8, Conserver à température ambiante.]|"
17,53€ / Kg"|"
2,63 €"
3285|Bouillon déshydraté aux épices et à l'huile d'olive 4,7%|La boîte de 10 tablettes de 10,5g|[Origine : FRANCE, sel, maltodextrine, exhauseurs de goût: glutamate, guanilate et inosinate de sodium; huile d'olive 4,7%, oignon, arômes (blé), épices 2%: graines de coriandre, curcuma, cumin, piment rouge; feuilles de coriandre, origan, caramel(sucre, eau), extraitsd'epices, fibres de légume.                                      Peut contenir des traces de: lait, oeuf,fruits a coques, céleri, moutarde, sésame., Valeur énergétique en Joules :  894Kj, Valeur énergétique en Kcal : 212Kcal, Glucides : 31,5g, Lipides : 5,6g, Protides :7,9g]|"
21,33€ / Kg"|"
2,24 €"
3286|Bouillon déshydraté en tablettes|Le boîte de 18 bouillons kub|[Origine : FRANCE, Délayer : cuisson à l'eau (soupes, pâtes, riz, légumes) : 1 ou 2 cubes + 1l d'eau bouillante. Cuisson à la cocotte : pour 500-600g de viandes, légumes et/ou féculents : 1 cube + 1/4l d'eau bouillante. Emietter : cuisson à la poêle (pour 800g de viandes, poissons, légumes et/ou féculents) : 1 bouillon émietté directement dans la poêle. Inutile de saler., Sel, exhausteurs de goût : glutamate, guanylate et inosinate de sodium, amidon, huile végétale, sirop de glucose, graisse de poulet 3%, arômes (oeuf, lait, blé), sucre, carotte, oignon, persil 0,1%, curcuma, extraits de céleri et d'ail, sucre caramélisé, antioxydant : extrait de romarin. Sans colorant. Sans conservateur., Valeur énergétique en Joules :  1067kj, Valeur énergétique en Kcal : 255kcal, Glucides : 26,7g, Lipides : 12,7g, Protides :8,1g]|"
11,00€ / Kg"|"
1,98 €"
3287|Bouillon déshydraté en tablettes goût boeuf|La boîte de 18 bouillon kub|[Origine : FRANCE, Bouillon déshydraté goût boeuf en tablettes., Délayer : cuisson à l'eau (soupes, pâtes, riz, légumes) : 1 ou 2 cubes + 1l d'eau bouillante. Cuisson à la cocotte : pour 500-600g de viandes, légumes et/ou féculents : 1 cube + 1/4l d'eau bouillante. Emietter : cuisson à la poêle (pour 800g de viandes, poissons, légumes et/ou féculents) : 1 bouillon émietté directement dans la poêle. Inutile de saler., Sel, maltodextrine, exhausteurs de goût : glutamate, guanylate et inosinate de sodium, huile de tournesol, arômes (blé) dont arôme boeuf, sucre, oignon, persil, extraits de : poivre, girofle, céleri, thym, caramel (sucre), fibres de légume. Peut contenir des traces de : lait, oeuf. Sans colorant. Sans conservateur. Fabriqué en France., Valeur énergétique en Joules :  1018kj, Valeur énergétique en Kcal : 241kcal, Glucides : 36,7g, Lipides : 5,2g, Protides :11,4g]|"
11,00€ / Kg"|"
1,98 €"
3288|Bouillon de volaille dégraissé, x12 cubes saveur|La boîte de 132g|[Origine : FRANCE, Cuisinez-vous une vie meilleure.Maggi améliore en permanence ses recettes pour votre équilibre au quotidien. Toujours autant de goût et la garantie d'un bouillon sans colorant, sans conservateur et sans matière grasse., Cuisson à l'eau : soupes, pâtes, riz, légumes. 1 ou 2 cubes + 1L d'eau bouillante. Cuisson à la cocotte : viandes, légumes, féculent (500-600g/ 4 personnes). 1 cube + 1/4 L d'eau bouillante. Ne pas saler., Sel, maltodextrine, exhausteurs de goût : glutamate, guanylate et inosinate de sodium , volaille 5 % : graisse de poulet 2,8%, extrait de poulet 2,2 %, arômes (blé, oeuf), oignon, persil, cerfeuil, ciboulette, estragon , caramel (sucre, eau) , extraits de poivre et de girofle, fibres de légume, antioxydant : extrait de romarin. Peut contenir des traces de : céleri, lait, moutarde, sésame. Sans colorant, sans conservateur.]|"
15,98€ / Kg"|"
2,11 €"
3289|Bouillon fondant de légumes|Les 6 doses, 144g|[Origine : FRANCE, Réduit en sel de 25% (par rapport à la moyenne du marché des bouillons capsules) Maggi Coeur de Bouillon vous aide à préparer des recettes savoureuses sans avoir besoin de rajouter du sel., A la poêle : en fin de cuisson sur vos ingrédients préalablement poêlés : 1 capsule pour 500g de viande, de poisson, de légumes ou de féculents. Après cuisson sur des légumes, dans des pâtes ou du riz égouttés : 1 capsule pour 250g de riz ou de pâtescrus ou 500g de légumes préalablement cuits. S'utilise également pour toutes vos cuissons à l'eau (1 capsule pour 500ml d'eau)., Eau, sirop de glucose, sel, huile de tournesol, extrait de levure, jus concentré de légumes 4,5% : carotte, oignon, céleri, panais, fenouil, chou-fleur, légumes en semoule 2% : carotte, oignon, poireau, sucre, amidon de maïs, épaississants : farine de graines de caroube et gomme xanthane, persil, poivre, acidifiant : acide citrique, arômes.  Peut contenir des traces de blé, lait, oeuf, sésame, moutarde., Valeur énergétique en Joules :  723Kj, Valeur énergétique en Kcal : 172Kcal, Glucides : 25,3g, Lipides : 6,1g, Protides :3,7g, A conserver au réfrigérateur pour préserver toutes les saveurs.]|"
15,90€ / Kg"|"
2,29 €"
3290|Bouillon kub goût pot au feu|Le paquet de 18 tablettes|[Origine : FRANCE, Bouillon déshydraté en tablettes goût pot-au-feu., Inutile de saler. Délayer : cuisson à l'eau (soupes, pâtes, riz, légumes) : 1 ou 2 cubes + 1l d'eau bouillante. Cuisson à la cocotte : pour 500-600g de viandes, légumes et/ou féculents : 1 cube + 1/4l d'eau bouillante. Emietter : cuisson à la poêle (pour 800g de viandes, poissons, légumes et/ou féculents) : 1 bouillon émietté directement dans la poêle., Sel, maltodextrine, exhausteurs de goût : glutamate, inosinate et guanylate de sodium, huile de tournesol, arômes (blé, soja) dont arôme boeuf, légumes 1,5% : oignon, carotte, ail, persil, extraits de : céleri, girofle, poivre, caramel (sucre), fibres de légume. Peut contenir des traces de lait, oeuf. Sans colorant, sans conservateur., Valeur énergétique en Joules :  883kj, Valeur énergétique en Kcal : 209kcal, Glucides : 33,0g, Lipides : 4,4g, Protides :8,6g]|"
11,00€ / Kg"|"
1,98 €"
3291|Bouillons aux légumes et à l'huile d'olive|Le paquet de 105g|[Origine : FRANCE, Bouillon de légumes Maggi dans vos soupes maison, le petit geste qui change tout !Apportez à votre soupe maison une note riche en légumes (oignon, poireau, carottes) qui en relèvera toutes les saveurs. Pour une cuisine simple et savoureuse en toute légèreté., 100 % végétal. Idéal pour soupes maison., Sel, maltodextrine, exhausteurs de goût : glutamate, guanylate et inosinate de sodium, légumes 6,4 % : oignon, poireau, carotte, tomate, huile d'olive 2,1 %, arômes, huile de tournesol, ail, persil, curcuma, céleri, fibres de légume. Ce produit n'estpas élaboré à partir d'ingrédients d'origine animale. Peut contenir des traces de lait, oeuf, blé, fruits à coques, sésame, moutarde. Sans colorant. Sans conservateur.]|"
20,10€ / Kg"|"
2,11 €"
3292|Coeur de bouillon de volaille|Le paquet de 6 capsules, soit 144g|[Origine : FRANCE, A la poêle : en fin de cuisson sur vos ingrédients préalablement poêlés. 1 capsule pour 500g de viande, de poisson, de légumes ou de féculents. Après cuisson : sur des légumes, dans des pâtes ou du riz égouttés. 1 capsule pour 250g de riz ou de pâtescrus ou 500g de légumes préalablement cuits. Maggi Coeur de Bouillon s'utilise également pour toutes vos cuissons à l'eau (1 capsule pour 500ml d'eau)., Eau, sel, volaille 11% : graisse de poulet, extrait de poulet 4,4%, sirop de glucose, sucre, jus de carotte à base de concentré, arômes (oeuf, céleri), extrait de levure, épices, caramel (sucre, eau), persil, épaississants : gomme xanthane et carraghénanes, acidifiant : acide citrique, antioxydant : extrait de romarin. Peut contenir des traces de : lait, blé, sésame, moutarde. Sel réduit, sans conservateur et sans colorant artificiel., Valeur énergétique en Joules :  719kj, Valeur énergétique en Kcal : 172kcal, Glucides : 22,3g, Lipides : 7,4g, Protides :3,3g, Pensez à conserver Maggi coeur de bouillon au réfrigérateur pour préserver toutes ses saveurs.]|"
15,97€ / Kg"|"
2,30 €"
3293|Court-bouillon pour poissons et crustacés aux légumes et au vin blanc|Les 3 sachets, 150g|[Origine : FRANCE, Cour bouillon pour poissons, coquillages et crustacés. Une cuisson sans matières grasses et pleine de saveur pour vos poissons., Poissons : 1 sachet + 2L d'eau froide. En filet - 5min, en tranches - 6 à 9min et entier - 10min/500g. Coquillages et crustacés. 1 sachet + 2L d'eau bouillante. Bigorneaux 7min/bulots 30min. Petits crustacés - 5min (crevettes, langoustines). Gros crustacés - 10min/500g (crabes, homards, langoustes)., Sel, légumes 20% : oignon, carotte, poireau, maltodextrine, sucre, sirop de glucose, huile de tournesol, acidifiant : acide citrique : ail, thym, persil, poivre, feuille de céleri, curcuma, laurier, extrait de vin blanc*, arômes. Ce produit n'est pasélaboré à partir d'ingrédients d'origine animale. Peut contenir des traces de : lait, oeuf, blé, moutarde. *équivalent à 15g de vin blanc mis en oeuvre pour 100g., Valeur énergétique en Joules :  672Kj, Valeur énergétique en Kcal : 160Kcal, Glucides : 33,5g, Lipides : 1,7g, Protides :2,3g]|"
15,07€ / Kg"|"
2,26 €"
3294|Fumet de poisson pour sauces et cuissons, base culinaire déshydratée|La boîte de 90g|[Origine : FRANCE, 1 cuillerée à café bombée à délayer dans 100ml de liquide., Sel, maltodextrine, poissons blancs 12%, sirop de glucose, fécule de pomme de terre, exhausteur de goût : glutamate de sodium, arômes, farine de blé, oignon, extrait de vin blanc, amidon, jus de citron, extraits de poivre et d'ail. Peut contenir destraces de : crustacés, céleri, lait, oeuf, mollusques. Sans colorant, sans conservateur.]|"
38,89€ / Kg"|"
3,50 €"
3295|Préparation déshydratée pour gelée au madère|La boîte de 2 sachets de 24g, soit 48g|[Origine : FRANCE, Cuisson à la casserole : dans une casserole, mélangez 500ml d'eau froide et le contenu du sachet. Faites chauffer à feu moyen en remuant jusqu'à la première ébullition. Aux premiers bouillons, retirez du feu, mélangez. Laissez refroidir à températureambiante environ 15 minutes. Réalisez votre recette à base de gelée et placez-la au minimum 3 heures au réfrigérateur. Au micro-ondes (900W) : faites chauffer la préparation 3min et mélangez. Ne pas saler. Ne placez pas votre gelée au congélateur, elle risque de geler puis en décongelant, elle perdra sa texture., Gélatine de porc 45%, sel, exhausteur de goût : glutamate de sodium, sirop de glucose, extraits de vin de Madère* et de vin blanc, extraits d'épices et de plantes aromatiques, arôme (céleri), acidifiant : acide citrique, colorant : caramel (E150c). Peut contenir des traces de : lait, oeuf, blé. *Equivalent à 1,9g de vin de Madère mis en oeuvre pour 100g., Valeur énergétique en Joules :  1095kg, Valeur énergétique en Kcal : 258kcal, Glucides : 17,8g, Lipides : 0,1g, Protides :46,4g]|"
33,33€ / Kg"|"
1,60 €"
3298|Croûtons ail|Le sachet de 90g|[Origine : FRANCE, Certainement les plus croustillants, ces croûtons ail permettront à vos enfants et à toute la famille d'apporter une touche de gourmandise aux soupes et salades., Farine de blé, huile de tournesol, levure, arôme naturel ail (1%) (exhausteur de goût : glutamate monosodique), sel, antioxydant : extrait de romarin. Traces de lait., A conserver à l'abri de l'humidité et de la chaleur (20°C maximum).]|"
15,56€ / Kg"|"
1,40 €"
3299|Croûtons de pain, grillés au four|Le paquet de 80g|[Origine : FRANCE, Tranches dans de fines baguettes puis grillés au four, les croûtons de pain TIPIAK accompagneront à merveille vos soupes et vos salades., Farine de blé, huile de tournesol (4,4%),sel, levure, fécule. Traces possible d'oeuf et de lait., A conserver à l'abri de l'humidité et de la chaleur]|"
16,88€ / Kg"|"
1,35 €"
3300|Croûtons de pain frottés à l'ail au persil, légers et croustillants|Le sachet de 80g|[Origine : FRANCE, Retrouvez le goût du pain grillé et le plaisir d'un croûton léger ! Tranchés dans de fines baguettes de pain, puis grillés au four, les nouveaux croûtons de pain Tipiak accompagneront à merveille vos soupes et vos salades et sauront rester croustillants sans être gras., Farine de blé, huile de tournesol, sel, arôme naturel ail, levure, fécule, persil déshydraté (0,50%), antioxydant : acide ascorbique. Traces d'arachide, de soja et d'oeuf. Sans colorant., Valeur énergétique en Joules :  1719Kj, Valeur énergétique en Kcal : 411Kcal, Glucides : 77,3g, Lipides : 6,4g, Protides :10g, à conserver à l'abri de l'humidité., à protéger de la chaleur]|"
16,75€ / Kg"|"
1,34 €"
3301|Croûtons goût ail et fines herbes pour salades, grillés au four|Le sachet de 50g|[Origine : FRANCE, Issus d'un vrai savoir-faire de boulanger, découvrez ces délicieux coûtons Tipiak pour accompagner vos recettes de salades. Savoureux et croustillants, vous les apprécierez également à l'apéritif et en grignotage., farine de froment, huile de tournesol, graisse végétale de palme, sel, lactose, levure, sucre, extrait de malt, persil, arôme naturel d'ail, protéines de lait, colorant E161b.]|"
35,20€ / Kg"|"
1,76 €"
3302|Croûtons goût fromage|Le sachet de 90g|[Origine : FRANCE, Farine de blé, graisse végétale de palme, margarine végétale (émulsifiants : E471, correcteur d'acidité : E330), lactose, sel, levure, arôme, fromage fondu en poudre, protéines de lait.    Contient naturellement du gluten. Traces d'arachide, de sojaet d'oeuf.]|"
15,56€ / Kg"|"
1,40 €"
3305|Croûtons natures|Le sachet de 90g|[Origine : FRANCE]|"
15,00€ / Kg"|"
1,35 €"
3306|Bouillon crustacé, 100% naturel|La boîte de 45g|[Origine : FRANCE]|"
100,22€ / Kg"|"
4,51 €"
3307|Bouillon de boeuf 100% naturel|La boite de 48g, 5 sachets à infuser|[Origine : FRANCE, Valeur énergétique en Kcal : 305, Glucides : 1,1, Lipides : 8,8, Protides :55,4]|"
85,47€ / Kg"|"
4,53 €"
3308|Bouillon de légumes 100% naturel|La boite de 52g, 5 sachets à infuser|[Origine : FRANCE, Les bouillon Ariaké au goût intense et pur se dégustent nature ou agrémentés de légumes, pâtes, ravioles, champignons, tofu  Il est idéal pour toutes vos préparations culinaires.En pochage pour les viandes et les poissons, en base de cuisson pour leslégumes, les pâtes ou les risottos, en réduction de sauce. Recette Joël Robuchon., Casserole : porter à ébullition 33cl d'eau. Ouvrir le sachet aluminium à l'aide de l'encoche. Plonger le sachet à infuser dans l'eau frémissante. Couvrir et laisser infuser 5min à feu doux en remuant de temps en temps. Retirer le sachet avant de déguster. Bouilloire ou micro-ondes : verser 33cl d'eau frémissante sur le sachet et laisser infuser 5min., Légumes : 79% (céleri, champignon, carotte, tomate, oignon, poireau, ail), extrait de levure, épices et aromates (gingembre, cerfeuil, thym), protéine de soja, sel, antioxydant : extraits riches en tocophérols. Contient : céleri, protéine de soja. Peut contenir des traces de poisson, mollusque, crustacé, blé. Ingrédients d'origine naturelle. Sans conservateur. Sans colorant. Sans arôme ajouté., Valeur énergétique en Kcal : 257, Glucides : 26,1, Lipides : 2,4, Protides :32,9, Consommer rapidement ou conserver 24h maximum au réfrigérateur. Tenir dans un endroit sec et frais dans son emballage d'origine.]|"
88,85€ / Kg"|"
4,62 €"
3309|Bouillon de volaille 100% naturel|La boite de 71g, 5 sachets à infuser|[Origine : FRANCE, Les bouillons Ariaké au goût intense se dégustent nature ou agrémentés de légumes, pâtes, ravioles, champignons, tofu... Redécouvrez le plaisir d'un bouillon chaud, à tout moment de la journée.Le bouillon Ariké est idéal pour toutes vos préparationsculinaires: en pochage pour les viandes et le poissons, en base de cuisson pour les légumes, le pâtes ou les risottos, en réduction de sauce., Casserole (mode d'emploi recommandé): porter à ébullition 33cl d'eau. Ouvrir le sachet aluminium à l'aide de l'encoche. Plonger le sachet à infuser dans l'eau frémissante. Couvrir et laisser infuser 5 min. à feu doux en remuant de temps en temps. Retirer le sachet avant de déguster. Boulloire ou micro-onde: verser 33cl d'eau frémissante sur le sachet et laisser infuser 5 min., Volaille (83%): viande de volaille, bouillon de volaille (eau, viande, os, sel), légumes (oignon, carotte, céleri, ail), sel extrait de levure, fibres de blé, épices, antioxydant: extraits riches en tocophérols. Contient: céleri blé. Peut contenir des traces de poisson, mollusque, crustacés. Ingrédients d'origine naturelle. Contient 86% de volaille. Sans conservateur. Sans colorant. Sans arôme ajouté., Valeur énergétique en Kcal : 312, Glucides : 1,1, Lipides : 5,2, Protides :65,4, Consommer rapidement ou conserver 24h maximum au réfrigérateur.]|"
65,07€ / Kg"|"
4,62 €"
3310|Bouillon thaï 100% naturel|La boite de 5 sachets|[Origine : FRANCE, Viande de volaille, bouillon de volaille (eau, viande, os, sel), citronnelle, lÍgumes (gingembre, oignon, cÍleri, carotte, ail), extrait de levure, pÇte de curry rouge (piments rouges sÍchÍs (28%), citronnelle, ail, Íchalote, sel, combawa, galanga, Ípices (graines  de coriandre, poudre de cumin)), fibres de blÍ, pÇte de curry vert (piments verts (33%), citronnelle, ail, Íchalotes, sel, galanga, cumin, graines de coriandre), feuilles de keffir lime, antioxydant : extraits riches en tocophÍrols, Ípices (poivre blanc, clou de girofle). Allergenes: contient: cÍleri, blÍ., Valeur énergétique en Joules :  1499 kj, Valeur énergétique en Kcal : 358 kcal, Glucides : 21,1 g, Lipides : 6,7 g, Protides :53,5 g]|"
59,14€ / Kg"|"
4,14 €"
3311|Miso & Crustacés|La boite de 39g|[Origine : FRANCE, Verser le contenu du sachet dans un bol. Verser 200 ml d'eau frémissante, bien mélanger. Attendre 1 minute avant de déguster., Miso (82%) (eau, fève de soja, riz, sel), crevette (6%), brocoli, algue marine wakamé, extrait de levure, poisson (Bonite), fibre de soja. Contient : soja, crustacés, poisson. Fabriqué dans un atelier utilisant des mollusques, blé, lait et céleri. Sans arôme artificiel, sans colorant., Valeur énergétique en Kcal : 337kcal, Protides :30,7g, Garder dans un endroit sec et frais. Consommer rapidement ou conserver 24h maximum au réfrigérateur.]|"
131,28€ / Kg"|"
5,12 €"
3312|Miso & légumes soupe instant, recette traditionnelle|La boîte de 3 sachets, 33g|[Origine : FRANCE, Contient du soja, poisson. Produit dans un atelier utilisant des mollusque, crustacés, blés céleri et lait., Valeur énergétique en Joules :  0kj, Valeur énergétique en Kcal : 203kcal, Glucides : 26,5g, Lipides : 4,6g, Protides :13,8g]|"
141,67€ / Kg"|"
5,10 €"
3313|Miso & tofu soupe instant, recette traditionnelle|La boîte de 3 sachets, 33g|[Origine : FRANCE, Contient du soja, poisson. Produit dans un atelier utilisant des mollusque, crustacés, blés céleri et lait., Valeur énergétique en Joules :  0kj, Valeur énergétique en Kcal : 202kcal, Glucides : 23,6g, Lipides : 5,5g, Protides :14,4g]|"
155,76€ / Kg"|"
5,14 €"
3314|Chorba marocaine au mouton, halal, soupe déshydratée|le sachet de 100g|[Origine : FRANCE, Chorba n'est pas le nom d'une recette particulière mais signifie tout simplement soupe en arabe. Nourrissantes et variées à l'infini, les chorba marocaines sont cuisinées avec des légumes, des pâtes, de la viande et différentes épices., Légumes : 34% (haricot brun, tomate, oignon, courgette), vermicelles (semoule de blé dur), fécule, sel, céréales (orge, seigle, blé, avoine, sarrasin), arômes (dont lait), graisse de poule, exhausteur de goût : glutamate de sodium, viande de mouton :2.7%, épices et aromates (persil, paprika, ail, coriandre, poivre blanc, piment), sucre, blanc d'oeuf, vitamines (B6, B9 et C)., Valeur énergétique en Joules :  130, Valeur énergétique en Kcal : 31,1, Glucides : 5, Lipides : 0,6, Protides :1,6]|"
19,30€ / Kg"|"
1,93 €"
3315|Crème de légumes, Pour 4|Le sachet de 112g|[Origine : FRANCE, Découvrez la texture onctueuse et saveur unique de la Crème de légumes Knorr cuisinée avec de beaux légumes: pomme de terre, carotte, tomate, haricot blanc, petit pois, poireau, oignon et céleri.A teneur garantie en vitamines B6, B9 et C, cette délicieuse soupe est source de fibres, qui facilitent le transit intestinal. Elle participe aussi en douceur à l'hydratation du corps., Pour préparer 4 assiettes : faites bouillir 1 litre d'eau. Ramenez à feu doux, puis versez le contenu du sachet en remuant avec un fouet. Laissez mijoter 5 minutes en remuant de temps en temps., Légumes 53% (pomme de terre, carotte, oignon, tomate, haricot blanc, petit pois, céleri, poireau), matière grasse végétale, farine de blé, sel, sucre, lactose, extrait de levure, protéines de lait, fécule de pomme de terre, extraits de légumes (carotte, céleri, oignon, poireau), maltodextrine, curcuma. Traces : oeuf. Sans colorant artificiel, sans exhausteur de goût, sans conservateur., Valeur énergétique en Joules :  1700kj, Valeur énergétique en Kcal : 420kcal, Glucides : 46g, Lipides : 22g, Protides :9g]|"
14,82€ / Kg"|"
1,66 €"
3316|Douceur d'asperges, soupe déshydratée,|Le sachet de 96g|[Origine : FRANCE, La saveur délicate de l'asperge, une texture très crémeuse, quelques pointes d'asperges bien tendres : voici le secret de l'extrême gourmandise de cette Douceur !, Faites bouillir 3/4 de litre (750ml) d'eau. Ramenez à feu doux, puis versez le contenu du sachet en remuant avec un fouet. Laissez mijoter 5 minutes en remuant de temps en temps., Farine de froment, matière grasse végétale hydrogénée, légumes (asperges: 5.4%, maïs doux, épinard), sel, lactose, extrait de levure, protéines de lait, arômes, maltodextrine, acidifiant : acide citrique, exhausteurs de goût : E627 et E631.]|"
15,83€ / Kg"|"
1,52 €"
3317|Fondue de poireaux aux crevettes et pointe de crème|Le sachet de 84g|[Origine : FRANCE, L{gumes: 38% (pomme de terre, poireau: 8,1%, oignon, {pinard), mati}re grasse v{g{tale, farine de bl{, sel, farine de riz, extrait de levure, crecettes: 3,6%, lactose, cr}me: 2,4%,(antioxyg}ne: E 304), prot{ines de lait, lait {cr{m{, {pices (noix demuscade, poivre, curcuma), amidon de pois, arômes (dont c{leri), dextrose. Traces: oeuf., Valeur énergétique en Joules :  2000kj, Valeur énergétique en Kcal : 470kcal, Glucides : 37g, Lipides : 29g, Protides :13g]|"
28,10€ / Kg"|"
2,36 €"
3318|Knorr soupe vietnamienne|Le sachet de 39g|[Origine : FRANCE, Valeur énergétique en Joules :  1300kj, Valeur énergétique en Kcal : 300kcal, Glucides : 53g, Lipides : 2,5g, Protides :15g]|"
57,95€ / Kg"|"
2,26 €"
3319|Poule au pot aux petits légumes, pour 4|Le sachet de 74g|[Origine : FRANCE, Knorr a créé cette savoureuse soupe Poule au Pot cuisinée avec de beaux petits légumes, de tendres morceaux de poule et de vermicelles dans un bouillon délicatement parfumé., Pour préparer 4 assiettes : faites bouillir 1 litre d'eau. Ramenez à feu doux, puis versez le contenu du sachet en remuant avec un fouet. Laissez mijoter 5 minutes en remuant de temps en temps., Vermicelles (semoule de blé dur), légumes : 19% (oignon, carotte, poireau, chou, céleri, navet)  sel, fécule de pomme de terre, arômes, graisse de poule, extrait de levure, viande de poule : 1,3% (antioxygènes : E307, E304), maltodextrine, sucre, matière grasse végétale, caramel, épices (curcuma, graines de céleri), dextrose. Traces : lait, oeuf. Sans colorant artificiel. Sans exhausteur de goût. Sans conservateur.]|"
18,75€ / Kg"|"
1,35 €"
3320|Soupe chinoise du sichuan, nouilles et champignons noirs, soupe déshydratée,|Le sachet de 67g|[Origine : FRANCE, De délicieuses nouilles de blé ramen, des champignons noirs et des morceaux de poulet bien tendres sont plongés dans un bouillon parfumé avec 7 épices: gingembre, curcuma, cardamome, coriandre, cumin, poivre de Cayenne et cannelle.Avec cette soupe, c'est embarquement immédiat pour le Sichuan, Pour préparer 2 bols généreux : faites bouillir 700 ml d'eau - ramenez à feu doux, puis versez le contenu du sachet en remuant avec un fouet. pour une cuisson parfaite, laissez mijoter 5 minutes en remuant de temps en temps., Pâtes chinoises: 49% (semoule de blé tendre, sel, blanc d'oeuf), légumes: 15% (carotte, champignon noir: 3%, chou, oignon, poireau, navet), fécule de pomme de terre, viande de poule: 7,5%, sel, arômes (dont sauce soja), matière grasse végétale, épices et aromates (ail, gingembre, curcuma, cardamome, coriandre, cumin, poivre de Cayenne, cannelle), sucre, jus de citron, sirop de glucose, jus d'ananas, dextrose, extrait de levure. Traces: céleri, lait, Valeur énergétique en Joules :  130kj, Valeur énergétique en Kcal : 31KCal, Glucides : 5,3g, Lipides : 0,5g, Protides :1,5g]|"
34,35€ / Kg"|"
2,37 €"
3323|Soupe concentré au 8 légumes|Le sachet de 32g|[Origine : FRANCE, Texture onctueuse., Huiles végétales (tournesol, colza totalement hydrogénée), légumes : 22% (jus de carotte concentré, potiron en poudre, purée de tomate en poudre(1), céleri en poudre, pomme de terre en poudre, haricot vert en poudre, poireau en poudre, oignon en poudre), fécule de pomme de terre, sucre roux, sel, graisse de palme, crème en poudre, émulsifiant : lécithine de soja, extrait de levure, sirop de glucose, curcuma, protéines de lait, maltodextrine, jus de citron en poudre, arômes. (1) Tomate issue de l'agriculture durable. Peut contenir : blé, moutarde, oeuf. Sans colorant. Sans exhausteur de goût. Sans conservateur(1). (1) Comme la réglementation l'exige.]|"
32,19€ / Kg"|"
1,03 €"
3324|Soupe concentré champignons|Le sachet de 32g|[Origine : FRANCE, Texture onctueuse., Huiles végétales (tournesol, colza totalement hydrogénée), fécule de pomme de terre, protéines de lait, sel, extrait de levure, graisse de palme, maltodextrine, jus de champignon concentré : 2,9%, crème en poudre, sucre, champignons : 1,2% (champignon de Paris : 1,1%, bolet en poudre), arômes, émulsifiant : lécithine de soja, sirop de glucose, épices et aromates (feuille de céleri : 0,1%, ail : 0,1%, poivre : 0,04%, persil). Peut contenir : blé, moutarde, oeuf. Sans colorant. Sans exhausteur degoût. Sans conservateur.]|"
5,15€ / Kg"|"
1,03 €"
3327|Soupe concentré poireau pomme de terre|Le sachet de 30g|[Origine : FRANCE]|"
34,33€ / Kg"|"
1,03 €"
3330|Soupe concentré thai|Le sachet de 30g|[Origine : FRANCE, Texture onctueuse., Huiles végétales (tournesol, colza totalement hydrogénée), fécule de pomme de terre, protéines de lait, sel, extrait de levure, graisse de palme, légumes (carotte : 1,2%, oignon en poudre, épinard en poudre), arômes, sucre, crème en poudre, épices etaromates (coriandre : 0,4%, ail : 0,4%, gingembre : 0,3%, poivre de Cayenne : 0,3%, livèche, curcuma), émulsifiant : lécithine de soja, maltodextrine, sirop de glucose, sauce soja en poudre : 0,3% (fèves de soja, blé), jus de citron en poudre : 0,2%. Peut contenir : céleri, moutarde, oeuf. Sans colorant. Sans exhausteur de goût. Sans conservateur(1). (1) Comme la réglementation l'exige.]|"
34,33€ / Kg"|"
1,03 €"
3331|Soupe concentré tomates à la provençale|Le sachet de 63g|[Origine : FRANCE, Texture onctueuse., Purée de tomate(2) : 54%, eau, huile de colza, sucre, sel, lait en poudre écrémé, jus de citron concentré, extrait de levure, épice et aromates : 0,5% (persil : 0,2%, poivre, ail, ciboulette : 0,05%, thym : 0,05%), fibre de tomate, oignon, jus de légumes concentrés (céleri, carotte, poireau, oignon), arôme. (2) Tomate issue de l'agriculture durable.  Sans colorant. Sans exhausteur de goût. Sans conservateur(1). (1) Comme la réglementation l'exige.]|"
16,35€ / Kg"|"
1,03 €"
3332|Soupe déshydratée, douceur de 9 légumes avec une touche de crème|Le sachet de 84g|[Origine : FRANCE, Knorr a créé le mariage parfait de 9 beaux légumes dans une soupe finement onctueuse. Découvrez vite cette recette unique de Knorr à l'étonnante douceur !, Pour préparer 3 assiettes : faites bouillir 750ml d'eau. Ramenez à feu doux, puis versez le contenu du sachet en remuant avec un fouet. Laissez mijoter 3 minutes en remuant de temps en temps., Légumes 45% (pomme de terre, potiron, carotte, haricot blanc, tomate, oignon, céleri, brocoli, poireau), matière grasse végétale, sucre, sel, fécule de pomme de terre, crème : 4,9% (antioxygènes : E304, E307), farine de blé, beurre, graisse de poule,extrait de levure, lactose, lait écrémé, protéines de lait, arôme. Traces : oeuf. Sans colorant artificiel. Sans exhausteur de goût. Sans conservateur., Valeur énergétique en Joules :  190, Valeur énergétique en Kcal : 45,4, Glucides : 5,1, Lipides : 2,6, Protides :0,8]|"
14,64€ / Kg"|"
1,23 €"
3333|Soupe déshydratée, poule aux vermicelles|Le sachet de 63g|[Origine : FRANCE, La soupe de Poule aux vermicelles de Knorr marie un délicieux bouillon de poule cuisiné aux petits légumes avec de savoureux vermicelles fondants.Cette soupe finement relevée fera le plaisir des petits et des grands., Pour préparer 4 assiettes : faites bouillir 1l de litre d'eau. Ramenez à feu doux, puis versez le contenu du sachet en remuant avec un fouet. Laissez mijoter 5 minutes en remuant de temps en temps., Vermicelles (semoule de blé dur) : 66%, sel, fécule de pomme de terre, légumes (oignon, tomate, carotte, céleri), arômes, graisse de poule, sucre, viande de poule : 1,2%, caramel, maltodextrine, épices (curcuma, graines de céleri), extrait de levure.Traces : lait, oeuf. - Sans colorant artificiel - Sans exhausteur de goût - Sans conservateur., Valeur énergétique en Joules :  84Kj, Valeur énergétique en Kcal : 20Kcal, Glucides : 3,8g, Lipides : 0,2g, Protides :0,6g]|"
8,25€ / Kg"|"
0,52 €"
3334|Soupe déshydratée au minestrone et à l'huile d'olive|Le sachet de 104g|[Origine : FRANCE, Découvrez vite la délicieuse soupe Minestrone de Knorr à la saveur ensoleillée, cuisinée avec de beaux morceaux de légumes, des pâtes Gentillini et une pointe d'huile d'olive., Pour préparer 4 assiettes : faites bouillir 1 litre d'eau. Ramenez à feu doux, puis versez le contenu du sachet en remuant avec un fouet. Laissez mijoter 5 minutes en remuant de temps en temps., Légumes 50% (pomme de terre, tomate, haricot blanc, haricot brun, carotte, haricot vert, petit pois, oignon), pâtes Gentillini : 28% (semoule de blé dur), fécule de pomme de terre, sel, huile d'olive vierge extra : 2,5%, extrait de levure, épices etaromates (curcuma, ail, persil, basilic, poivre, graines de céleri, romarin), sucre, maltodextrine, jus de citron, arôme. Traces : lait, oeuf. Sans colorant artificiel. Sans exhausteur de goût. Sans conservateur., Valeur énergétique en Joules :  138Kj, Valeur énergétique en Kcal : 33Kcal, Glucides : 6g, Lipides : 0,4g, Protides :1,2g]|"
12,60€ / Kg"|"
1,31 €"
3335|Soupe déshydratée passée aux 9 légumes|Le sachet de 108g|[Origine : FRANCE, Avec un mélange de 9 beaux légumes, une texture finement moulinée, généreuse et ensoleillée, et un goût unique cuisiné par les chefs Knorr, cette soupe fera la joie de toute la famille., Pour préparer 4 assiettes : faites bouillir 1 litre d'eau. Ramenez à feu doux, puis versez le contenu du sachet en remuant avec un fouet. Laissez mijoter 5 minutes en remuant de temps en temps., Légumes 84% (pomme de terre, carotte, haricot blanc, poireau, oignon, céleri, poireau, tomate, haricot vert, navet), sel, matière grasse végétale, graisse de porc, extrait de levure, lactose, fécule de pomme de terre, arômes (dont blé), protéines delait, curcuma. Traces : oeuf. Sans colorant artificiel. Sans exhausteur de goût. Sans conservateur.]|"
12,57€ / Kg"|"
1,32 €"
3336|Soupe déshydratée passée aux légumes variés|Le sachet de 109g|[Origine : FRANCE, Cette soupe passée de Knorr, au goût rond et délicieux, a été cuisinée avec de beaux  poireaux à la texture fondante et d'autres beaux légumes : pomme de terre, oignon, céleri, carotte., Pour préparer 4 assiettes : faites bouillir 1 litre d'eau. Ramenez à feu doux, puis versez le contenu du sachet en remuant avec un fouet. Laissez mijoter 3 minutes en remuant de temps en temps., Légumes : 78% (pomme de terre, oignon,  poireau : 16%, céleri, carotte), matière grasse végétale, sel, fructose, extrait de levure, lactose, protéines de lait, arômes (dont blé), curcuma. Traces : oeuf. Sans colorant artificiel. Sans exhausteur de goût. Sans conservateur.]|"
15,55€ / Kg"|"
1,71 €"
3337|Soupe déshydratée Thaï, nouilles, champignons et pousses de soja|Le sachet de  69g|[Origine : FRANCE, La cuisine thaïlandaise est très raffinée, et mêle subtilement les épices aux saveurs sucrées-salées.Mariage unique d'un délicat bouillon crémeux de noix de coco et citronnelle, de belles pâtes chinoises et de savoureux champignons noirs, la Soupe Thaï de Knorr fait voyager vos papilles., Pour préparer 2 bols généreux : faites bouillir 700ml d'eau. Ramenez à feu doux, puis versez le contenu du sachet en remuant avec une cuillère en bois. Pour une cuisson parfait, laissez mijoter 5 minutes en remuant de temps en temps., Pâtes chinoises : 35% (semoule de blé tendre, sel, blanc d'oeuf), fécule de pomme de terre, dextrose, légumes : 8,3% (champignons : 3,4% (dont champignons noirs : 0,7%), pousses de soja (haricot mungo) : 2,5%, carotte, épinard, oignon), matière grasse végétale, sel, maltodextrine, sel minéral naturel, arômes (dont soja, oeuf), lactose, extrait de levure, protéines de lait, noix de coco, graisse de poule, épices (dont graines de céleri et de moutarde), farine de blé, jus de citron, sucre. Sans colorant artificiel - Sans exhausteur de goût - Sans conservateur., Valeur énergétique en Joules :  150Kj, Valeur énergétique en Kcal : 36Kc, Glucides : 5.7g, Lipides : 1.1g, Protides :0.9g]|"
33,91€ / Kg"|"
2,34 €"
3338|Soupe forestière champignons, oignons rissolés et ciboulette|Le sachet de 85g|[Origine : FRANCE, Découvrez vite le goût irrésistible de la soupe forestière à la texture finement onctueuse, alliance unique de la saveur boisée du bolet, de la douceur sucrée des oignons et de la ciboulette, Pour 3 assiettes : Faites bouillir 750ml d'eau. Ramenez à feu doux, puis versez le contenu du sachet en remuant avec un fouet. Laissez mijoter 3 minutes en remuant de temps en temps., Matière grasse végétale, fécule de pomme de terre, farine de blé, maltodextrine, sel, légumes : 5,4% (oignon grillé : 3,7%, bolet : 1,7%), lactose, extrait de levure, sel minéral naturel***, protéines de lait, épices et aromates (ciboulette : 1%, ail, poivre, curcuma), extrait de champignon, extrait de vin blanc, arômes, amidon de pois, jus d'oignon concentré. Traces : céleri, oeuf.*** contenant moins de sodium que le sel de cuisine du fait de la présence naturel de potassium. Sans colorant artificiel. Sans exhausteur de goût. Sans conservateur., Valeur énergétique en Joules :  2000kj, Valeur énergétique en Kcal : 490kcal, Glucides : 44g, Lipides : 31g, Protides :8g]|"
20,47€ / Kg"|"
1,74 €"
3339|Soupe tomates aux vermicelles|Le sachet de 67g|[Origine : FRANCE, Pour 4. Faites bouillir 1 litre d'eau. Ramenez à feu doux, puis versez le contenu du sachet en remuant avec un fouet. Laissez mijoter 10 minutes en remuant de temps en temps., Vermicelles : 36% (semoule de blé dur, oeuf), légumes : 23% (tomate : 21%, oignon), amidon, sel, fructose, sucre, matière grasse végétale, extrait de levure, épices et aromates (ail, curcuma, poivre), vitamines (B6, B9 et C), arômes (dont graines decéleri). Traces : lait., Valeur énergétique en Joules :  90Kj, Valeur énergétique en Kcal : 20kcal, Glucides : 4g, Lipides : <0,5g, Protides :0,7g]|"
8,96€ / Kg"|"
0,60 €"
3340|Velours de cèpes des bois aux petits oignons et balsamique|Le sachet de 91g|[Origine : FRANCE, Découvrez toute la délicatesse de cette savoureuse crème de cèpes des bois de Knorr.Le parfum boisé du cèpe tendrement marié aux petits oignons et cuisiné avec une pointe de balsamique, fait de cette soupe un chef d'oeuvre de raffinement et d'onctuosité pour les plus fins gourmets., Pour 3. Faites bouillir 750ml d'eau. Ramenez à feu doux, puis versez le contenu du sachet en remuant avec un fouet. Laissez mijoter 3 minutes en remuant de temps en temps., Matière grasse végétale, fécule de pomme de terre, légumes (champignons : 8,5% (dont champignons de Paris : 4,9% et cèpes : 2%), oignon : 3,9%), farine de blé, sel, lactose, extrait de levure, maltodextrine, protéines de lait, sucre, vinaigre balsamique (vinaigre de vin, moût de raisin), épices et aromates (ail, clou de girofle, noix de muscade, estragon, feuille de laurier), extrait de vin blanc, jus d'oignon concentré, arômes. Sans exhausteur de goût. Sans colorant artificiel. Sans conservateur. Traces : céleri, oeuf., Valeur énergétique en Joules :  2100kj, Valeur énergétique en Kcal : 500kcal, Glucides : 38g, Lipides : 34g, Protides :10g]|"
25,27€ / Kg"|"
2,30 €"
3341|Velouté de potiron chataignes aux chanterelles et éclats de noisettes|Le sachet de 64g|[Origine : FRANCE, Découvrez la délicatesse et loriginalité de ce savoureux velouté inspiré des richesses de lautomne. Pour ravir votre palet, les chefs Knorr ont marié la douceur du potiron à la saveur légèrement sucrée des châtaignes, auxquelles ils ont ajouté de délicieuses petites chanterelles et des éclats de noisettes croquants., Faire bouillir 750 ml d'eau. Ramenez à feu doux puis versez le contenu du sachet en remuant avec un fouet. Laissez mijoter 5 mn en remuant de temps en temps., Légumes : 27%, (potiron : 26%, oignon), matière grasse végétale, fécule de pomme de terre, châtaigne : 10%, sel, sucre, lactose, extrait de levure, chanterelle : 2%, jus de champignon concentré, protéines de lait, farine de blé, noisette : 1,6%, épices (paprika, ail, curcuma, noix de muscade), jus de légumes concentré (céleri, carotte, poireau, oignon), maltodextrine, arômes, jus de citron. Traces : oeuf. Sans colorant, sans conservateur, sans exhausteur de goût., Valeur énergétique en Joules :  1700kj, Valeur énergétique en Kcal : 420kcal, Glucides : 46g, Lipides : 20g, Protides :9g]|"
35,62€ / Kg"|"
2,28 €"
3342|Soupe aux légumes et vermicelles|Les 2 briques de 30cl|[Origine : FRANCE, De beaux légumes cuits juste ce qu'il faut, avec de délicieux vermicelles pour un repas sain et équilibré.Une assiette de Liebig Potager Malin Légumes et Vermicelles, c'est : un apport énergétique de 94 kcal et seulement 1,0% de MG. Une teneur en sodium étudiée pour une saveur optimale. Une source de vitamine A, qui participe au bon fonctionnement de l'organisme., A la casserole : Agitez, ouvrez, versez, réchauffez quelques instants à feu doux sans porter à ébullition, en remuant fréquemment. Au Micro-ondes : versez dans un récipient adapté, réchauffez quelques instants puis remuez avant de déguster. Ne pas mettre la brique directement au micro-ondes. Il est conseillé de ne pas resaler., Après ouverture, conservez cette soupe au réfrigérateur et consommez-la dans les 48H.]|"
3,30€ / L"|"
1,98 €"
3343|Bouillon de légumes à la chinoise avec des pâtes, potage instantané|Les 3 sachets, 45g|[Origine : PAYS-BAS, Versez le sachet dans votre tasse. Ajoutez 20cl d'eau bouillante. Remuez attendez 2 min et dégustez., Pâtes : 39,5% (farine de blé, sel), fécule de pomme de terre, légumes : 10,9% (carotte, pomme de terre, poivron rouge, poireau, oignon, cerfeuil), dextrose, sel, sirop de glucose, champignons (bolets) : 3,4%, arômes, exhausteurs de goût (E621, E627,E631), graisse de poule (antioxydant : E310), extrait de malt d'orge, épices et aromates (anis, ail, curcuma), céleri, protéines de lait. Traces de soja., Valeur énergétique en Joules :  118kj, Valeur énergétique en Kcal : 28kcal, Glucides : 5,6g, Lipides : 0,3g, Protides :0,8g, Conserver au sec et à température ambiante.]|"
33,00€ / Kg"|"
1,98 €"
3344|Crème de champignons|Les 4 sachets individuels, 80g|[Origine : FRANCE, Les soupes Royco sont préparées à base de légumes sélectionnés, séchés à haute température puis mixés., 3 gestes simples pour une soupe parfaite ! Versez le sachet dans votre tasse. Ajoutez 20cl (= 1 verre) d'eau bouillante. Remuez, attendez 2min et dégustez !, Amidon modifié de pomme de terre, matière grasse végétale, sirop de glucose, sel, exhausteurs de goût (chlorure de potassium, glutamate, inosinate et guanylate de sodium), protéines de lait, arômes, extrait de champignons 1,7 % et champignons de Paris 0,6%, extrait de malt d'orge, émulsifiant (E471), oignon, persil, extraits naturels de poivre et de muscade, céleri, farine de blé., Valeur énergétique en Joules :  174kj, Valeur énergétique en Kcal : 42kcal, Glucides : 4,3g, Lipides : 2,5g, Protides :0,5g, Conserver au sec et à température ambiante.]|"
25,50€ / Kg"|"
2,04 €"
3345|Délice à la forestière et croûtons au thym|Le paquet de 60g|[Origine : FRANCE]|"
29,67€ / Kg"|"
1,78 €"
3346|Délice de courgettes et croutons au romarin|Le sachet de 60g|[Origine : FRANCE]|"
28,83€ / Kg"|"
1,73 €"
3347|Délice de Légumes et croûtons extra craquants|La boîte de 3 sachets de 20cl|[Origine : FRANCE, Craquez pour une petite soupe très onctueuse et terriblement croustillante - croûtons extra croquants.Les soupes Royco sont préparées à base de légumes sélectionnés, séchés à haute température puis mixés., Versez le sachet dans votre tasse. Ajoutez 20cl (=1 verre) d'eau bouillante Remuez, attendez 2mn et dégustez !, Croûtons 27% (farine de blé, matière grasse végétale, riz, sel, levure, extraits d'épices), fécule de pomme de terre, sirop de glucose, matière grasse végétale, sucre, légumes 6,2% (carotte, oignon, potiron, poireau, tomate, betterave), arômes (contient : orge, céleri), sel, beurre en poudre, exhausteurs de goût (chlorure de potassium, glutamate de sodium), amidon de maïs, lait écrémé, curcuma, stabilisant (E340), acidifiant (acide citrique), ail, persil. Sans colorant, sans conservateur., Valeur énergétique en Joules :  282kj, Valeur énergétique en Kcal : 67kcal, Glucides : 8,5g, Lipides : 3,5g, Protides :0,5g, Conserver au sec et à température ambiante.]|"
30,17€ / Kg"|"
1,81 €"
3348|Délice de poireaux et croûtons extra craquants|La boîte de 3 sachets de 20cl|[Origine : FRANCE, croutons 30%(farine de blé, matière grasse végétale, riz, sel, levure, antioxydant: extrait de romarin), fécule de pomme de terre, sirop de glucose, matière grasse végétale, légumes 8,3%, (poireu 6,5%, oignon, épinard), arômes(contient: orge), sel, lait écrémé, exhausteur de goût(chlorure de potassium), lactose et protéines de lait, poudre de crème, émulsifiant(E471), curcuma, acidifiant (acide citrique), céleri.                                                          Traces de soja. sans colorant, sans conservateur., Valeur énergétique en Joules :  236kj, Valeur énergétique en Kcal : 56kcal, Glucides : 6,5g, Lipides : 3,0g, Protides :0,7g]|"
29,33€ / Kg"|"
1,76 €"
3349|Mouliné de Légumes Variés|La boîte de 2x25cl|[Origine : FRANCE, Potage prêt à consommer., A la casserole : agitez la briquette avant de l'ouvrir. Versez le potage dans une casserole. Réchauffez le à feu doux sans porter à ébullition en remuant de temps en temps. Au micro-ondes : agitez la briquette avant de l'ouvrir. Versez le potage dansun récipient adapté et réchauffez. Vous pouvez ajouter une noix de beurre ou une cuillerée de crème fraîche avant de servir., Légumes 54% (carottes 16%, pommes de terre 16%, oignons réhydratés 4,5%, céleri-rave, choux-fleurs 4,3%, navets 4,3%, poireaux 3,2%, haricots verts), eau, lait entier reconstitué, beurre, sel, persil, arôme naturel, extrait de levure, arôme naturel de poivre., Valeur énergétique en Joules :  151kj, Valeur énergétique en Kcal : 38kcal, Glucides : 5,5g, Lipides : 1g, Protides :0,8g, Avant ouverture, à conserver à température ambiante. Après ouverture, à conserver au réfrigérateur et à consommer rapidement.]|"
2,52€ / L"|"
1,26 €"
3350|Velout{ Poireaux Pomme de Terre|La boite de 2x25cl|[Origine : FRANCE, Potage prêt à consommer., A la casserole : agitez la briquette avant de l'ouvrir. Versez le potage dans une casserole. Réchauffez le à feu doux sans porter à ébullition en remuant de temps en temps. Au micro-ondes : agitez la briquette avant de l'ouvrir. Versez le potage dansun récipient adapté et réchauffez. Vous pouvez ajouter une noix de beurre ou une cuillerée de crème fraîche avant de servir., Eau, poireaux 16%, pommes de terre 14%, oignons, amidon de riz, beurre, épinards, crème fraîche, lactose et protéines de lait, sel, pesil 0,1%, arôme naturel, extrait de levure, arôme naturel de poivre., Valeur énergétique en Joules :  159kj, Valeur énergétique en Kcal : 38kcal, Glucides : 5,8g, Lipides : 1,1g, Protides :0,7g, Avant ouverture, à conserver à température ambiante. Après ouverture, à conserver au réfrigérateur et à consommer rapidement.]|"
2,52€ / L"|"
1,26 €"
3351|Velouté courgettes au basilic AB|La boite de 2x25cl (50cl)|[Origine : FRANCE, Valeur énergétique en Joules :  119kj, Valeur énergétique en Kcal : 29kcal, Glucides : 2,1g, Lipides : 1,7g, Protides :0,7g]|"
4,06€ / L"|"
2,03 €"
3352|Velouté courgettes au basilic AB|La boite de 2x25cl (50cl)|[Origine : FRANCE, Valeur énergétique en Joules :  119kj, Valeur énergétique en Kcal : 29kcal, Glucides : 2,1g, Lipides : 1,7g, Protides :0,7g]|"
4,06€ / L"|"
2,03 €"
3353|Velouté de carottes et lentilles corail à la crème fraiche|Le pack de 2 brik de 25cl|[Origine : FRANCE, Valeur énergétique en Joules :  179kj, Valeur énergétique en Kcal : 43kcal, Glucides : 4,7g, Lipides : 1,3g, Protides :2,1g]|"
4,06€ / L"|"
2,03 €"
3354|Velouté de carottes et lentilles corail à la crème fraiche|Le pack de 2 brik de 25cl|[Origine : FRANCE, Valeur énergétique en Joules :  179kj, Valeur énergétique en Kcal : 43kcal, Glucides : 4,7g, Lipides : 1,3g, Protides :2,1g]|"
4,06€ / L"|"
2,03 €"
3355|Mouliné campagnard, potage de légumes variés biologique|la brique de 1l|[Origine : FRANCE, Retrouvez dans le mouliné Campagnard Bjorg toute la saveur et les bienfaits des légumes. Pommes de terre, carottes, poireaux, choux-fleurs, céleri... se savourent dans ce potage 100% biologique*., Eau, *légumes : 45% (pommes de terre : 14%, carottes : 14%, céleri-rave : 5%, oignons : 4%, choux-fleurs : 4%, poireaux : 3%, haricots verts : 1%), *amidon de blé, *huile d'olive vierge, sel, arômes naturels (extrait de levure, huile de tournesol). *100% des ingrédients d'origine agricole ont été obtenus selon les règles de la production biologique., Valeur énergétique en Joules :  110, Valeur énergétique en Kcal : 26,3, Glucides : 3,7, Lipides : 1, Protides :0,6, Après ouverture, à conserver au réfrigérateur.]|"
3,36€ / L"|"
3,36 €"
3356|Mouliné campagnard, potage de légumes variés biologique|la brique de 1l|[Origine : FRANCE, Retrouvez dans le mouliné Campagnard Bjorg toute la saveur et les bienfaits des légumes. Pommes de terre, carottes, poireaux, choux-fleurs, céleri... se savourent dans ce potage 100% biologique*., Eau, *légumes : 45% (pommes de terre : 14%, carottes : 14%, céleri-rave : 5%, oignons : 4%, choux-fleurs : 4%, poireaux : 3%, haricots verts : 1%), *amidon de blé, *huile d'olive vierge, sel, arômes naturels (extrait de levure, huile de tournesol). *100% des ingrédients d'origine agricole ont été obtenus selon les règles de la production biologique., Valeur énergétique en Joules :  110, Valeur énergétique en Kcal : 26,3, Glucides : 3,7, Lipides : 1, Protides :0,6, Après ouverture, à conserver au réfrigérateur.]|"
3,36€ / L"|"
3,36 €"
3357|Potage aux legumes verts|Les 2 briques de 25cl|[Origine : FRANCE, Le Régal de Légumes Verts bio est riche en fibres, sans féculent et à faible teneur en matières grasses. Faites le pleins de légumes et régalez vous avec le bon goût des légumes verts., *Légumes : 55% dont 37% de légumes verts (*courgettes 13,5%, *brocolis, oignons, *épinards 5,4%, *carottes, *poireaux 4,3%, *haricots verts, *céleri-rave, *cerfeuil), eau, *huile d'olive vierge extra, sel, extrait de levure, arôme naturel, *thym, arôme naturel de poivre. *100% des ingrédients d'origine agricole ont été obtenus selon les règles de la production biologique., Après ouverture, à conserver au réfrigérateur et à consommer rapidement.]|"
6,00€ / L"|"
3,00 €"
3358|Potage aux legumes verts|Les 2 briques de 25cl|[Origine : FRANCE, Le Régal de Légumes Verts bio est riche en fibres, sans féculent et à faible teneur en matières grasses. Faites le pleins de légumes et régalez vous avec le bon goût des légumes verts., *Légumes : 55% dont 37% de légumes verts (*courgettes 13,5%, *brocolis, oignons, *épinards 5,4%, *carottes, *poireaux 4,3%, *haricots verts, *céleri-rave, *cerfeuil), eau, *huile d'olive vierge extra, sel, extrait de levure, arôme naturel, *thym, arôme naturel de poivre. *100% des ingrédients d'origine agricole ont été obtenus selon les règles de la production biologique., Après ouverture, à conserver au réfrigérateur et à consommer rapidement.]|"
6,00€ / L"|"
3,00 €"
3359|Soupe de poissons|Le bocal de 850ml|[Origine : FRANCE]|"
6,79€ / L"|"
5,77 €"
3360|Soupe paysanne|Le bocal de 850ml|[Origine : FRANCE]|"
7,15€ / L"|"
6,08 €"
3361|Soupe de poissons|La boite de 390g|[Origine : FRANCE]|"
7,44€ / Kg"|"
2,90 €"
3362|Soupe de poissons|La boite de 800g|[Origine : FRANCE]|"
6,95€ / Kg"|"
5,56 €"
3363|Soupe de poissons|Le bocal de 72cl|[Origine : FRANCE]|"
8,86€ / L"|"
6,38 €"
3364|Bisque de Homard et Langoustines, Cuisinée à la creme et au vin blanc|La brique de 1l|[Origine : FRANCE, Les Chefs Knorr ont revisité la traditionnelle bisque de homard, ce délicieux velouté de crustacés cuisiné avec de belles tomates, une touche de crème fraîche ainsi qu'une pointe de vin blanc.A la saveur puissante du homard, ils ont associé la délicatesse de la chair de langoustine. Une recette exquise à faire découvrir à tous les gourmets., Pour 4. A la casserole : secouer la brique avant de l'ouvrir, puis verser la soupe dans une casserole. Réchauffer à feu doux sans porter à ébullition et remuer de temps en temps. Au micro-ondes : verser la soupe dans un récipient adapté puis réchauffer quelques instants. Inutile de saler. Ne pas mettre l'emballage dans le micro-ondes., Avant ouverture : conserver à température ambiante. Après ouverture : conserver au frais et consommer dans les 48h.]|"
4,11€ / L"|"
4,11 €"
3365|Crème de champignons des bois, potage liquide|la brique de 0,5l|[Origine : FRANCE, Cette crème de champignons des bois a été cuisinée avec des girolles et des chanterelles grises cueillies à la main en forêt, et choisies pour leur parfum et leur saveur corsée. Généreux en crème, ce velouté est délicieusement onctueux., Eau, crème fraîche, champignons (dont champignons des bois : 1.8% : chanterelle, girolle, bolet), amidon modifié, huiles végétales (tournesol, maïs), échalote, sel, fécule, oignon, arôme, épices et aromates, extrait de champignon. Sans colorant. Sansconservateur., Valeur énergétique en Joules :  300, Valeur énergétique en Kcal : 71,7, Glucides : 4,3, Lipides : 5,8, Protides :0,6, Se conserve au réfrigérateur pendant 48 heures après ouverture.]|"
5,90€ / L"|"
2,95 €"
3366|Délice de légumes d'automne|La brique de 1L|[Origine : FRANCE]|"
4,17€ / L"|"
4,17 €"
3367|Délice de potiron à la fine saveur de truffe et touche de noisette|La brique de 1L|[Origine : FRANCE, Ces délicieuses soupes, si savoureuses et faciles à préparer, sont cuisinées avec des ingrédients de grande qualité. Légume très prisé de tous les connaisseurs, le potiron se distingue par son goût doux et sucré. Les chefs Knorr vous délivrent leur secret pour en faire une soupe au goût exquis : oser marier dans un velouté fondant la chair tendre du potiron à la subtilité de la noisette et à la fine saveur truffe. Un plaisir d'une onctuosité rare qui séduira les plus fins gourmets., A la casserole : secouer la brique avant de l'ouvrir puis verser la soupe dans une casserole. Réchauffer à feu doux sans porter à ébullition et remuer de temps en temps. Au micro-ondes : verser la soupe dans un récipient adapté puis réchauffer quelques instants. Attention, ne pas mettre l'emballage dans le micro-ondes. Inutile de saler., Avant ouverture, conserver à température ambiante. Après ouverture, conserver au frais et consommer dans les 48h.]|"
4,21€ / L"|"
4,21 €"
3368|Douceur de 8 légumes à la crème fraîche|La brique de 0,5L|[Origine : FRANCE, Cette soupe de 8 légumes d'une texture très onctueuse à la couleur du soleil et le goût légèrement sucré des petits pois et du potiron.Des oignons caramélisés, une touche de crème fraîche et une noisette de beure en font une véritable douceur., A la casserole : secouer la brique avant de louvrir, puis verser  la soupe dans une casserole. Réchauffer à feu doux sans porter à ébullition (pour préserver les vitamines) et remuer de temps en temps. Au micro-ondes : verser la soupe dans un  récipient adapté puis  réchauffer quelques instants. Attention : ne pas mettre lemballage dans le micro-ondes. Inutile de saler., Eau, légumes : 40% (carotte, tomate, pomme de terre, potiron, oignon, poireau, petits pois, céleri), crème fraîche : 8%, beurre, sucre, amidon modifié, sel, graisse de poule, huile de tournesol, arôme (dont soja et blé), extrait de levure, aromate, vitamines (B6, B9 et C). Sans colorant. Sans conservateur. Traces oeuf., Valeur énergétique en Joules :  310, Valeur énergétique en Kcal : 74,1, Glucides : 5,7, Lipides : 5,4, Protides :0,9, Avant ouverture : conserver à température ambiante. Après ouverture : conserver au frais et consommer dans les 48h.]|"
3,96€ / L"|"
1,98 €"
3369|Douceur de Courgattes au chèvre frais|La brique de 30cl|[Origine : FRANCE, Soupe., A la casserole : secouer la brique avant de l'ouvrir puis verser la soupe dans une casserole. Réchauffer à feu doux sans porter à ébullition et remuer de temps en temps. Au micro-ondes : verser la soupe dans un récipient adapté puis réchauffer quelques instants. Attention : ne pas mettre l'emballage dans le micro-ondes. Inutile de saler., Eau, légumes 35% (courgette 25%, oignon, pomme de terre, épinard), crème fraîche 5%, amidon modifié, sucre, sel, huile d'olive vierge extra 0,4%, arômes (dont blé), fromage fondu (fromage de chèvre, lactosérum, sel), fromage de chèvre frais 0,2%, extrait de levure, fécule de pomme de terre, poivre, matière grasse végétale. Traces : céleri, oeuf. Sans colorant artificiel, sans exhausteur de goût, sans conservateur., Valeur énergétique en Joules :  190kj, Valeur énergétique en Kcal : 45kcal, Glucides : 5g, Lipides : 2,5g, Protides :0,9g, Avant ouverture, conserver à température ambiante. Après ouverture, conserver au frais et consommer dans les 48h.]|"
5,43€ / L"|"
1,63 €"
3370|Douceur de Courgettes au chèvre frais|La Brik de 1l|[Origine : FRANCE, Légumes : Courgette, oignon, pomme de terre, épinard. Voici tous les légumes réunis par les chefs Knorr pour vous cuisiner cette délicieuse douceur de courgettes au chèvre frais., A la casserole : secouer la brique avant de l'ouvrir puis verser la soupe dans une casserole. Réchauffer à feu doux sans porter à ébullition et remuer de temps en temps. Au four micro-ondes : verser la soupe dans un récipient adapté puis réchauffer quelques instants. Attention, ne pas mettre l'emballage dans le four à micro-ondes., Eau, légumes : 35% (courgette 25%, oignon, pomme de terre, épinard), crème fraîche 5%, amidon modifié, sucre, sel, fromage de chèvre frais 0,3%, huile d'olive vierge extra, arômes (dont blé), matière grasse végétale, poivre. Traces : oeuf, céleri. Sans conservateur. Sans exhausteur de goût. Sans colorant artificiel., Valeur énergétique en Joules :  180kj, Valeur énergétique en Kcal : 45kcal, Glucides : 5g, Lipides : 2g, Protides :0,9g, Avant ouverture conserver à température ambiante. Après ouverture conserver au frais et consommer dans les 48 heures.]|"
3,39€ / L"|"
3,39 €"
3371|Douceur de légumes à la crème fraîche|La brique de 1L|[Origine : FRANCE, Carotte, céleri, pomme de terre, oignon, brocoli, tomate, chou blanc, poireau, rutabaga : légumes réunis par les chefs Knorr pour vous cuisiner cette délicieuse douceur de légumes bio.Retrouvez tout le savoir faire des chefs Knorr et le bon goût de légumes issus de l'agriculture biologique dans ce velouté crémeux., A la casserole : secouer la brique avant de l'ouvrir puis verser la soupe dans une casserole. Réchauffer à feu doux sans porter à ébullition et remuer de temps en temps. Au four micro-ondes : verser la soupe dans un récipient adapté puis réchauffer quelques instants. (Attention : ne pas mettre l'emballage dans le four micro-ondes)., Avant ouverture conserver à température ambiante. Après ouverture conserver au frais et consommer dans les 48 heures.]|"
2,95€ / L"|"
2,95 €"
3372|Douceur de légumes à la crème fraîche|La brique de 1L|[Origine : FRANCE, Carotte, céleri, pomme de terre, oignon, brocoli, tomate, chou blanc, poireau, rutabaga : légumes réunis par les chefs Knorr pour vous cuisiner cette délicieuse douceur de légumes bio.Retrouvez tout le savoir faire des chefs Knorr et le bon goût de légumes issus de l'agriculture biologique dans ce velouté crémeux., A la casserole : secouer la brique avant de l'ouvrir puis verser la soupe dans une casserole. Réchauffer à feu doux sans porter à ébullition et remuer de temps en temps. Au four micro-ondes : verser la soupe dans un récipient adapté puis réchauffer quelques instants. (Attention : ne pas mettre l'emballage dans le four micro-ondes)., Avant ouverture conserver à température ambiante. Après ouverture conserver au frais et consommer dans les 48 heures.]|"
2,95€ / L"|"
2,95 €"
3373|Douceur de légumes d'automne et pointe de crème|Le sachet de 83g|[Origine : FRANCE, Plongez au coeur de l'automne en découvrant cette délicieuse soupe qui marie parfaitement les notes légèrement sucrées du potiron et des tomates à la douceur de carottes du potager., Faites bouillir 750ml d'eau. Ramenez à feu doux puis versez le contenu d'un sachet en remuant avec un fouet. Laissez mijoter 5 minutes en remuant de temps en temps., Légumes 55% (pomme de terre, potiron, carotte, céleri, poireau, tomate, chou, oignon), matière grasse végétale, amidon modifié, sel, crème 5,1% (antioxydant E304 et E307), fécule de pomme de terre, sucre, maltodextrine, graisse de poule (antioxydant: extrait de romarin), extrait de levure, lactose, protéines de lait, farine de blé. Traces : oeuf. Sans colorant, sans exhausteur de goût, sans conservateur., Valeur énergétique en Joules :  1600kj, Valeur énergétique en Kcal : 390kcal, Glucides : 46g, Lipides : 17g, Protides :10g]|"
20,36€ / Kg"|"
1,69 €"
3374|Douceur légumes à la crème fraîche|La brique de 30cl|[Origine : FRANCE, Soupe., A la casserole : secouer la brique avant de l'ouvrir puis verser la soupe dans une casserole. Réchauffer à feu doux sans porter à ébullition et remuer de temps en temps. Au micro-ondes : verser la soupe dans un récipient alimentaire adapté puis réchauffer quelques instants. Attention : ne pas mettre l'emballage dans le micro-ondes. Inutile de saler., Avant ouverture, conserver à température ambiante. Après ouverture, conserver au frais et à consommer dans les 48h.]|"
5,20€ / L"|"
1,56 €"
3375|Knorr mouliné de legumes d'autrefois|La brique de 1l|[Origine : FRANCE, Préparé par les chefs Knorr avec panais, topinambour et rutabaga, ce délicieux mouliné cuisiné avec une touche de crème fraîche vous fera redécouvrir la saveur des légumes d'autrefois., A la casserole : secouer la brique avant de l'ouvrir puis verser la soupe dans une casserole. Réchauffer à feu doux sans porter à ébullition et remuer de temps en temps. Au micro-ondes : verser la soupe dans un récipient adapté puis réchauffer quelques instants. Attention : ne pas mettre l'emballage dans le four à micro-ondes., Eau, légumes 22% (légumes d'autrefois 5,5%) (carotte, panais, poireau, oignon, pomme de terre, topinambour, rutabaga), amidon modifié, matière grasse végétale, crème fraîche, sel, beurre, lactosérum, fécule de pomme de terre, extrait de levure, sucre, jus de légumes concentrés (céleri, carotte, oignon, poireau). Traces : blé, oeuf. Sans conservateur, sans exhausteur de goût, sans colorant artificiel., Valeur énergétique en Joules :  140kj, Valeur énergétique en Kcal : 35kcal, Glucides : 3,5g, Lipides : 2g, Protides :0,6g, Avant ouverture conserver à température ambiante. Après ouverture conserver au frais et consommer dans les 48 heures.]|"
2,70€ / L"|"
2,70 €"
3376|Knorr soupe poule vermicelle|La brique de 300ml|[Origine : FRANCE, Knorr 'Secrets de Grand-Mère' est une gamme de soupes délicieuses et authentiques, élaborées à partir du savoir faire de nos grands-mères. Préparées avec des ingrédients savoureux, elles ont doucement mijoté afin de révéler toute leur saveur. Retrouver le plaisir d'un goût simple et authentique dans ce bouillon de poule aux vermicelles agrémentés de tendres morceaux de poulet et de petits légumes fondants, comme seules nos grand-mères savaient le faire., A la casserole : secouer la brique avant de l'ouvrir puis verser la soupe dans une casserole. Réchauffer à feu doux sans porter à ébullition et remuer de temps en temps. Au four micro-ondes : verser la soupe dans un récipient adapté puis réchauffer quelques instants. Attention : ne pas mettre l'emballage dans le four micro-ondes. Inutile de saler., Avant ouverture, conserver à température ambiante. Après ouverture, conserver au frais et consommer dans les 48 h.]|"
5,23€ / L"|"
1,57 €"
3377|Légumes du potager moulinés bio|La brique de 1l|[Origine : FRANCE, Retrouvez tout le savoir-faire des chefs Knorr et le bon goût de légumes issus de l'agriculture biologique dans ce délicieux mélange de légumes du potager finement moulinés., A la casserole : secouer la brique avant de l'ouvrir puis verser la soupe dans une casserole. Réchauffer à feu doux sans porter à ébullition et remuer de temps en temps. Au four à micro-ondes : verser la soupe dans un récipient adapté puis réchaufferquelques instants. Attention: ne pas mettre l'emballage dans le micro-ondes., Avant ouverture, conserver à température ambiante. Après ouverture, conserver au frais et consommer dans les 48h.]|"
2,89€ / L"|"
2,89 €"
3378|Légumes du potager moulinés bio|La brique de 1l|[Origine : FRANCE, Retrouvez tout le savoir-faire des chefs Knorr et le bon goût de légumes issus de l'agriculture biologique dans ce délicieux mélange de légumes du potager finement moulinés., A la casserole : secouer la brique avant de l'ouvrir puis verser la soupe dans une casserole. Réchauffer à feu doux sans porter à ébullition et remuer de temps en temps. Au four à micro-ondes : verser la soupe dans un récipient adapté puis réchaufferquelques instants. Attention: ne pas mettre l'emballage dans le micro-ondes., Avant ouverture, conserver à température ambiante. Après ouverture, conserver au frais et consommer dans les 48h.]|"
2,89€ / L"|"
2,89 €"
3379|Mouliné de légumes vapeur au sel de Guérande, Sans colorant et sans conservateur|La brique de 50cl|[Origine : FRANCE, Valeur énergétique en Joules :  130kj, Valeur énergétique en Kcal : 30kcal, Glucides : 3g, Lipides : 1,5g, Protides :0,7g]|"
3,86€ / L"|"
1,93 €"
3380|Moulinée de légumes variés, potage liquide|La brique de 0.5L|[Origine : FRANCE, Retrouvez toute la saveur du potager dans cette soupe que les chefs Knorr ont préparée à partir de délicieux légumes finement moulinés., Secouer la brique avant de l'ouvrir. A la casserole : réchauffer à feu doux sans porter à ébullition. Au four à micro-ondes : réchauffer quelques instants dans un récipient adapté. Inutile de saler. Ne pas mettre l'emballage dans le four à micro-ondes., Eau, légumes : 41% (pomme de terre, carotte, céleri, oignon, haricot vert, poireau, brocoli), crème fraîche, sel, amidon modifié, matière grasse végétale, extrait de levure, lactosérum. Sans colorant, ni conservateur., Valeur énergétique en Joules :  120kj, Valeur énergétique en Kcal : 29kcal, Glucides : 4,8g, Lipides : 0,7g, Protides :0,9g, Avant ouverture, conserver à température ambiante. Après ouverture, conserver au frais et consommer dans les 48h.]|"
3,12€ / L"|"
1,56 €"
3381|Potage liquide, moulinée aux légumes verts|La brique de 0,5L|[Origine : FRANCE, La soupe est un moyen simple et délicieux de manger des légumes, essentiels à notre alimentation quotidienne., A la casserole : secouer la brique avant de louvrir, puis verser la soupe dans une casserole. Réchauffer à feu doux sans porter à ébullition (pour préserver les vitamines) et remuer de temps en temps. Au micro-ondes : verser la soupe dans un récipient adapté puis réchauffer quelques instants. Attention : ne pas mettre l'emballage dans le micro-ondes., Eau, légumes : 42% dont 15% de légumes verts (pomme de terre, céleri, haricot vert, brocoli, oignon, poireau, cresson, épinard, carotte, oseille), amidon, sel, sucre, aromates (cerfeuil, basilic), lactosérum, matière grasse végétale, extrait de levure, arômes. Traces : blé, oeuf. Sans conservateur, sans exhausteur de goût, sans colorant artificiel., Valeur énergétique en Joules :  100, Valeur énergétique en Kcal : 23,9, Glucides : 4,2, Lipides : 0,4, Protides :1, Avant ouverture : conserver à température ambiante. Après ouverture : conserver au frais et consommer dans les 48h.]|"
3,20€ / L"|"
1,60 €"
3382|Secrets de Grand-Mère, Potiron, Carottes fondantes et pincée de romarin|La brique de 1l|[Origine : POLOGNE, Retrouvez le plaisir d'un goût simple et authentique dans ce velouté de potiron marié à de petites carottes fondantes et rehaussé d'une subtile pincée de romarin. Knorr 'secrets de grand-mère' est une gamme de soupes délicieuses et authentiques, préparées avec tout le savoir faire de nos grands-mères. Elaborées à partir d'ingrédients simples et savoureux, elles ont doucement mijoté afin de révéler toute la saveur., A la casserole : secouer la brique avant de l'ouvrir puis verser la soupe dans une casserole. Réchauffer à feu doux sans porter à ébullition et remuer de temps en temps. Au four micro-ondes : verser la soupe dans un récipient adapté puis réchauffer quelques instants. Ne pas mettre l'emballage dans le four micro-ondes., Légumes 64% (potiron 43%, carotte 14%, oignon), eau, crème fraîche, sucre, matière grasse végétale, sel, épice et aromates (romarin, ail, poivre)., Valeur énergétique en Joules :  200kj, Valeur énergétique en Kcal : 50kcal, Glucides : 4g, Lipides : 2g, Protides :0,6g, Avant ouverture, conserver à température ambiante. Après ouverture, conserver au frais et consommer dans les 48h.]|"
3,40€ / L"|"
3,40 €"
3383|Soupe, Douceur de légumes du soleil, pour 2 assiettes|La brique de 50cl|[Origine : FRANCE, A la casserole : secouer la brique avant de l'ouvrir puis verser la soupe dans une casserole. Réchauffer à feu doux sans porter à ébullition et remuer de temps en temps. Au four micro-ondes : verser la soupe dans un récipient adapté puis réchauffer quelques instants. Ne pas mettre l'emballage dans le four micro-ondes., Eau, légumes : 36% (tomate : 13%, aubergine : 10%, pomme de terre, oignon), crème fraîche, fromage fondu (fromages, lait écrémé, eau, beurre, protéines de lait, sel), amidon modifié, sel, sucre, huile d'olive vierge extra, épices et aromates (ail, curcuma, poivre, thym, origan), beurre. Traces : blé, céleri, oeuf. Sans conservateur, sans exhausteur de goût, sans colorant artificiel., Valeur énergétique en Joules :  180kj, Valeur énergétique en Kcal : 45kcal, Glucides : 4,5g, Lipides : 2,5g, Protides :1g, Avant ouverture, conserver à température ambiante. Après ouverture, conserver au frais et consommer dans les 48h.]|"
4,64€ / L"|"
2,32 €"
3384|Soupe aux légumes du potager moulinés, certifié AB|La brique de 50cl|[Origine : FRANCE, Retrouvez tout le savoir faire des chefs Knorr et le bon goût de légumes issus de l'agriculture biologique dans ce délicieux mélange de légumes du potager finement moulinés., A la casserole : secouer la brique avant de l'ouvrir puis verser la soupe dans une casserole. Réchauffer à feu doux sans porter à ébullition et remuer de temps en temps. Au four micro-ondes : verser la soupe dans un récipient adapté puis réchauffer quelques instants. Attention: ne pas mettre l'emballage dans le micro-ondes., Eau, légumes*: 42% (pomme de terre*, carotte*, céleri*, oignon*, brocoli*, haricot vert*, poireau*), crème fraîche*: 0,9%, sel, amidon*, extrait de levure. *ingrédients issus de l'agriculture biologique. Sans conservateur, sans exhausteur de goût etsans colorant artificiel., Valeur énergétique en Joules :  130kj, Valeur énergétique en Kcal : 30kcal, Glucides : 5g, Lipides : 1g, Protides :1,5g, Avant ouverture: conserver à température ambiante. Après ouverture: conserver au frais et consommer dans les 48h.]|"
4,38€ / L"|"
2,19 €"
3385|Soupe aux légumes du potager moulinés, certifié AB|La brique de 50cl|[Origine : FRANCE, Retrouvez tout le savoir faire des chefs Knorr et le bon goût de légumes issus de l'agriculture biologique dans ce délicieux mélange de légumes du potager finement moulinés., A la casserole : secouer la brique avant de l'ouvrir puis verser la soupe dans une casserole. Réchauffer à feu doux sans porter à ébullition et remuer de temps en temps. Au four micro-ondes : verser la soupe dans un récipient adapté puis réchauffer quelques instants. Attention: ne pas mettre l'emballage dans le micro-ondes., Eau, légumes*: 42% (pomme de terre*, carotte*, céleri*, oignon*, brocoli*, haricot vert*, poireau*), crème fraîche*: 0,9%, sel, amidon*, extrait de levure. *ingrédients issus de l'agriculture biologique. Sans conservateur, sans exhausteur de goût etsans colorant artificiel., Valeur énergétique en Joules :  130kj, Valeur énergétique en Kcal : 30kcal, Glucides : 5g, Lipides : 1g, Protides :1,5g, Avant ouverture: conserver à température ambiante. Après ouverture: conserver au frais et consommer dans les 48h.]|"
4,38€ / L"|"
2,19 €"
3386|Soupe Délice de Poireaux aux st jacques|La brique de 1l|[Origine : FRANCE]|"
4,11€ / L"|"
4,11 €"
3387|Soupe douceur 8 légumes à la crème fraîche|La brique de 1l|[Origine : FRANCE, Cette soupe de 8 légumes d'une texture très onctueuse a la couleur du soleil et le goût légèrement sucré des petits pois et du potiron.Des oignons caramélisés, une touche de crème fraîche et une noisette de beurre en font une véritable douceur., A la casserole : secouer la brique avant de louvrir, puis verser la soupe dans une casserole. Réchauffer à feu doux sans porter à ébullition (pour préserver les vitamines) et remuer de temps en temps. Au micro-ondes : verser la soupe dans un récipient adapté puis réchauffer quelques instants. Attention : ne pas mettre lemballage dans le micro-ondes. Inutile de saler., Eau, légumes : 40% (carotte, tomate, pomme de terre, potiron, oignon, poireau, petits pois, céleri), crème fraîche : 8%, beurre, sucre, amidon modifié, sel, graisse de poule, huile de tournesol, arôme (dont soja et blé), extrait de levure, aromate, vitamines (B6, B9 et C). Traces : oeuf. Sans colorant, sans conservateur., Avant ouverture : conserver à température ambiante. Après ouverture : conserver au frais et consommer dans les 48h.]|"
2,87€ / L"|"
2,87 €"
3388|Soupe douceur d'automne creme fraiche|La brique de 1l|[Origine : FRANCE, Valeur énergétique en Joules :  180kj, Valeur énergétique en Kcal : 40kcal, Glucides : 5g, Lipides : 2g, Protides :0,7g]|"
2,94€ / L"|"
2,94 €"
3389|Soupe douceur d'automne creme fraîche|La brick de 50cl|[Origine : FRANCE, Valeur énergétique en Joules :  180kj, Valeur énergétique en Kcal : 40kcal, Glucides : 5g, Lipides : 2g, Protides :0,7g]|"
4,80€ / L"|"
2,40 €"
3390|Soupe douceur de courgette au chèvre frais|La brique de 50cl|[Origine : FRANCE, Valeur énergétique en Joules :  179kj, Valeur énergétique en Kcal : 43kcal, Glucides : 5g, Lipides : 2,1g, Protides :0,9g]|"
4,68€ / L"|"
2,34 €"
3391|Soupe forestière aux cèpes|La brique de 1L|[Origine : POLOGNE, Pour vous concocter ce velouté, les chefs Knorr ont marié de savoureux cèpes des bois à une crème fraîche onctueuse et de la ciboulette. Un plaisir unique !, A la casserole : secouer la brique avant de l'ouvrir puis verser la soupe dans une casserole. Réchauffer à feu doux sans porter à ébullition et remuer de temps en temps. Au micro-ondes : verser la soupe dans un récipient adapté puis réchauffer quelques instants. Inutile de saler. Attention : ne pas mettre l'emballage dans le micro-ondes., Eau, champignons 7,9% (champignon de Paris, cèpes 2,8%, girolle), crème fraîche 7,7%, bouillon de légumes (eau, champignon, oignon, maltodextrine, sel, matière grasse végétale), amidon modifié, farine de blé, sel, matière grasse végétale, épices et aromates (échalote, ciboulette, ail, poivre, curcuma), extrait de levure, arômes, sucre, lactosérum. Traces : oeuf, céleri. Sans conservateur, sans exhausteur de goût, sans colorant artificiel., Valeur énergétique en Joules :  200kj, Valeur énergétique en Kcal : 45kcal, Glucides : 3g, Lipides : 3g, Protides :0,9g, Avant ouverture, à conserver à température ambiante. Après ouverture, conserver au frais et consommer dans les 48h]|"
3,70€ / L"|"
3,70 €"
3392|Soupe Indienne, Velouté de Potiron et Pointe de cury madras|La brick de 1l|[Origine : FRANCE]|"
3,97€ / L"|"
3,97 €"
3393|Soupe thai Nouilles, champignons noirs et lait de coco|La brick de 1l|[Origine : FRANCE]|"
3,99€ / L"|"
3,99 €"
3394|Soupe veloute  9 legumes|La brique de 30cl|[Origine : FRANCE, Valeur énergétique en Joules :  552kj, Valeur énergétique en Kcal : 132kcal, Glucides : 5,7g, Lipides : 1,9g, Protides :0,7g]|"
3,60€ / L"|"
1,08 €"
3395|Soupe velouté 9 légumes|La brick de 1l|[Origine : FRANCE, Valeur énergétique en Joules :  160kj, Valeur énergétique en Kcal : 40kcal, Glucides : 4,5g, Lipides : 1,5g, Protides :0,8g]|"
2,42€ / L"|"
2,42 €"
3396|Ail semoule|Le pot de 100g|"[Origine : FRANCE, Ail semoule: L'ail est connu depuis la nuit des temps pour ses vertus curatives. Du celte ""ail"" signifiant ""brûlant"", l'ail aurait poussé dans les empreintes laissées par l'un des pieds du diable à la sortie du jardin d'Eden., Facile d'utilisation, cet ail semoule entrera   dans la préparation de vos vinaigrettes, de spécialités provençales telles que la brandade, la ratatouille ou l'aïoli. Accompagné de persil,il est idéal pour parfaire la préparation des champignons., Contient des sulfites.Peut contenir des traces de gluten, de sésame, de moutarde et de céleri.]"|"
48,40€ / Kg"|"
4,84 €"
3397|Baies roses|Le flacon de 35g|[Origine : FRANCE, Originaires du Sud-Ouest de l'Océan Indien, les baies roses portent aussi le nom de poivre de la Réunion. C'est en effet sur cette île que les baies roses auraient été découvertes., Cette baie doit son succès à son goût légèrement sucré et à sa couleur vive qui égaye les plats et les sauces. Son parfum fruité se marie très bien avec le poisson ou avec une viande rouge. Les baies roses exhalent leur parfum lorsqu'elles sont concassées., Peut contenir des traces de luten, de sésame, de moutarde, de céleri et de sulfites.]|"
223,71€ / Kg"|"
7,83 €"
3398|Bouquet garni pour poissons|Le pot de 12g|[Origine : FRANCE, Le sachet mousseline, facile à utiliser se plonge dans votre préparation en début de cuisson afin de transmettre à vos poissons, daubes, ou crustacés toutes les saveurs de ses aromates., Thym, coriandre entière, fenouil, basilic, persil, laurier. Peut contenir des traces de gluten, sésame, moutarde, céleri et sulfites.]|"
437,50€ / Kg"|"
5,25 €"
3399|Bouquet garni pour viandes|Le pot de 12g|[Origine : FRANCE, Le bouquet garni pour viandes est composé d'un ensemble d'herbes dont les saveur se marient et se complètent parfaitement., Le sachet mousseline, facile à utiliser, se plonge dans votre préparation en début de cuisson afin de transmettre à vos viandes braisées ou bouillies toutes les saveurs de ses aromates., Tym, coriandre entière, marjolaine, persil, laurier. Peut contenir des traces de gluten, sésame, moutarde, céleri et sulfites.]|"
437,50€ / Kg"|"
5,25 €"
3400|Cannelle entière|Le pot de 15g|[Origine : FRANCE, Idéale dans vos salades de fruits, compotes, confitures et riz au lait, la cannelle entière parfume également les plats comme les tajines marocains ou les biryanis indiens., Cannelle entière. Peut contenir des traces de gluten, sésame, moutarde, céleri et sulfites.]|"
240,67€ / Kg"|"
3,61 €"
3401|Cannelle moulue|Le flacon de 60g|[Origine : FRANCE, De la Méditerranée à la Chine, toutes les civilisations de l'Antiquité ont connu et adopté cette mystérieuse épice, issue de l'écorce du cannelier. La cannelle fut découverte en France au Moyen-Age, ramenée des Croisades. Elle a été très utilisée dans la cuisine médiévale, puis oubliée., La cannelle parfume le pain d'épices, les tartes aux pommes ou aux quetsches, les tajines marocains et les currys indiens. Saupoudrée sur une tasse de café, elle révélera les notes aromatiques de l'arabica et leur apportera une douce saveur poivrée., Cannelle]|"
64,33€ / Kg"|"
3,86 €"
3402|Ciboulette, allium schoenoprasum|Le flacon de 6g|[Origine : FRANCE, Au Moyen Age, la ciboulette était cultivée dans les jardins des monastères car elle se voyait attribuer des propriétés antirhumatismales. A la Renaissance, elle se retrouve sur les étals des marchands et fait ainsi son entrée dans la cuisine française., Son arôme subtil d'oignon agrémente délicieusement le fromage blanc, parfume les omelettes et relève agréablement les assaisonnements de salades., Peut contenir des traces de gluten, sésame, moutarde, céleri et sulfites.]|"
721,67€ / Kg"|"
4,33 €"
3403|Citronnelle|Le pot de 15g|[Origine : FRANCE, La citronnelle se marie fréquemment au lait de coco et au gingembre. Elle confère également aux soupes, marinades, poissons en sauce et volailles une agréable saveur citronnée., Citronnelle. Peut contenir des traces de gluten, sésame, moutarde, céleri et sulfites.]|"
212,67€ / Kg"|"
3,19 €"
3404|Clous de girofle|Le pot de 50g|[Origine : FRANCE, Originaire des îles Moluques, ou îles aux épices, le clou de girofle est le bouton floral du giroflier, cueilli avant que la corolle ne s'épanouisse.  Introduit en Europe au 4e siècle par les arabes, le clou de girofle est devenu un produit de luxe qui était taxé au Moyen-Age., Il est utilisé depuis toujours dans des mélanges d'épices, en Chine et aux Indes. Piqués dans un oignon, les clous de girofle parfument délicieusement les choucroutes, blanquettes et pots au feu.]|"
113,40€ / Kg"|"
5,67 €"
3405|Colombo|Le pot de 85g|[Origine : FRANCE, S'utilise comme une poudre de curry. Les antillais l'apprécient particulièrement avec du porc, du poulet, de l'agneau ou du requin., Cumin, curcuma, coriandre, sel, piment fort, fenugrec, fenouil, ail, mélange d'épices. Peut contenir des traces de gluten, sésame, moutarde, céleri et sulfites.]|"
47,29€ / Kg"|"
4,02 €"
3406|Coriandre moulue|Le pot de 55g|[Origine : FRANCE, La coriandre relève les gratins de légumes et les préparations orientales., Coriandre moulue. Peut contenir des traces de gluten, sésame, moutarde, céleri et sulfites.]|"
65,64€ / Kg"|"
3,61 €"
3407|Cumin moulu|Le pot de 75g|[Origine : FRANCE, Dans l'esprit des Anciens, le cumin avait le  pouvoir de chasser les mauvais sorts  : les graines  veillaient  les tombes des pharaons d' Egypte et les Romains les faisaient garder par leurs esclaves. Le cumin a un arôme puissant et chaud, légèrement anisé  et  citronné. Originaire  du  bassin Méditerranéen, le cumin s'est imposé dans toutes les cuisines du monde., Vous l'apprécierez dans un chili con carne, un curry indien ou un tagine d'agneau.Moulu, le cumin s'intègre facilement à vos sauces etpâtes d'épices., Peut contenir des traces de gluten, sésame, moutarde, céleri et sulfites.]|"
63,20€ / Kg"|"
4,74 €"
3408|Curcuma|Le pot de 75g|[Origine : FRANCE, De part  sa couleur jaune  soutenue,  le  curcuma est  souvent utilisé comme substitut au safran. On le surnomme d'ailleurs « Safran des Indes ». Néanmoins, sa saveur poivrée et  musquée se révèle pleinement en association avec d'autres épices,  au sein de mélanges tels que le curry ou le tandoori. En Inde, il est parfois utilisé seul dans des  préparations à base de riz ou de légumes secs., Peut contenir des traces de gluten, sésame, moutarde, céleri et sulfites.]|"
41,07€ / Kg"|"
3,08 €"
3409|Curry|Le pot de 75g|[Origine : FRANCE, Le curry n'est pas une épice mais un mélange d'épices qui sert de conditionnement au plat qui porte son nom. Le curry se prépare aussi bien avec du poisson, du poulet ou de l'agneau. En Inde, chaque famille a sa propre recette de curry. Ils peuvent être plus ou moins épicés selon la teneur en piment. Le curry Albert Ménès est un mélange très parfumé et légèrement pimenté que vous marierez à vos sauces pour préparer vos spécialités indiennes., Coriandre, curcuma, moutarde, farine de pois chiche, cumin, piment, fenugrec, poivre, ail, sel, fenouil, pavot.  Peut contenir des traces de gluten, sésame, céleri et sulfites.]|"
59,07€ / Kg"|"
4,43 €"
3410|Estragon, artemisia dracunculus|Le pot de 10g|"[Origine : FRANCE, L'estragon est originaire des steppes de l'Asie centrale. Son nom est issu de la déformation de sa traduction latine signifiant ""petit dragon"". Introduit par les Croisés en Europe à la fin du Moyen Age, il était alors consommé sous forme de liqueur., L'estragon, dont l'arôme subtil délivre une douce amertume légèrement poivrée et anisée, entre dans l'élaboration de nombreuses sauces dont les célèbres béarnaise, ravigote et gribiche. Sa saveur relève délicatement les viandes blanches et les poissons pochés., Peut contenir des traces de gluten, sésame, moutarde, céleri et sulfites.]"|"
448,00€ / Kg"|"
4,48 €"
3411|Feuilletés au gouda vieux de hollande|La boîte de 50g|[Origine : FRANCE, Farine de froment, fromage de gouda 32%, matières grasses végétales, sel.]|"
40,00€ / Kg"|"
6,00 €"
3412|Gingembre moulu|Le flacon de 55g|[Origine : FRANCE, Au 14e siècle, le gingembre était l'épice la plus répandue après le poivre. Le gingembre est couramment utilisé pour parfumer pâtisseries et desserts en Scandinavie et en Angleterre. Confit, il constituait une confiserie  particulièrement appréciéeau Moyen- Age. Ce sont les rhizomes de la plante de gingembre qui, séchés puis moulus, sont utilisés ppour préparer cette épice à la saveur camphrée et citronnée. Elle parfume les crrys, les Tajines, les confitures (orange, rhubarbe) et les pâtisseries., Peut contenir des traces de gluten, de sésame, de moutarde, de céleri., Valeur énergétique en Joules :  0, Valeur énergétique en Kcal : 0, Glucides : 0, Lipides : 0, Protides :0]|"
74,73€ / Kg"|"
4,11 €"
3413|Herbes de Provence|Le flacon de 35g|[Origine : FRANCE, Les herbes de Provence se composent d'un mélange de plantes aromatiques représentatives de la culture méditerranéenne : le romarin, la sarriette, l'origan, le thym et le basilic., Elles sont indispensables à la préparation de spécialités provençales telles que la ratatouille, la soupe au pistou, les tomates à la provençale. Elles parfumeront aussi vosgrillades de viandes ou de poissons., Ingrédients : romarin, sarriette, origan, thym,basilic, en proportions variables. Peut contenir des traces de gluten, sésame, moutarde, céleri et sulfites.]|"
85,43€ / Kg"|"
2,99 €"
3414|Matzo bread, pains azymes pour toasts|La boîte de 200g|[Origine : FRANCE, C'est avec plus de 90 ans d'expérience dans le métier de la boulangerie, que nous reproduisons fidèlement les procédés de fabrication de ce qui est l'un des pains les plus anciens de l'humanité. Le pain azyme remonte au temps des Hébreux. Lorsqu'ilsquittèrent l'Egypte avec précipitation, les Hébreux durent cuire leur pain sans avoir le temps de le faire lever. C'est ainsi qu'est apparu le pain azyme., Plus croustillant après une minute au four traditionnel à 100°C., Valeur énergétique en Joules :  1657Kj, Valeur énergétique en Kcal : 396KCal, Glucides : 83,9g, Lipides : 1,5g, Protides :11,8g, Se conserve plusieurs mois dans un endroit sec après ouverture.]|"
15,40€ / Kg"|"
3,08 €"
3415|Noix de muscade moulue|Le flacon de 80g|[Origine : FRANCE, Originaire des îles moluques (archipel indonésien), ou îles aux épices, la noix de muscade a été introduite en Europe par les arabes. La noix de muscade est l'amande du noyau du fruit du muscadier. A maturité, le fruit libère son noyau, qu'il faut casser pour en extraire la noix de muscade., Elle communique aux sauces blanches une saveur fine et parfumée. Elle relève les soufflés au fromage, les quiches ou les soupes de légumes de ses notes épicées de bergamote et de sa saveur citronnée.]|"
77,13€ / Kg"|"
6,17 €"
3416|Noix de muscade six fruits|Le flacon de 37g|[Origine : FRANCE, Originaire des Iles Moluques en Indonésie surnommées aussi « îles aux épices », la noix de muscade a été introduite en Europe par les arabes. A maturité, le fruit du muscadier libère son noyau,  qu'il faut casser pour en extraire la noix de muscade.Elle communique aux sauces blanches une  saveur fine et parfumée., Elle relève les soufflés au fromage, les quiches ou les purées de pomme de terre. Râpée au dernier moment, elle révélera ses notes épicées de  bergamote et sa saveur citronnée, Peut contenir des traces de  luten, de sésame, de moutarde, de céleri, et de sulfites.]|"
154,59€ / Kg"|"
5,72 €"
3417|Oboles de Lucerne, cumin des prés, biscuits apéritifs|Le paquet de 100g|[Origine : FRANCE, L'obole de Lucerne est née d'une recette artisanale helvétique datant de 1877. Confectionnées à partir d'ingrédients rigoureusement sélectionnés, ces gaufrettes sont extrêmement légères, incomparables de finesse, de saveur et de croustillant. Les graines de cumin des prés apportent à la recette originale leurs notes aromatiques chaudes et légèrement anisées. Vous apprécierez également la recette originale des oboles de Lucerne à l'emmenthal tout comme celle au pavot., Farine de froment, huile végétale partiellement hydrogénée (soja, colza), cumin des prés 4,5%, sel, sucre, émulsifiant : lécithine de soja.]|"
51,20€ / Kg"|"
5,12 €"
3418|Oboles de Lucerne, emmenthal suisse, biscuits apéritifs|Le paquet de 100g|[Origine : FRANCE, L'obole de Lucerne est née d'une recette artisanale helvétique datant de 1877. Confectionnées à partir d'ingrédients rigoureusement sélectionnés, ces gaufrettes sont extrêmement légères, incomparables de finesse, de saveur et de croustillant. La recette à l'emmenthal est la version originale de cette spécialité helvétique. Vous apprécierez également les oboles de Lucerne au cumin des prés tout comme celle au pavot., Farine de froment, huiles végétales partiellement hydrogénées (soja, colza), fromage d'Emmental 7%, sel, sucre, Emmental en poudre (émulsifiants : orthophosphate de sodium, polyphosphate sodique), farine de pomme de terre, émulsifiant : lécithine desoja, épices.]|"
51,20€ / Kg"|"
5,12 €"
3419|Paprika précieux doux|Le pot de 75g|[Origine : FRANCE, Cette poudre écarlate, issue d'une variété de piment doux, est originaire d'Amérique du Sud. Introduite en Europe par Christophe Colomb, cette épice est très appréciée en Europe centrale où elle a donné son nom  à un plat traditionnel : le paprikachd'agneau. Elle est  également l'épice principale de la goulash. Ce mélange précieux doux est élaboré  à partir de la pulpe de piments séchés puis moulue. Il apportera une touche colorée et épicée à vos plats sans les rendre brûlants pour autant., Peut contenir des traces de gluten, sésame, moutarde, céleri et sulfites.]|"
61,87€ / Kg"|"
4,64 €"
3420|Pâté Gascon, foie gras de canard|Le pot de 180g|[Origine : FRANCE, Servir frais., Gras de porc, bloc de foie gras de canard (foie gras de canard 20%, eau, Porto, sel, sucre, épices), viande et gras de canard fermier des Landes, foie de volaille, assaisonnement (Armagnac, Porto, sel, épices), amidon transformé de maïs, oeufs, lactoprotéines. Sans colorant, sans conservateur., A conserver au frais après ouverture.]|"
45,72€ / Kg"|"
8,23 €"
3421|Persil|Le pot de 10g|[Origine : FRANCE, Dans l'antiquité, le persil était utilisé par les grecs pour couronner les vainqueurs. Son arôme subtile et sa saveur délicate en font l'une des herbes aromatiques les  plus employées., Cuit ou cru, il a la réputation d'exciter l'appétit et de faciliter la digestion. Il constitue l'ingrédient principal de tout bouquet garni et relève vinaigrettes, mayonnaises et omelettes., Persil]|"
427,00€ / Kg"|"
4,27 €"
3422|Piment d'Espelette AOC|Le flacon de 62g|[Origine : FRANCE]|"
209,23€ / Kg"|"
13,60 €"
3423|Poivre blanc en grains|Le pot de 80g|[Origine : FRANCE, Moudre les grains au dernier moment permet de découvrir, intacts, les arômes raffinés du poivre blanc., Poivre blanc en grains. Peut contenir des traces de gluten, sésame, moutarde, céleri et sulfites.]|"
85,00€ / Kg"|"
6,80 €"
3424|Poivre noir en grains|Le flacon de 75g|[Origine : FRANCE, Le poivre pousse  en grappes, sur des lianes  grimpantes.  Pour obtenir du poivre noir, les graines sont récoltées vertes, avant maturité, puis sont mises à sécher au soleil plusieurs jours. Les grains verts se fripent et prennent leur couleur finale: ils sont devenus poivres noirs.  Ils sont ensuite triés et calibrés., Moudre les grains au dernier moment permet de découvrir, intacts, les arômes puissants du poivre noir., Peut contenir des traces de gluten, sésame, moutarde, céleri et sulfites.]|"
68,53€ / Kg"|"
5,14 €"
3425|Poivres et baies|Le flacon de 55g|[Origine : FRANCE, Ce mélange de poivres et de baie est une composition colorée et parfumé dans laquelle les saveurs se complètent et se révèlent. Vous y retrouverez le fruité du poivre vert, la force du poivre noir, la finesse du poivre blanc, la douceur des baies roses et la chaleur du piment de la Jamaïque., Entières, ces baies parfumeront les court-bouillon et marinades. Moulues elles relèveront les viandes rouges., Poivre blanc, poivre noir, piment de la Jamaïque, baie rose, poivre vert.]|"
115,09€ / Kg"|"
6,33 €"
3426|Quatre épices|Le pot de 65g|[Origine : FRANCE, Le mélange Quatre épices est composé de cannelle, de clous de girofle, de poivre noir et de muscade. Cette association allie délicatement les parfums doux et enivrants de la cannelle, l'exotisme du clou de girofle, la puissance du poivre noir et la douce chaleur de la noix de muscade., Vous en saupoudrerez vos marinades et terrines et vous l'utiliserez pour parfumer les légumes secs et les pommes de terre.Ingrédients : cannelle, noix de muscade, clous de girofle, poivre., Ingrédients : cannelle, noix de muscade, clous de girofle, poivre.]|"
60,15€ / Kg"|"
3,91 €"
3427|Ras el hanout|Le flacon de 70g|[Origine : FRANCE, Il relève agréablement les tajines, les pastillas, les couscous, comme les pâtisseries orientales à base de miel., Coriandre, curcuma, carvi, cumin, sel, piment fort, farine de riz, fenugrec, fenouil, ail, mélange d'épices. Peut contenir des traces de gluten, sésame, moutarde, céleri et sulfites.]|"
51,57€ / Kg"|"
3,61 €"
3428|Rillettes de canard, canard fermier des Landes|La verrine de 180g|[Origine : FRANCE, Servir frais., Viande et gras de canard fermier des Landes, sel de Guérande, jus de cuisson, ail, poivre, échalote. Sans colorant, sans conservateur., Valeur énergétique en Joules :  0, Valeur énergétique en Kcal : 0, Glucides : 0, Lipides : 0, Protides :0, A conserver au frais après ouverture.]|"
37,50€ / Kg"|"
6,75 €"
3429|Romarin|Le pot de 35g|[Origine : FRANCE, Le romarin tire son nom du latin ros marinus qui signifie rosée de mer. Originaire du bassin méditerranéen, le romarin est connu depuis l'Antiquité. Les étudiants grecs en  portaient  des couronnes pour stimuler leur intellect. Le romarin a une saveur piquante et  parfumée assez prononcée., Il s'incorpore aux soupes, farces, sauces et marinades. Il aromatise de son goût légèrement camphré les viandes rôties telles que l'agneau ou le porc., Romarin]|"
126,57€ / Kg"|"
4,43 €"
3430|Safran en filaments|Le bocal de 8 doses de 0,1g|[Origine : FRANCE, Le safran est l'épice la plus précieuse. Il donne aux mets cette saveur inimitable de champignon légèrement amère, à la fois boisée et fruitée., Indispensable à l'élaboration de la paëlla ou du risotto à la milanaise, il parfume tout aussi agréablement les préparations à base de fruits de mer.]|"
1602,50€ / Kg"|"
12,82 €"
3431|Safran en poudre|Le flacon de 8 capsules de 0,1g|[Origine : FRANCE, Peut contenir des traces de gluten, sésame, moutarde, céleri et sulfites.]|"
15775,00€ / Kg"|"
12,62 €"
3432|Sel au céleri|Le pot de 140g|[Origine : FRANCE, Utilisé pour parfumer les jus de légumes et plus spécifiquement le jus de tomate. Il apporte une saveur agréable aux oeufs sur le plat, aux carottes à l'étuvée tout comme aux recettes à base de poisson., Sel, céleri 19%. Peut contenir des traces de gluten, sésame, moutarde et sulfites.]|"
27,21€ / Kg"|"
3,81 €"
3433|Sésame blanchi|Le pot de 80g|[Origine : FRANCE, A utiliser pour égayer vos recettes de pains, de brioches ou toutes autres préparations selon vos envies., Sésame. Peut contenir des traces de gluten, moutarde, céleri et sulfites.]|"
43,75€ / Kg"|"
3,50 €"
3434|Tapenade|Le pot de 100g|[Origine : FRANCE, olives noires pilées 85%, (olives noires, huile de colza), câpres, moutarde (eau, graines de moutarde, vinaigre, sel, conservateur : bisulfite de sodium), anchois, cognac fine champagne, sucre, plantes aromatiques, épaississant (protéine de lait), poivre. Contient de gluten et des sulfites. Conserver au frais après ouverture.]|"
43,30€ / Kg"|"
4,33 €"
3435|Tomates séchées à l'huile d'olive|Le pot de 200g|[Origine : FRANCE, Ces tomates allongées ont été séchées sous le soleil du sud de l'Italie. Réhydratés dans un court-bouillon aromatisé, elles sont rangées à la main puis confites dans un mélange d'huiles et d'herbes de Provence., A conserver au frais entre 0 et 4°C après ouverture.]|"
51,55€ / Kg"|"
5,67 €"
3436|Bruschetta alla siciliano|Le pot de 200g|[Origine : ITALIE, Sauce pesto aux tomates cerise séchées et basilic., Tomates cerise séchées et hachées 70%, huile de graines de tournesol, basilic 2%, sel, ail, piment 1%. Acidifiant : acide citrique. Antioxydant : acide ascorbique.]|"
25,50€ / Kg"|"
5,10 €"
3437|Condimento invecchiato|La bouteille de 250ml|[Origine : ITALIE, Avec doseur en verre., Moût de raisin cuit, vinaigre balsamique de Modène vieilli 35% (vinaigre de vin, moût de raisin cuit concentré, colorant : caramel). Contient des sulfites., Valeur énergétique en Joules :  948Kj, Valeur énergétique en Kcal : 223Kcal, Glucides : 54,5g, Lipides : 0g]|"
70,00€ / L"|"
17,50 €"
3438|Huile extravergine di oliva|La bouteille de 750ml|[Origine : ITALIE, Fruité délicat. Récolte 2013/2014., Idéale pour assaisonner poissons, viandes blanches, pâtes., Huile d'olive de catégorie supérieure obtenue directement des olives et uniquement par procédés mécaniques. Règ. CE n°123/97. Certificat d'un organisme de contrôle agréé par le MIPAAF., Valeur énergétique en Joules :  3700Kj, Valeur énergétique en Kcal : 900Kcal, Glucides : 0g, Lipides : 100g, Protides :0g]|"
31,57€ / L"|"
23,68 €"
3439|Huile extra vergine di oliva|La bouteille de 500ml|[Origine : ITALIE, Fruité médium., Idéale pour assaisonner salades, mozzarella, viandes blanches, soupes, pâtes., Huile d'olive de catégorie supérieure obtenue directement des olives et uniquement par procédés mécaniques. Huile extraite en Italie d'olives cultivées en Italie., Valeur énergétique en Joules :  3700Kj, Valeur énergétique en Kcal : 900Kcal, Glucides : 0g, Lipides : 100g, Protides :0g]|"
17,28€ / L"|"
8,64 €"
3440|Huile toscano (olio extravergine di oliva)|La bouteille de 500ml|[Origine : ITALIE, Fruité intense., Idéale pour assaisonner viandes grillées, bruschetta, soupes., Huile d'olive de catégorie supérieure obtenue directement des olives et uniquement par procédés mécaniques. Certificat d'un organisme de contrôle agréé par le MIPAAF., Valeur énergétique en Joules :  3700Kj, Valeur énergétique en Kcal : 900Kcal, Glucides : 0g, Lipides : 100g, Protides :0g]|"
32,94€ / L"|"
16,47 €"
3441|Pâtes Farfalle|Le paquet de 500g|[Origine : ITALIE, Les pâtes italiennes de Campanie : un tréfilage au bronze pour une texture rugueuse qui se lie parfaitement à toutes les sauces. Avec le meilleur du blé dur italien. Academia Barilla a une mission : défendre, développer et promouvoir les produits quiont donné ses lettres de noblesse à la cuisine italienne. A commencer par les pâtes, symbole de la tradition culinaire italienne dans le monde., Cuisson : 12 minutes., Semoule de blé dur, eau., Valeur énergétique en Joules :  1521Kj, Valeur énergétique en Kcal : 359Kcal, Glucides : 69,2g, Lipides : 2g, Protides :14,5g, Conserver dans un endroit frais et sec.]|"
5,12€ / Kg"|"
2,56 €"
3442|Pâtes Fusilli|Le paquet de 500g|[Origine : ITALIE, Les pâtes italiennes de Campanie : un tréfilage au bronze pour une texture rugueuse qui se lie parfaitement à toutes les sauces. Avec le meilleur du blé dur italien. Academia Barilla a une mission : défendre, développer et promouvoir les produits quiont donné ses lettres de noblesse à la cuisine italienne. A commencer par les pâtes, symbole de la tradition culinaire italienne dans le monde., Cuisson : 12 minutes., Semoule de blé dur, eau., Valeur énergétique en Joules :  1521Kj, Valeur énergétique en Kcal : 259Kcal, Glucides : 69,2g, Lipides : 2g, Protides :14,5g, Conserver dans un endroit frais et sec.]|"
5,12€ / Kg"|"
2,56 €"
3443|Pâtes Linguine|Le paquet de 500g|[Origine : ITALIE, Les pâtes italiennes de Campanie : un tréfilage au bronze pour une texture rugueuse qui se lie parfaitement à toutes les sauces. Avec le meilleur du blé dur italien. Academia Barilla a une mission : défendre, développer et promouvoir les produits quiont donné ses lettres de noblesse à la cuisine italienne. A commencer par les pâtes, symbole de la tradition culinaire italienne dans le monde., Cuisson : 8 minutes., Semoule de blé dur, eau., Valeur énergétique en Joules :  1521Kj, Valeur énergétique en Kcal : 359Kcal, Glucides : 69,2g, Lipides : 2g, Protides :14,5g, Conserver dans un endroit frais et sec.]|"
5,12€ / Kg"|"
2,56 €"
3444|Pâtes Orecchiette|Le paquet de 500g|[Origine : ITALIE, Les pâtes italiennes de Campanie : un tréfilage au bronze pour une texture rugueuse qui se lie parfaitement à toutes les sauces. Avec le meilleur du blé dur italien. Academia Barilla a une mission : défendre, développer et promouvoir les produits quiont donné ses lettres de noblesse à la cuisine italienne. A commencer par les pâtes, symbole de la tradition culinaire italienne dans le monde., Cuisson : 13 minutes., Semoule de blé dur, eau., Valeur énergétique en Joules :  1521Kj, Valeur énergétique en Kcal : 359Kcal, Glucides : 69,2g, Lipides : 2g, Protides :14,5g, Conserver dans un endroit frais et sec.]|"
5,12€ / Kg"|"
2,56 €"
3445|Pâtes Penne|Le paquet de 500g|[Origine : ITALIE, Les pâtes italiennes de Campanie : un tréfilage au bronze pour une texture rugueuse qui se lie parfaitement à toutes les sauces. Avec le meilleur du blé dur italien. Academia Barilla a une mission : défendre, développer et promouvoir les produits quiont donné ses lettres de noblesse à la cuisine italienne. A commencer par les pâtes, symbole de la tradition culinaire italienne dans le monde., Cuisson : 10 minutes., Semoule de blé dur, eau., Valeur énergétique en Joules :  1521Kj, Valeur énergétique en Kcal : 359Kcal, Glucides : 69,2g, Lipides : 2g, Protides :14,5g, Conserver dans un endroit frais et sec.]|"
5,12€ / Kg"|"
2,56 €"
3446|Pâtes Rigatoni|Le paquet de 500g|[Origine : ITALIE, Les pâtes italiennes de Campanie : un tréfilage au bronze pour une texture rugueuse qui se lie parfaitement à toutes les sauces. Avec le meilleur du blé dur italien. Academia Barilla a une mission : défendre, développer et promouvoir les produits quiont donné ses lettres de noblesse à la cuisine italienne. A commencer par les pâtes, symbole de la tradition culinaire italienne dans le monde., Cuisson : 13 minutes., Semoule de blé dur, eau., Valeur énergétique en Joules :  1521Kj, Valeur énergétique en Kcal : 359Kcal, Glucides : 69,2g, Lipides : 2g, Protides :14,5g, Conserver dans un endroit frais et sec.]|"
5,12€ / Kg"|"
2,56 €"
3447|Pesto alla genovese|Le pot de 135g|[Origine : ITALIE, Sauce pesto au basilic., Basilic frais 44%, huile d'olive extra vierge 20%, huile de graines de tournesol, noix de cajou, pignons 5%, fromage Parmigiano Reggiano AOP, lait entier en poudre, sel, ail, vinaigre de vin, fructose, correcteurs d'acidité : acide lactique et acidecitrique.]|"
21,70€ / Kg"|"
5,10 €"
3448|Spaghetti|Le paquet de 500g|[Origine : ITALIE, Les pâtes italiennes de Campanie : un tréfilage au bronze pour une texture rugueuse qui se lie parfaitement à toutes les sauces. Avec le meilleur du blé dur italien. Academia Barilla a une mission : défendre, développer et promouvoir les produits quiont donné ses lettres de noblesse à la cuisine italienne. A commencer par les pâtes, symbole de la tradition culinaire italienne dans le monde., Cuisson : 11 minutes., Semoule de blé dur, eau., Valeur énergétique en Joules :  1521Kj, Valeur énergétique en Kcal : 359Kcal, Glucides : 69,2g, Lipides : 2g, Protides :14,5g, Conserver dans un endroit frais et sec.]|"
5,12€ / Kg"|"
2,56 €"
3449|Vinaigre balsamique di modena|La bouteille de 500ml|[Origine : ITALIE, Idéal pour salades, condiments et marinades., Vinaigre de vin, moût de raisin cuit concentré, colorant : caramel. Acidité : 6%. Contient des sulfites., Valeur énergétique en Joules :  709Kj, Valeur énergétique en Kcal : 167Kcal, Glucides : 40,3g, Lipides : 0g, Protides :0g]|"
14,20€ / L"|"
7,10 €"
3450|Confit figue du soleil|Le pot de 110g|[Origine : FRANCE, Rehausseur de goût, accompagne les foies gras, cuits ou crus, viandes et volailles. Meilleur à température ambiante., Figues 38%, sucre, oignons, vin rouge, vinaigre d'alcool, vinaigre balsamique, eau, sel, gélifiant : pectine de fruits, épices et aromates., Valeur énergétique en Joules :  611kj, Valeur énergétique en Kcal : 144kcal, Glucides : 34,6g, Lipides : 0g, Protides :0,8g, A conserver au frais après ouverture.]|"
18,64€ / Kg"|"
2,05 €"
3451|Confit oignon au miel de Corse|Le pot de 110g|[Origine : FRANCE, Oignons 53%, sucre, vinaigre d'alcool, miel de Corse 5%,, vinaigre balsamique (sulfites), vin blanc, vin rouge, sel, gélifiant : pectine de fruit, poivre blanc, piment de Cayenne., Valeur énergétique en Joules :  634kj, Valeur énergétique en Kcal : 148kcal, Glucides : 36,2g, Lipides : 0g, Protides :0,6g, A conserver au frais après ouverture.]|"
18,64€ / Kg"|"
2,05 €"
3452|Confit poivre rouge aux baies de myrte|Le pot de 110g|[Origine : FRANCE, Se déguste à l'apéritif ou en entrée et accompagne les viandes froides. Meilleur à température ambiante., Poivrons rouges 44%, sucre, concentré de tomate, vinaigre d'alcool, vinaigre de vin, oignons, gélifiant : pectine de fruit, baies de myrte broyées 0,2%, épices et aromates., Valeur énergétique en Joules :  588kj, Valeur énergétique en Kcal : 139kcal, Glucides : 31,5g, Lipides : 0g, Protides :1,3g, A conserver au frais après ouverture.]|"
18,64€ / Kg"|"
2,05 €"
3453|Terrine à la châtaigne|La verrine de 95g|[Origine : FRANCE, Valeur énergétique en Joules :  1234kj, Valeur énergétique en Kcal : 298kcal, Glucides : 7,2g, Lipides : 24,8g, Protides :11,3g]|"
30,21€ / Kg"|"
2,87 €"
3454|Terrine au figatellu et à l'eau de vie|La verrine de 95g|[Origine : FRANCE, Valeur énergétique en Joules :  1582kj, Valeur énergétique en Kcal : 383kcal, Glucides : 3g, Lipides : 35,6g, Protides :12,7g]|"
32,42€ / Kg"|"
3,08 €"
3455|Terrine de sanglier à l'eau de vie|La verrine de 95g|[Origine : FRANCE, Valeur énergétique en Joules :  1399kj, Valeur énergétique en Kcal : 338kcal, Glucides : 1,9g, Lipides : 30,9g, Protides :13,2g]|"
32,42€ / Kg"|"
3,08 €"
3456|Terrine du berger au brocciu et à la menthe|La verrine de 95g|[Origine : FRANCE, Valeur énergétique en Joules :  1239kj, Valeur énergétique en Kcal : 299kcal, Glucides : 2,2g, Lipides : 26,8g, Protides :12,2g]|"
32,42€ / Kg"|"
3,08 €"
3457|Sésame Halva sans sucre, biscuits|Le paquet de 275g|[Origine : FRANCE, Graines de sésame, maltitol, huile végétale, agent levant, vanille naturelle identical., Valeur énergétique en Joules :  110kj, Valeur énergétique en Kcal : 70kcal, Glucides : 14g, Lipides : 0g, Protides :2g]|"
15,53€ / Kg"|"
4,27 €"
3458|Gombos au naturel okra|la boîte de 880g|[Origine : ISRAEL, Gombos, tomates, eau, sel, acide citrique., Valeur énergétique en Joules :  168kj, Valeur énergétique en Kcal : 40kcal, Glucides : 7g, Lipides : 0g, Protides :1,5g]|"
4,89€ / Kg"|"
4,30 €"
3459|Piments forts cacher|La boîte de 540g|[Origine : FRANCE, Piments forts, eau, sel, vinaigre.     Sans conservateur., Valeur énergétique en Joules :  0kj, Valeur énergétique en Kcal : 20kcal, Glucides : 5g, Lipides : 0,1g, Protides :0,9g]|"
5,06€ / Kg"|"
2,73 €"
3460|Soupe saveur poulet|Le pot de 66g|[Origine : FRANCE, Valeur énergétique en Joules :  0kj, Valeur énergétique en Kcal : 300kcal, Glucides : 41g, Lipides : 13g, Protides :5g]|"
25,76€ / Kg"|"
1,70 €"
3461|Câpres au vinaigre|Le pot de 210g|[Origine : FRANCE, Câpres, eau, sel, vinaigre.]|"
21,36€ / Kg"|"
2,67 €"
3462|Cocktail d'olives|Le bocal de 720g|[Origine : FRANCE, Olives, eau, sel., Réfrigérer après ouverture.]|"
5,57€ / Kg"|"
3,90 €"
3463|Variantes|Le bocal de 720g|[Origine : FRANCE, Carottes, cornichons, céleri, tomates vertes, oignons, poivrons rouges, navets, eau, vinaigre, sel, conservateur : sulfites., Réfrigérer après ouverture.]|"
5,23€ / Kg"|"
3,66 €"
3464|Mini soup croutons|Le pot de 400g|[Origine : ISRAEL, Farine de blé (contient du gluten), huile végétal (tournesol et/ou palme), sel, sucre, épices., Valeur énergétique en Joules :  0kj, Valeur énergétique en Kcal : 485kcal, Glucides : 54g, Lipides : 25g, Protides :11g]|"
8,10€ / Kg"|"
3,24 €"
3465|Mayonnaise|Le pot de 245g|[Origine : FRANCE, Huile végétale, jaune d'oeuf, moutarde (graines de moutarde, vinaigre, eau, sel marin), vinaigre, sel, aromates., Conserver au réfrigérateur après ouverture et consommer dans le mois.]|"
13,50€ / Kg"|"
3,24 €"
3466|bougie de 26 heures|La bougie de 85g|[Origine : FRANCE, Ne jamais laisser bruler une bougie sans surveillance.]|"
12,71€ / Kg"|"
1,08 €"
3467|Air bis barbecue|Le sachet de 60g|[Origine : ISRAEL, Valeur énergétique en Joules :  0kj, Valeur énergétique en Kcal : 449kcal, Glucides : 69,6g, Lipides : 17,3g, Protides :9,3g]|"
21,50€ / Kg"|"
1,29 €"
3468|Bagels au sésame, petits pains spéciaux nature|Le sachet de 4 soit 340g|[Origine : FRANCE, Valeur énergétique en Joules :  1163kj, Valeur énergétique en Kcal : 275kcal, Glucides : 50g, Lipides : 2,7g, Protides :11,5g]|"
9,97€ / Kg"|"
3,39 €"
3469|Bkaïla épinards frits|Le pot de 300g|[Origine : FRANCE]|"
23,17€ / Kg"|"
6,95 €"
3470|Cake au chocolat|Le paquet de 450g|[Origine : ISRAEL, Sucres, farine de blé (contient du gluten), oeufs, graisses végétales, produits émulsifiants, poudre de cacao, ferments, stabilisants, produits aromatisants, sel agent conservateur., Valeur énergétique en Joules :  0kj, Valeur énergétique en Kcal : 397kcal, Glucides : 52g, Lipides : 18g, Protides :6g]|"
11,45€ / Kg"|"
4,58 €"
3471|Choucroute nature|Le pot de 940g|[Origine : FRANCE, Chou, eau, sel, régulateur d'acidité : acide citrique., Réfrigérer après ouverture.]|"
3,42€ / Kg"|"
3,08 €"
3472|Citrons confits|Le bocal de 400g|[Origine : FRANCE, Citrons, sel, acide citrique, eau.]|"
11,50€ / Kg"|"
4,83 €"
3473|Concombre aigre doux cacher|Le bocal de 860g|[Origine : FRANCE, Concombres, eau, vinaigre, oignons, aneth, sucre, sel, graines de moutarde, épices.    Sans colorant, ni conservateur., Réfrigérer après ouverture.]|"
5,95€ / Kg"|"
5,12 €"
3474|Concombres au sel|La boîte de 540g|[Origine : ISRAEL, 7-9 pièces., Concombres sélectionnés, eau, sel, vinaigre, épices. Sans conservateur., Valeur énergétique en Joules :  0kj, Valeur énergétique en Kcal : 12kcal, Glucides : 2g, Lipides : 0g, Protides :1g]|"
4,93€ / Kg"|"
2,66 €"
3475|Cornichons fins au vinaigre cacher|La boîte de 340g|[Origine : ISRAEL, Cornichons, vinaigre, sel, graines de moutarde, épices., Réfrigérer après ouverture.]|"
7,95€ / L"|"
2,94 €"
3476|Crakers triangles au sésame|Le sachet de 400g|[Origine : FRANCE]|"
8,73€ / Kg"|"
3,49 €"
3477|Crème de foie de volaille|Le pot de 180g|[Origine : ISRAEL, Graisse d'oie, foie de volaille, eau, oeufs, protéines végétales, sel, poivre noir, antioxygène : acide ascorbique, conservateur : sel nitrité., A conserver au frais après ouverture.]|"
40,89€ / Kg"|"
7,36 €"
3478|Croutons cacher pour salade|La boîte de 250g|[Origine : ISRAEL, Farine de blé (contient du gluten), huile végétale (huile de coton et/ou huile de palme et/ou huile de soja), levure, sel, émulsifiant : E401, conservateurs : E282, E202, farine de soja, acide alimentaire : E330, légumes déshydratés, épices, antioxydants : E321, E300, E319., Valeur énergétique en Joules :  0kj, Valeur énergétique en Kcal : 407kcal, Glucides : 70,5g, Lipides : 8,6g, Protides :11,9g]|"
16,75€ / Kg"|"
3,35 €"
3479|Feuilles de vignes farcies au riz|La boîte de 400g|[Origine : ISRAEL, Feuilles de vigne, riz, oignons, huile végétale, acide citrique (E330), sel, eau, épices., A conserver au froid après ouverture.]|"
7,20€ / Kg"|"
2,88 €"
3480|Grains de tournesol grillées et salées, mehadrin|Le paquet de 250g|[Origine : FRANCE, Danger d'étouffement pour les enfants de moins de 5 ans., Graines de tournesol, sel., Valeur énergétique en Joules :  0kj, Valeur énergétique en Kcal : 295kcal, Glucides : 7g, Lipides : 24g, Protides :13g]|"
12,32€ / Kg"|"
3,08 €"
3481|Harissa maison|Le pot de 230g|[Origine : FRANCE, Piment, eau, ail, sel.]|"
10,70€ / Kg"|"
2,46 €"
3482|Moutarde de Dijon extra forte au vinaigre|Le pot de 370g|[Origine : ISRAEL, Eau, graines de moutarde, vinaigre d'alcool Kasher Pessah (18%), sel, antioxygène : disulfite de potassium, acidifiant : acide citrique Kasher Pessah., A conserver au frais après ouverture.]|"
9,47€ / Kg"|"
3,76 €"
3483|Olives vertes dénoyautées|La boîte de 275g|[Origine : FRANCE, Olives, eau, sel, vinaigre, épices. Sans conservateur., Valeur énergétique en Joules :  0kj, Valeur énergétique en Kcal : 158kcal, Glucides : 3,3g, Lipides : 15,5g, Protides :1,2g]|"
12,41€ / Kg"|"
3,35 €"
3484|Piments de Grèce|Le bocal de 650g|[Origine : FRANCE, Poivrons grecs, eau, sel, acide citrique, vinaigre., A conserver au froid après ouverture.]|"
4,74€ / Kg"|"
3,08 €"
3485|Pita|Le sachet de 5 soit 400g|[Origine : ISRAEL, Réchauffer 2 mn au four à 200°C ou au grill pain ou encore quelques secondes au micro ondes à puissance maximale. Garnir ou tartiner selon vos envies : salade, viande, poisson, fromage., Farine de blé, eau, sucre, sel, levure, conservateur : propionate de calcium. Contient du gluten.]|"
7,38€ / Kg"|"
2,95 €"
3486|Poivrons farcies au riz|Le bocal de 400g|[Origine : ISRAEL, Poivrons, riz, oignons, huile de tournesol, tomates, eau, sel, acide citrique (E330), épices., A conserver au froid après ouverture.]|"
8,48€ / Kg"|"
3,39 €"
3487|Poivrons rouges gillés entiers|Le bocal de 540g|[Origine : FRANCE, Poivrons rouges, eau, ail, acide citrique, sel., Après ouverture, conserver au froid.]|"
6,46€ / Kg"|"
3,49 €"
3488|Poivrons rouges grillés en lamelles|Le bocal de 540g|[Origine : FRANCE]|"
7,02€ / Kg"|"
3,79 €"
3489|Ravioli à la viande|La boîte de 800g|[Origine : ISRAEL, Sauce : eau, double concentré de tomate (4.7%), viande de boeuf 3.5% (B. Din Strasbourg Rav Szmerla), oignons, amidon modifié, sucre, sel, carottes, céleri, épices, ail. Pâte : semoule de blé dur, d'oeufs, eau. Farce : viande de boeuf 4% (B. Din Strasbourg Rav Szmerla), chapelure, huile de colza, sel, épices, extrait d'épices. Viande mise en oeuvre : 7.5% du poids net total.]|"
5,14€ / Kg"|"
4,11 €"
3490|Sesame crunchies, cacahuètes enrobées de croustillant au sésame|Le paquet de 250g|[Origine : ISRAEL, Danger d'étouffement pour les enfants de moins de 5 ans., Farine (contient du gluten), cacahuète, sucre, amidon modifié (E1422), sel, glucose, sésame. Contient du gluten, cacahuètes, sésame., Valeur énergétique en Joules :  0kj, Valeur énergétique en Kcal : 465kcal, Glucides : 64g, Lipides : 17g, Protides :14g]|"
11,32€ / Kg"|"
2,83 €"
3491|Super sticks, biscuits apéritif|Le sachet de 150g|[Origine : FRANCE, Farine de froment, graisses végétales, malt, sel, levure.]|"
12,00€ / Kg"|"
1,80 €"
3492|Tomates séchées à l'huile|Le pot de 300g|[Origine : FRANCE, Tomates séchées, huile de tournesol, sel, ail, épices, acide citrique (E330)., A conserver au froid après ouverture.]|"
12,45€ / Kg"|"
4,11 €"
3493|Guacamole, purée d'avocats finement épicée|Le pot de 320g|[Origine : EL SALVADOR, Avocats crémeux finement épicés, tomates juteuses et délicieux petits oignons. A l'apéritif, dippez vos Tortillas Chips dans notre Guacamole Old El Paso, et à table, garnissez tous vos plats préférés., Avocat (26%), pois, eau, tomate en morceaux, oignons, purée d'ail, amidon modifié de maïs, piment Jalapeno réhydraté, émulsifiant : glycérol, sel, sirop de glucose déshydraté, correcteur d'acidité : glucono-delta-lactone, épices (0,3%), sucre, dextrose, arôme avocat, jus de citron concentré, herbes, exhausteur de goût : glutamate monosodique, correcteur d'acidité : acide citrique, antioxydant : acide ascorbique, émulsifiant : methylcellulose, ail en poudre, arôme citron, stabilisant : gomme guar, gomme xanthane, colorant : jaune de quinoléine, bleu brillant FCF, huile végétale., Valeur énergétique en Joules :  362,4Kj, Valeur énergétique en Kcal : 86Kc, Glucides : 8,5g, Lipides : 4,8g, Protides :2,3g, A conserver dans un endroit frais et sec. Après ouverture, peut être conservé une semaine au réfrigérateur.]|"
10,28€ / Kg"|"
3,29 €"
3494|Guacamole finement épicé|Le flacon de 295g|[Origine : ESPAGNE, Sauce d'accompagnement à l'avocat., Bien agiter avant emploi., Eau, avocat (14%), tomates, oignons, fromage frais, crème, amidon modifié de maïs, huile de colza, flocons de pomme de terre (contient des sulfites), farine de blé, purée d'ail (contient des sulfites), extrait de lactosérum, lactosérum en poudre, sel, épices (paprika, poivre de Cayenne, cumin, coriandre, poivre noir, gingembre), jus de citron vert concentré (contient de sulfites), sucre, sirop de glucose déshydraté, correcteur d'acidité : glucono-delta-lactone, acide citrique, piment Jalapeno déshydraté, herbes, dextrose, antioxydant : acide ascorbique, colorants : complexe cuivre-chlorophyllines, lutéine, extrait de levure, caséinate, ail en poudre. Produits allergènes : contient des ingrédients à base de lait, blé et sulfites., Valeur énergétique en Joules :  400Kj, Valeur énergétique en Kcal : 96Kcal, Glucides : 7,4g, Lipides : 6,3g, Protides :1,3g, A conserver dans un endroit frais et sec. Après ouverture, à conserver au réfrigérateur et à consommer dans les 14 jours.]|"
10,44€ / Kg"|"
3,08 €"
3495|Kit pour burritos original doux|Le paquet de 510g|[Origine : MEXIQUE, Retrouvez votre recette de Burrito Original et réchauffez vos soirées en famille ou entre amis.Au menu : boeuf légèrement épicé, tomates fraîches, laitue croquante, fromage fondant et sauce savoureuse : le tout roulé dans une tortilla moelleuse bienchaude., Ce kit contient 8 tortillas de blé nature, 1 mélange d'épice pour Burritos Original, 1 sauce Original Salsa, prêt en 15 minutes pour 3-4 personnes. Ajoutez simplement : 500g de boeuf haché, 2  tomates, 1 salade, 125g de fromage râpé. Préparez la garniture et lancez la cuisson. Réchauffez les tortillas. Au four micro-ondes (900W) : percez le sachet en plastique et placez-le au micro-ondes pendant 1 minute. Au four traditionnel : préchauffez votre four à 180°C (th6). Sortez les tortillas du sachet en plastique et enveloppez-les dans un papier d'aluminium. Placez-les dans le four et faites chauffer pendant 10 minutes. Garnissez, pliez et c'est prêt !, Tortillas de blé souples (326g): farine de blé (59%), eau, huile végétale, stabilisant: glycérol, poudre à lever: carbonate acide de sodium, diphosphate disodique, émulsifiant: mono- et diglycérides d'acides gras, dextrose, sel, conservateur: sorbatede potassium. Sauce original salsa (144g): tomates (61%), oignons (16%), poivrons verts (10%), concentré de tomates, sel, vinaigre, copeaux d'oignons déshydratés, sucre, oignon en poudre, jus de citron concentré, piment Guajillo, ail en poudre, épices, correcteur d'acidité: acide citrique. Mélange d'épices pour Burritos (40g): haricots rouges en poudre, légumes déshydratés (oignon, paprika, ail), amidon de pomme de terre, épices (11,6%) (piment, paprika, cumin, poivre noir), sel, sirop de glucose déshydraté, extrait de levure, arôme, sucre, correcteur d'acidité: acide citrique, colorant: betterave rouge, extrait d'épice (paprika), origan. Contient des ingrédients à base de blé., Conservez dans un endroit frais et sec. Conditionnées sous atmosphère protectrice.]|"
11,69€ / Kg"|"
5,96 €"
3496|Kit pour crousti fajita avec chapelure croustillante|La boîte de 555g|[Origine : FRANCE, Envie d'une soirée qui croustille? Avec leur sac shaker, les Crousti' Fajitas Old El Paso et leurs délicieuses lamelles de poulet panées, dorées au four, vont faire craquer les gourmands., Ce kit contient  8 tortillas de blé nature, 1 assaisonnement pour Crouti' Fajitas, 1 sauce Original Sala et 1 sac shaker. Ajoutez simplement ! 500g de blancs de poulet, 1 salade, 2 tomates, 1 pot de crème fraîche. Préparez la garniture et lancez la cuisson. Réchauffez les tortillas. Au four micro-ondes (900W) : percez le sachet en plastique et placez-le au micro-ondes pendant 1 minute. Au four traditionnel : préchauffez votre four à 180°C (th6). Sortez les tortillas du sachet en plastique et enveloppez-les dans un papier d'aluminium. Placez-les dans le four et faites chauffer pendant 10 minutes. Garnissez, pliez et c'est prêt !, Tortillas de Blé souples (326g) : farine de blé (59%), eau, huile végétale, stabilisant : glycérol, poudre à lever : carbonate acide de sodium, diphosphate disodique,  émulsifiant : mono- et diglycérides d'acides gras, dextrose, sel, conservateur : sorbate de potassium. Sauce Original Salsa (144g) : tomates (61%), oignons, poivrons verts (10%), concentré de tomates, sel, vinaigre, copeaux d'oignon déshydraté, sucre, oignon en poudre, jus de citron concentré, piment Guajillo, ail en poudre, épices, correcteur d'acidité : acide citrique. Chapelure assaisonnée (85g) : chapelure (farine de blé, son, levure, sel, colorant : annatto, extrait de paprika), sel, arômes, épices (3,5%) (paprika, poivre noir), oignon déshydraté, extrait de levure. Contient des ingrédients à base de blé., Valeur énergétique en Joules :  180,4kj, Valeur énergétique en Kcal : 43,2kc, Glucides : 9g, Lipides : 0,5g, Protides :1,6g, Conservez dans un endroit frais et sec. Conditionnées sous atmosphère protectrice.]|"
10,49€ / Kg"|"
5,82 €"
3497|Kit pour Enchiladas|La boîte de 657g|[Origine : MEXIQUE, Qui pourrait résister à un bon plat d'Enchiladas 'fait maison', tout juste sorti du four? Faîtes le test: réunissez vos proches et initiez-les aux saveurs mexicaines! Des morceaux de poulet bien tendres nappés d'une délicieuse sauce à la tomate et defromage fondant. Le tout enrobé dans des tortillas de maïs et gratiné à souhait  Il y a de quoi fondre! Enchiladas Old el Paso: toujours plus de goût à partager!, Tortillas de maïs souples (335g): farine de maïs (27%), farine de blé, eau, huile végétale, stabilisant: glycérol, gluten de blé, sel, dextrose, poudre à lever: diphosphate disodique, carbonate acide de sodium, émulsifiant: mono- et diglycérides d'acides gras, conservateur: sorbate de potassium, acidifiant: acide citrique. Conditionnées sous atmosphère protectrice. Sauce à la tomate (300g): eau, concentré de tomates (49%), correcteur d'acidité: acide citrique. Mélange d'épices pour Enchiladas (22g): chapelure (farine de blé, eau, sel, poudre à lever: carbonates d'ammonium), sel, épices (24%) (piment chili, paprika, piment de Cayenne, cumin, poivre noir), légumes déshydratés (oignon, ail), sucre, extrait de paprika, origan, colorant: caramelammoniacal. Contient des ingrédients à base de blé., Ce kit contient: 8 tortillas de maïs souples, 1 mélange d'épices pour Enchiladas, 1 sauce à la tomate. Prêt en 25 minutes pour 3-4 personnes. Ajoutez simplement 500g de blancs de poulet et 150g de fromage râpé., conserver dans un endroit sec et frais.]|"
9,07€ / Kg"|"
5,96 €"
3498|Kit pour fajitas aux épices douces, sans piment|Le paquet de 476g|[Origine : FRANCE, Dépaysement garanti pour tous ceux qui souhaitent découvrir les saveurs du Mexique sans le piment.Laissez vous surprendre par une recette gourmande à souhait : du poulet émincé bien tendre avec une délicieuse sauce à cuisiner aux épices douces. Ajoutez quelques feuilles de salade et dés de tomates croquants puis nappez de la sauce Old El Paso alliant la fraîcheur de la crème à la saveur des aromates. Le tout roulé dans une tortilla moelleuse. Fajitas aux Epices Douces Old El Paso : toujours plusde goût à partager, sans le piment., Ce kit contient : 8 tortillas de blé salsa, 1 mélange d'épices, 1 sauce. Prêt en 20 minutes pour 3-4 personnes. Ajoutez simplement 500g de blancs d poulet, 1 salade, 2 tomates et 10cl de crème fraîche., Tortillas de blé souples (326g): farine de blé, eau, huile végétale, stabilisant: glycérol, poudre à lever: carbonate acide de sodium, diphosphate disodique, émulsifiant: mono et diglycérides d'acides gras, dextrose, sel, conservateur: sorbate de potassium. Sauce aux épices douces (144g): concentré de tomates, eau, crème, sucre, huile de tournesol, arômes, arôme de fumée, jus de citron concentré, sel, épices (cumin, coriandre et poivre noir), amidon modifié de maïs, oignon et ail en poudre, coriandre en feuilles. Mélange d'aromates (6g): sel, maltodextrines de pomme de terre, sucre, arôme (contient de l'orge et de la moutarde), oignon en poudre, ail en poudre, fructose, persil en feuilles, correcteur d'acidité: acide citrique, épices, stabilisant: gomme arabique. Contient des ingrédients à base de blé, orge, lait et moutarde. Sans piment.]|"
12,96€ / Kg"|"
6,17 €"
3499|Kit pour fajitas original, doux|La boîte de 500g|[Origine : MEXIQUE, Rien de tel que l'expérience irrésistable des Fajitas pour ensoleiller vos repas en famille ou entre amis. Faites voyager vos sens avec une recette haute en saveurs, perfums et couleurs : du poulet grillé au goût légèrement fumé, des poivrons et oignons croquants, et une délicieuse sauce Original Salsa. Le tout, roulé dans une tortilla moelleuse. Fajitas Original Old El Paso : toujours plus de goût à partager !, Ce kit contient : 8 petites tortillas, 1 mélange d'épices, 1 sauce. Prêt en 15 minutes. Pour 3-4 personnes. Ajoutez simplement : 500g de blanc de poulet, 1 poivron rouge, 1 poivron vert, 1 oignon. Préparez la garniture et lancez la cuisson. Réchauffez les tortillas. Garnissez, pliez et c'est prêt !, Tortillas de blé souples (326g) : farine de blé (59%), eau, huile végétale, stabilisant : glycérol, poudre à lever : carbonate acide de sodium, diphosphate disodique, émulsifiant : mono- et diglycérides d'acides gras, dextrose, sel, conservateur : sorbate de potassium. Sauce Original Salsa (144g) : tomates (54%), oignons, poivrons verts (10%), concentré de tomates, eau, sel, vinaigre, oignons déshydratés, sucre, oignon en poudre, jus de citron concentré, piment Guajillo, ail en poudre, épices, correcteur d'acidité : acide citrique. Mélange d'épices pour Fajitas (30g) : sucre, légumes déshydratés (oignon, ail, protéines hydrolysées de soja), sel, arômes, extrait de levure, épices (5,5%) (poivre noir, piment de Cayenne, gingembre), correcteurd'acidité : acétate de sodium, acide citrique, colorant : caramel ordinaire. Contient des ingrédients à base de blé et de soja., Valeur énergétique en Joules :  1070, Valeur énergétique en Kcal : 254, Glucides : 37,8g, Lipides : 8,3g, Protides :7g, Conserver dans un endroit frais et sec.]|"
12,26€ / Kg"|"
6,13 €"
3500|Kit pour fajitas tomates et poivrons, medium|La boîte de 500g|[Origine : MEXIQUE, Envie d'ensoleiller vos repas ? Invitez les Fajitas aux tomates et poivrons à votre table ! Leur parfum délicat à la tomate et aux épices va réveiller vos papilles. des lamelles de poulet bien tendres, des oignons et poivrons croquants, le goût acidulé de la sauce aux tomates et poivrons, le tout roulé dans une tortilla moelleuse bien chaude : et voilà un plat légèrement relevé à partager en famille ou entre amis ! Fajitas tomates et poivrons Old El Paso : toujours plus de goût à partager !, Ce kit contient : 8 tortillas de blé salsa, 1 mélange d'épices, 1 sauce. Prêt en 15 minutes. Pour 3-4 personnes. Ajoutez simplement : 500g de blancs de poulet, 1 poivron rouge, 1 poivron vert, 1 oignon. Préparez la garniture et lancez la cuisson. Réchauffez les tortillas. Garnissez, pliez et c'est prêt !, Tortillas de blé souples salsa (326g) : farine de blé (57%), eau, huile végétale, stabilisant : glycérol, assaisonnement 'salsa' (2,3%) (tomate, épices (paprika, piment, poivre noir, cumin, poivre blanc, gingembre, coriandre en grains), sel, sucre, ail, oignon, acidifiant : acide citrique, extrait d'épice, origan, arôme, arôme naturel), poudre à lever : carbonate acide de sodium, diphosphate disodique, émulsifiant : mono- et diglycérides d'acides gras, dextrose, sel, conservateur : sorbate de potassium. Sauce aux tomates et poivrons (144g) : tomates en morceaux (62%), oignons, poivrons verts (10%), concentré de tomates, sel, vinaigre, copeaux d'oignons déshydratés, oignon en poudre, jus de citron concentré, paprika, ail en poudre, arôme, feuilles de coriandre, épices, tomate cuite en poudre, correcteur d'acidité : acide citrique. Mélange d'épices pour Fajitas tomates et poivrons (30g) : légumes déshydratés (tomate, oignon, ail, poivron rouge), sel, sucre, maltodextrine, épices (8,5%) (poivre noir, cumin, paprika), arômes, tomate cuite en poudre, correcteur d'acidité : acide citrique, extrait d'épice. Contient des ingrédients à base de blé., Valeur énergétique en Joules :  1069, Valeur énergétique en Kcal : 254, Glucides : 39,4g, Lipides : 8g, Protides :6,4g, Conserver dans un endroit frais et sec.]|"
12,14€ / Kg"|"
6,13 €"
3501|Mélange d'épices pour chili|Le sachet de 39g|[Origine : ESPAGNE, Ajoutez simplement : 1 boite de 400 g de tomates, 500 g de boeuf haché et 1 boite de 400 g de haricots rouges. Dans une poêle, faites chauffer une cuillère à soupe d'huile et faites revenir la viande hachée pendant 4 min. Ajoutez le mélange d'épicespour Chili et mélangez. Ajoutez les tomates et laissez mijoter à feu doux pendant 15 min. Juste avant de servir, ajoutez les haricots rouges égouttés et mélangez à nouveau. Faites chauffer quelques minutes à feu doux en remuant régulièrement., Sel, épices (23%) (piment, cumin, paprika, poivre noir, poivre de Cayenne), farine de blé, dextrose, légumes déshydratés (oignon, ail), amidon de blé, chicorée, correcteur d'acidité : acide citrique, paprika, origan, arôme. Contient des ingrédients àbase de lait., Valeur énergétique en Joules :  1141Kj, Valeur énergétique en Kcal : 270Kcal, Glucides : 52g, Lipides : 4,2g, Protides :6g]|"
41,86€ / Kg"|"
1,80 €"
3502|Mélange d'épices pour guacamole|Le sachet de 20g|[Origine : MEXIQUE, Quoi de plus savoureux qu'un authentique Guacamole frais? Purée d'avocats finement épicée, le guacamole se consomme aussi bien en apéritif qu' en accompagnement de Fajitas, Burritos et Tacos., Pour préparer un délicieux Guacamole : coupez les avocats en deux. Otez les noyaux et retirez la peau. Ecrasez la chair à l'aide d'une fourchette jusqu'à ce que vous obteniez une texture onctueuse. Saupoudrez le mélange d'épices pour Guacamole Old ElPaso et mélangez. Servez immédiatement ou couvrez d'un film plastique et placez au réfrigérateur pour ne pas perdre cette couleur verte savoureuse., Sirop de glucose déshydraté, sel, légumes déshydratés (oignon, ail), dextrose, paprika, épices (9,5 %) (piment de Cayenne, cumin, poivre noir, coriandre, paprika, gingembre), exhausteur de goût : glutamate monosodique, correcteur d'acidité : acide citrique, herbes (origan, persil)., Conserver dans un endroit sec et frais.]|"
90,00€ / Kg"|"
1,80 €"
3503|Nachips, chips de maïs pour l'apéritif|Le paquet de 200g|[Origine : FRANCE, Les nachips Old El Paso sont des chips de maïs rondes idéales pour 'dipper' dans votre sauce apéritif Old El Paso préférée., Farine de maïs (75%), huile de palme, sel., Valeur énergétique en Joules :  2118kj, Valeur énergétique en Kcal : 506,7kc, Glucides : 61g, Lipides : 26g, Protides :7g, Conserver dans un endroit frais et sec.]|"
13,85€ / Kg"|"
2,77 €"
3504|Panadillas de blé|Le paquet de 8, 193g|[Origine : FRANCE, Ol El Paso vous livre tous ses secrets pour réaliser des recettes emblématiques mexicaines, faciles à préparer, avec les Panadillas, un chausson de blé extra moelleux et facile à garnir., Pour réaliser 8 Tacos avec Panadillas, vous aurez besoin d'un mélange aux épices pour Tacos Old El Paso, 1 bocal de sauce Original Salsa Old El Paso, 500 g de boeuf haché, 2 tomates, 1 salade et 125 g de fromage râpé. Préparer : faites dorer la viande dans 1 cuillère à soupe d'huile chaude. Ajoutez le mélange d'épices pour Tacos (sachet Seasoning Mix) et 150 ml d'eau dans la poêle. Mélangez. Quand le mélange commence à bouillir, réduisez le feu et laissez mijoter 10 minutes, sans couvrir. Remuezrégulièrement. Réchauffez les Panadillas : sortez les Panadillas de leur étui plastique et les disposez sur un plat  adapté. Au micro-ondes (900 W) : chauffez-les 35 secondes. Au four, préchauffé à 165°C (th 5) : enveloppez-les dans un papier d'aluminium et chauffez-les 8 minutes. L'emballage plastique ne convient pas au réchauffage au micro-ondes, ni au four. Bon appétit ! Versez le sachet de sauce dans un bol et posez-le sur la table. Pour le reste, oubliez fourchettes et couteaux : garnissezune Panadilla bien chaude avec le boeuf finement assaisonné, de sauce Old El Paso, de dés de tomates fraîches, de fromage râpé et de lamelles de salade croquante., Farine de blé, eau, stabilisant : glycérol, huiles végétales en proportion variable (palme et colza), poudre à lever : carbonate acide de sodium, pyrophosphate acide de calcium, phosphate de calcium, émulsifiant : mono et diglycérides d'acides gras,dextrose, sel, conservateur : sorbate de potasium., Valeur énergétique en Joules :  1321kj, Valeur énergétique en Kcal : 313kcal, Glucides : 52,5g, Lipides : 0g, Protides :8,3g, A conserver dans un endroit frais et sec. Après ouverture, refermer le paquet, conserver le produit au réfrigérateur et consommer le dans les 3 jours. Peut être congelé. Décongeler entièrement avant utilisation. Ne jamais recongeler un produit décongelé.]|"
18,96€ / Kg"|"
3,66 €"
3505|Salsa épicée avec légumes en morceaux|Le flacon de 295g|[Origine : ESPAGNE, Sauce d'accompagnement avec légumes en morceaux., Bien agiter avant emploi., Tomates (67%), oignons (12%), poivrons verts (8%), concentré de tomates, sel, vinaigre, sucre, oignon en poudre, amidon modifié de maïs, jus de citron concentré, piment Guajillo, ail en poudre, épices (coriandre, cumin, poivre noir), origan, correcteur d'acidité : acide citrique., Valeur énergétique en Joules :  187Kj, Valeur énergétique en Kcal : 44Kcal, Glucides : 7,5g, Lipides : 0,5g, Protides :1,4g, A conserver dans un endroit frais et sec. Après ouverture, à conserver au réfrigérateur et à consommer dans les 14 jours.]|"
10,44€ / Kg"|"
3,08 €"
3506|Sauce à garnir Original Salsa, non piquante|Le pot de 226g|[Origine : FRANCE, Tomate (54%), oignons frais (16%), purée de tomate (9%), poivrons verts (9%), eau, sel, vinaigre, copeaux d'oignons déshydraté, sucre, oignons en poudre, concentré de jus de citron, piment Guajillo, ail, coriandre, cumin, origan, poivre noir, colorant: extrait de paprika, acidifiant acide citrique., Valeur énergétique en Joules :  180Kj, Valeur énergétique en Kcal : 42Kcal, Glucides : 9g, Lipides : 0,5g, Protides :1,6g, Après ouverture, peut être conservé 1 semaine au réfrigérateur.]|"
13,32€ / Kg"|"
3,01 €"
3507|Sauce douce à cuisiner pour fajitas|Le pot de 395g|[Origine : FRANCE, Eau, tomates en morceaux (21%), purée de tomate, poivron vert (6%), poivron rouge (6%), oignon (5%), mélange pour assaisonnement (sucre, sel, arômes naturels, protéine hydrolysée du soja, oignon en poudre, acidifiants: acétate de sodium, acide acétique, piment de Cayenne, gingembre, extrait de levure, ail, céleri), amidon de maïs modifié et acide citrique. Contient des ingrédients à base de blé, de soja et de céleri., Valeur énergétique en Joules :  169,3Kj, Valeur énergétique en Kcal : 39,8Kcal, Glucides : 8,4g, Lipides : 0,5g, Protides :1,6g, Conserver dans un endroit frais et sec. Après ouverture peut être conservé 3 jours au réfrigérateur.]|"
8,30€ / Kg"|"
3,28 €"
3508|Tortilla chips au goût chili|Le paquet de 200g|[Origine : FRANCE, ., Farine de maïs, huile de tournesol (26%), assaisonnement (sel, biscotte, épices (contient du piment en poudre), dextrose, oignon en poudre, exhausteur de goût : glutamate monosodique, ail en poudre, extrait de levure, tomate en poudre, herbes, maltodextrine de pomme de terre, arômes, exhausteur de goût : 5t-ribonucléotide disodique). Contient des ingrédients à base de blé et de sulfites., Valeur énergétique en Joules :  2101Kj, Valeur énergétique en Kcal : 502Kc, Glucides : 60g, Lipides : 26g, Protides :7g, Conserver dans un endroit frais et sec.]|"
11,80€ / Kg"|"
2,36 €"
3509|Tortilla chips au goût Fajita|Le paquet de 200g|[Origine : FRANCE, Farine de maïs, huile de tournesol (21%), assaisonnement (sucre, sel, épices (paprika en poudre, poivre noir, curcuma, gingembre, poivre de Cayenne), oignon, extrait de levure, arôme (contient du blé), arôme de fumée, correcteur d'(acidité : acide citrique, acétate de sodium, ail, herbes et colorant : extrait de paprika). Contient des ingrédients à base de blé., Valeur énergétique en Joules :  1936,9, Valeur énergétique en Kcal : 461,5, Glucides : 66g, Lipides : 19,5g, Protides :5,6g, A conserver dans un endroit frais et sec.]|"
13,85€ / Kg"|"
2,77 €"
3510|Tortilla chips queso, chips de mais saveur fromage|Le paquet de 200g|[Origine : FRANCE, Chips de maïs saveur fromage., Farine de maïs, huile de tournesol, assaisonnement (arôme (contient du lait, sel, lactose, sucre, fromage en poudre (0,3%), correcteur d'acidité : sodium diacetate, acide citrique), colorant : extrait de paprika., Valeur énergétique en Joules :  2027Kj, Valeur énergétique en Kcal : 484Kcal, Glucides : 63,5, Lipides : 22,1, Protides :6,2, A conserver dans un endroit frais et sec.]|"
13,85€ / Kg"|"
2,77 €"
3511|Tortillas de blé souples à garnir|La boîte de 326g|[Origine : MEXIQUE, Avec leur belle couleur dorée et leur moelleux incomparable, nos Tortillas de blé nature feront le bonheur de vos papilles., Préparez la garniture et lancez la cuisson. Réchauffez les tortillas, au four à micro-ondes (900W) : percez le sachet en plastique et placez-le au micro-ondes pendant 1 minute. Au four traditionnel : préchauffez votre four à 180°C (th6). Sortez les tortillas du sachet en plastique et enveloppez-les dans un papier d'aluminum. Placez-les dans le four et faites chauffez pendant 10 minutes. Garnissez, pliez et c'est prêt ! Ne pas recongeler un produit décongelé., Farine de blé (59%), eau, huile végétale, stabilisant : glycérol, poudre à lever : carbonate acide de sodium, diphosphate disodique : émulsifiant : mono- et diglycérides d'acides gras, dextrose, sel, conservateur : sorbate de potassium., Valeur énergétique en Joules :  1447, Valeur énergétique en Kcal : 345,7, Glucides : 51,1, Lipides : 11,7, Protides :8,7, A conserver dans un endroit frais et sec. Une fois le produit ouvert, bien refermer l'emballage, conserver au réfrigérateur et consommer dans les 3 jours. Peut être congelé. A décongeler complètementavant utilisation. Conditionné sous atmosphère protectrice.]|"
9,45€ / Kg"|"
3,08 €"
3512|Wraps, tortillas au blé complet pour burritos et fajitas|La boîte de 350g|[Origine : FRANCE, Seule Wraps au blé complet du marché, segment des Wraps en croissance : +11% en volume (cam p1308), qui recrute : +52300 foyers en 2008. Produit multi-usages, pour recettes mexicaines, en sandwiches. Produit santé, répondant aux attentes de naturel et bien-être., En sandwiches ou pour des plats mexicains., Mélange de farines (58,5%) (farine de blé, farine de blé complet (18%), son de blé complet (7%)), eau, huile végétale partiellement hydrogénée, stabilisant : glycérol, sel, poudre à lever : diphosphate disodique, bicarbonate de sodium, dextrose, émulsifiant : mono et diglycérides dacide gras, conservateur : sorbate de potassium. Contient des ingrédients à base de blé., Valeur énergétique en Joules :  1447Kj, Valeur énergétique en Kcal : 344Kcal, Glucides : 51,1g, Lipides : 11,7g, Protides :8,7g]|"
8,80€ / Kg"|"
3,08 €"
3513|Wraps, tortillas de blé souples nature|Le boîte de 350g|[Origine : FRANCE, Encore plus généreux, nos Wraps de blé natures rendront  vos repas inoubliables !Créez des recettes toujours plus gourmandes en y incorporant tous vos ingrédients préférés : une viande succulente, encore plus de légumes, le tout recouvert de la sauceOriginal Salsa Old Paso ou d'une touche de crème fraîche. Un peu de créativité, quelques proches et beaucoup de plaisir !, Préparez et lancez la cuisson de la garniture. Réchauffez les Wraps au micro-ondes (900W) : percez le sachet en plastique et placez-le au micro-ondes pendant 1min ou au four traditionnel préchauffé votre four à 180°C (th6). Sortez les wraps du sacheten plastique et enveloppez-les dans un papier d'aluminium. Placez-les dans le four et faites chauffer pendant 10min. Garnissez, pliez et c'est prêt !  Ne pas recongeler un produit décongelé., Farine de blé (59%), eau, huile végétale, stabilisant : glycérol, poudre à lever : carbonate acide de sodium, diphosphate disodique, émulsifiant : mono- et diglycérides d'acides gras, dextrose, sel, conservateur : sorbate de potassium. Contient des ingrédients à base de blé., Valeur énergétique en Joules :  1447kj, Valeur énergétique en Kcal : 344kc, Glucides : 51,1g, Lipides : 11,7g, Protides :8,7g, Conserver dans un endroit frais et sec. Une fois le produit ouvert, bien refermer l'emballage, conserver au réfrigérateur et consommer dans les 3 jours. Peut être congelé. A décongeler complètement avant utilisation. Conditionné sous atmosphère protectrice.]|"
8,69€ / Kg"|"
3,04 €"
3514|Kit Fajita|Le paquet de 505g|[Origine : BELGIQUE, IngrÍdients : Tortillas de farine de blÍ  :  farine de blÍ (58 %), eau, huile de palme, stabilisants: E422- E466 - E412, poudres Å lever: E500ii - E450i, sel, acidifiant: E296, Ímulsifiant: E471, dextrose, conservateurs: E282 - E202. ConditionnÍ sousatmosphÈre protectrice.  Sauce tomate ÍpicÍe aux lÍgumes  : tomates (34,0%), eau, oignons (11,7%), poivron rouge (7,8%), poivron vert (7,8 %), concentrÍ de tomates (5,8%), ar«mes, vinaigre d?alcool, sel, sucre, amidon modifiÍ, ail, concentrÍ de jusde citron, antioxygÈne: acide ascorbique. MÍlange d'Ípices Fajita  :  chapelure (farine de blÍ, eau, levure, sel), maltodextrine, ar«mes, sel, lactose, antiagglomÍrant: E551., Valeur énergétique en Joules :  1037, Valeur énergétique en Kcal : 246, Glucides : 41,6g, Lipides : 5,3g, Protides :6,7g]|"
10,10€ / Kg"|"
5,10 €"
3515|Sauce aux piments forts|Le flacon de 89ml|[Origine : BELGIQUE, Sauce aux piments forts, Ingrédients: eau, piment Tabasco (20%), vinaigre de canne, vinaigre de pomme, sel, mélasse, acidifiant: acide acétique, épaississant: gomme xanthane., A conserver au réfrigérateur après ouverture.]|"
18,43€ / Kg"|"
1,64 €"
3516|Sauce dip guacamole|Le pot de 300g|[Origine : BELGIQUE, Sauce aromatisée à l'avocat., Ingrédients: eau, avocat (15%), oignons, tomates, poivrons verts, huile de colza, préparation au fromage (fromage (lait), sels de fonte: E331, E339, E450, E451, E452), amidon modifié, piments verts, huile de coco, poivrons rouges, sucre, protéines delait, sel, piments Jalapeño, antioxydant: E300, jus de citron concentré, acidifiant: E330, stabilisants: E415, E412- ail, épices, arômes, colorants: E160a, E141., A conserver au réfrigérateur après ouverture et à consommer dans les 3 jours.]|"
9,10€ / Kg"|"
2,73 €"
3517|Sauce Dip mexicaine Médium|Le pot de 315g|[Origine : BELGIQUE, Sauce aux tomates et aux poivrons - mi forte, Ingrédients: eau, tomates  (18,4%), concentré de tomate (11,9%), poivron rouge (7,2%), oignons, poivron vert (4,8%), sucre, vinaigre d'alcool, amidon modifié de maïs , sel, piments Jalapeño (0,9%), épices (moutarde), arôme, extrait de paprika.]|"
8,13€ / Kg"|"
2,56 €"
3518|Sauce mexicaine dip hot|Le pot de 315g|[Origine : BELGIQUE, Sauce dip aux tomates, pimenté., Ingrédients: eau, tomates (18,3%), concentré de tomate (11,9%), poivron rouge (7,1%), oignons, poivron vert (4,7%), sucre, vinaigre d'alcool, amidon modifié de maïs , sel, épices (moutarde), piments Jalapeño (0,9%), arôme, extrait de paprika., A conserver au réfrigérateur après ouverture et à consommer dans les 3 jours.]|"
8,13€ / Kg"|"
2,56 €"
3519|Tortilla chips salées|Le paquet de 200g|[Origine : BELGIQUE, Spécialité salée à base maïs., Ingrédients: maïs moulu, huile de palme, sel., Conserver dans un endroit sec.]|"
8,20€ / Kg"|"
1,64 €"
3520|Wraps original|Le paquet de 6, 370g|[Origine : BELGIQUE, Tortillas de farine de blé, Ingrédients: farine de blé (66%), eau, huile de palme, stabilisants: E422, E466, E412- poudres à lever: E500, E450- sel, acidifiant: E296, émulsifiant: E471, dextrose, conservateurs: E282, E202.]|"
5,84€ / Kg"|"
2,16 €"
3521|Lait de coco pour cuisine exotique et parfumée|La boîte de 400ml|[Origine : FRANCE, Le lait de coco Monoprix est onctueux et parfumé. Il est idéal pour préparer aussi bien des plats salés que sucrés., Extrait de noix de coco 65%, eau., Valeur énergétique en Joules :  720Kj, Valeur énergétique en Kcal : 174KCal, Glucides : 3,5g, Lipides : 17,2g, Protides :1,4g, A conserver à l'abri de la chaleur et de l'humidité.]|"
6,65€ / L"|"
2,66 €"
3522|Nouilles recette Chinoise|Le paquet de 250g|[Origine : FRANCE, Tendres et dorées, les nouilles chinoises aux oeufs Monoprix sont idéales pour préparer vos plats exotiques. Elles peuvent être préparées de multiples façons : en soupe, en entrées salées, accompagnées de viandes ou de crevettes., faire bouillir 2 litres d'eau non salée dans une casserole. Ajouter les nouilles. A la reprise d'ébullition, éteindre le feu. Couvrir et laisser reposer 4 minutes. Détacher les nouilles à la fourchette et égoutter., Farine de blé tendre 50%, farine de blé dur, oeufs 15%, eau, sel., Valeur énergétique en Joules :  1577kj, Valeur énergétique en Kcal : 372Kcal, Glucides : 70g, Lipides : 3,2g, Protides :14g, A conserver a l'abri de la lumière, dans un endroit sec et tempéré.]|"
5,96€ / Kg"|"
1,49 €"
3523|Sauce soja|Le flacon de 125ml|[Origine : FRANCE, La sauce soja MONOPRIX est un ingrédient incontournable de la cuisine exotique d'aujourd'hui. Elle est utilisée pour les marinades ou pour assaisonner les plats cuisinés., Sauce soja fermentée (graines de soja, farine de blé, eau, sel), sucre, exhausteur de goût : glutamate monosodique, conservateur : benzoate de sodium., Avant ouverture : température ambiante. Après ouverture : à conserver au réfrigérateur.]|"
9,12€ / L"|"
1,14 €"
3524|Galettes de riz, pâte à nems|Le sachet de 200g|[Origine : MAROC, farine de riz, sel, eau, A conserver au frais et au sec.]|"
10,05€ / Pce"|"
2,01 €"
3525|Huile de sésame|Le flacon de 210ml|[Origine : FRANCE, Huile au goût de noisette., Utilisée généralement en petites quantités, en fin de cuisson, pour aromatiser les plats., Huile de sésame 100%.]|"
21,52€ / L"|"
4,52 €"
3526|Lait de coco|La boîte de 140ml|[Origine : FRANCE, Le lait de noix de coco Ayam ne contient pas d'agent conservateur, il est particulièrement recommandé dans la préparation de curry (de viandes, poissons ou légumes) de sauces, de desserts et de cocktail de fruits exotiques. Un risque de solidification du produit peut survenir en dessous de 15°C, sans que sa qualité en soit affectée., Extrait de noix de coco d'Indonésie ou de Malaisie 86%, eau., Valeur énergétique en Joules :  1017kj, Valeur énergétique en Kcal : 247kcal, Glucides : 3,9g, Lipides : 0g, Protides :2,6g, APRÈS OUVERTURE, CONSERVER AU RÉFRIGÉRATEUR DANS UN RÉCIPIENT PLASTIQUE ET CONSOMMER SOUS 3 JOURS.]|"
12,86€ / L"|"
1,80 €"
3527|Lait de coco|La boîte de 400ml|[Origine : INDE, Il est particulièrement recommandé dans la préparation de curry (de viandes, poissons ou légumes), de sauces, de desserts et de cocktail de fruits exotiques., Extrait de noix de coco 82%, eau., Après ouverture, conserver au réfrigérateur dans un récipient plastique et consommer sous 3 jours. Un risque de solidification du produit peut survenir en dessous de 15°C, sans que sa qualité en soitaffectée.]|"
8,70€ / L"|"
3,48 €"
3528|Lait de coco|La brique de 200ml|[Origine : CHINE, Extrait de noix de coco d'Indonésie ou de Malaisie 74%, eau, épaississants (E412, E407, E415)., Valeur énergétique en Joules :  862kj, Valeur énergétique en Kcal : 209kcal, Glucides : 3,4g, Lipides : 0g, Protides :2,1g]|"
8,00€ / L"|"
1,60 €"
3529|Pâte de curry rouge|Le pot de 185g|[Origine : FRANCE, 100% ingrédients d'origine naturelle., Emballage avec une laque contenant du bisphénol A. Usage déconseillé aux femmes enceintes ou allaitantes, et aux enfants de moins de 3 mois., Piment rouge 18%, oignon, sucre, eau, ail, citronnelle, sel, galanga, huile de soja, amidon de maïs, zeste de citron vert kaffir, poudre de graines de coriandre, extrait de levure, cardamone, cumin, feuilles de citron vert kaffir, poivre, coriandre., Valeur énergétique en Joules :  603kj, Valeur énergétique en Kcal : 144kcal, Glucides : 22g, Lipides : 0g, Protides :2,5g, Entreposer dans un endroit aéré et sec. Conserver au réfrigérateur après ouverture et consommer dans le mois.]|"
17,78€ / Kg"|"
3,29 €"
3530|Pâte de curry vert|Le pot de 185g|[Origine : FRANCE, Pour une sauce curry vert à la thaïlandaise de 2/3 personnes, mélanger 1/2 de la boîte de pâte de curry, 200ml de lait de coco et 200 ml d'eau puis porter a ébullition. Faire mijoter dans la sauce des morceaux de volaille, ou de viandes, ou de produits de la mer jusqu' à cuisson des aliments. Ajouter de la poudre de piment pour un curry plus fort. Pour un curry plus doux rajouter du lait de coco., Eau, oignon, piment vert 14%, sucre, ail, citronnelle, sel, galanga, huile de soja, coriandre, amidon de maïs, zeste de citron vert kaffir, graines de coriandre, cumin, poivre., Valeur énergétique en Joules :  547kj, Valeur énergétique en Kcal : 130kcal, Glucides : 20g, Lipides : 0g, Protides :1,8g, Conserver au réfrigérateur après ouverture et consommer dans le mois]|"
17,78€ / Kg"|"
3,29 €"
3531|Sauce aigre-douce|Le flacon de 210ml|[Origine : FRANCE, Eau, sucre, amidon modifié (E1422), concentré de tomate, prunes, sel, piment, gingembre, ail, acidifiant (E330), stabilisant (E415), colorant (E150D)., Après ouverture, à conserver au réfrigérateur et à consommer sous 3 semaines.]|"
12,71€ / L"|"
2,67 €"
3532|Sauce d'huître|Le flacon de 200ml|[Origine : CHINE, Ne pas utiliser la sauce au micro-ondes., Eau, sucre, sauce soja (eau, extrait de soja, farine de blé, sel, sucre), amidon modifié de maïs (E1422), sel, poudre d'huîtres (3%), colorant (E150C), concervateurs (E202, E211)., Valeur énergétique en Joules :  491kj, Valeur énergétique en Kcal : 117kcal, Glucides : 25,8g, Lipides : 0g, Protides :3,5g, Après ouverture, à conserver au réfrigérateur et à consommer sous 1 mois.]|"
13,85€ / L"|"
2,77 €"
3533|Sauce Nuoc Mam (pour nems)|Le flacon de 200ml|[Origine : CHINE, Extraits de poisson, eau, sel, sucre, acidifiant (E260). Contient du poisson., Valeur énergétique en Joules :  592kj, Valeur énergétique en Kcal : 141kcal, Glucides : 3,2g, Lipides : 0g, Protides :5,2g, Après ouverture, à conserver au réfrigérateur et à consommer sous1 mois.]|"
11,05€ / L"|"
2,21 €"
3534|Sauce piment, ail et gingembre|La bouteille de 270g|[Origine : FRANCE, Eau, piments (22%), sucre, ail (3%), acidifiant (E260), sel, gingembre (1%), amidon modifié de maïs (E1422), épaississant (E415)., Après ouverture, conserver au réfrigérateur et à consommer sous un mois.]|"
10,13€ / Kg"|"
3,24 €"
3535|Sauce piment doux Thaï|La bouteille de 435ML|[Origine : MAROC, Un basique de l'expérience culinaire thaïe : l'équivalent de notre moutarde. Avec un piment sélectionné et une pointe d'ail, c'est la sauce dip par excellence., A consommer sans modération avec les nems, le poulet grillé et les fritures., Eau, sucre, piment rouge (23%), ail, sel, épaississant (amidon modifié E1422), régulateur d'acidité (acide acétique E260., Valeur énergétique en Joules :  787kj, Valeur énergétique en Kcal : 188kcal, Glucides : 45,2g, Lipides : 0,6g, Protides :0,5g, Après ouverture, conserver au réfrigérateur et consommer sous deux mois.]|"
6,37€ / Pce"|"
2,77 €"
3536|Sauce piment sriracha fort|Le flacon de 435ml|[Origine : MAROC, Mélange épicé d'ail et de piments mûris au soleil., Très versatile, elle s'utilise en dip ou mélangée dans les plats thaïs (nouilles, viandes grillées) vietnamiens (soupe Pho, crevettes grillées) chinois (Dimsum, Char Siu) ou européens (pâtes, brochettes)., eau, piment rouge (28%), sucre, ail (7%), sel, Ípaississant (E1422), rÍgulateur d'aciditÍ (E260), stabilisateur (415), paprika (E160c), Valeur énergétique en Joules :  446kj, Valeur énergétique en Kcal : 107kcal, Glucides : 24,3g, Lipides : 0,7g, Protides :0,8g, Après ouverture, conserver au réfrigérateur et consommer sous deux mois.]|"
7,79€ / Pce"|"
3,39 €"
3537|Sauce pour nems|La bouteille de 200ml|[Origine : FRANCE, Prêt à l'emploi., Eau, sucre, piment, carotte, acidifiant (E260), navet sauce de poisson, [extrait de poisson, Eau, sel, colorant (E150C)], émulcifiant (E240). Contient du poisson., Valeur énergétique en Joules :  1078kj, Valeur énergétique en Kcal : 257kcal, Glucides : 66g, Lipides : 0,4g, Protides :0,5g, Après ouverture, à conserver au réfrigérateur et à consommer sous 1 mois.]|"
11,60€ / L"|"
2,32 €"
3538|Sauce rouleaux de printemps|La bouteille de 435ML|[Origine : MAROC, Une sauce classique de la cuisine thaïe, avec une pointe d'ail, des navets et carottes finement râpés., Elle s'emploie en dip, notamment pour les rouleaux de printemps et les Dimsums., Sucre, eau, piment rouge (16%), navet, carotte, régulateur d'acidité (acide acétique E260), épaississant (amidon modifié E1422), ail, sel, stabilisateur (gomme de xanthane E415), Valeur énergétique en Joules :  1078kj, Valeur énergétique en Kcal : 258kcal, Glucides : 66g, Lipides : 0,4g, Protides :0,5g, Après ouverture, conserver au réfrigérateur et consommer sous deux mois.]|"
6,76€ / Pce"|"
2,94 €"
3539|Sauce Soja|La bouteille de 210ml|[Origine : FRANCE, S'utilise en remplacement du sel dans la cuisine asiatique., Soja 33%, farine de riz, eau, sel, sucre, colorants (E150C, E150D), acidifiants (E260, E270). Contien du soja., Valeur énergétique en Joules :  277kj, Valeur énergétique en Kcal : 66kcal, Glucides : 12g, Lipides : 0,1g, Protides :4,5g, Après ouverture, à conserver au réfrigérateur et à consommer sous 3 semaines.]|"
10,24€ / L"|"
2,15 €"
3540|Aide culinaire à base de lait de noix de coco UHT|La brique de 500ml|[Origine : FRANCE, Le lait de coco est un ingrédient indispensable de la cuisine asiatique, idéal pour réaliser des plats à base de curry et autres sauces, desserts mais aussi cocktails., Extrait de noix de coco (90%), eau, épaississant (gomme de Xanthane, gomme de Guar, Carraghénanes)., Valeur énergétique en Joules :  724Kj, Glucides : 2,1g, Lipides : 17,6g, Protides :1,6g, A conserver à température ambiante, afin que le produit reste homogène. Après ouverture, à conserver au réfrigérateur et à consommer rapidement.]|"
6,58€ / L"|"
3,29 €"
3541|Crème de coco|La brique de 200ml|[Origine : INDONESIE, Véritable concentré de noix de coco, la crème de coco Kara est idéale pour réaliser des plats onctueux, sucrés ou salés., Idéale pour : plats de curry, riz, desserts asiatiques, cakes, puddings, confitures, glaces, boissons, etc., Crème de coco 99,9% (extrait de noix de coco, eau), stabilisants (gomme de xanthane, gomme de guar et carraghénanes)., Valeur énergétique en Joules :  716Kj, Valeur énergétique en Kcal : 174Kcal, Glucides : 2,5g, Lipides : 24g, Protides :2g, A conserver au frais après ouverture et à consommer rapidement. Avant ouverture, à conserver à température ambiante. Ne pas congeler.]|"
10,25€ / L"|"
2,05 €"
3542|Crème de coco|La brique de 65ml|[Origine : FRANCE, Avec la crème coco Kara en berlingot, ajoutez une touche de coco dans toutes vos recettes !, Bien agiter avant utilisation. L'onctueuse crème de coco Kara est idéale pour cuisiner des plats asiatiques, du riz, ou des desserts (gâteaux, glaces ). Délicate et crémeuse, c'est un ingrédient parfait pour préparer des milkshakes et des cocktails,au délicieux goût de coco., Crème de coco 99,9% (extrait de noix de coco, eau), stabilisants (gomme de xanthane, gomme de guar et carraghénanes)., A conserver au frais et à consommer rapidement après ouverture. Ne pas congeler.]|"
14,15€ / L"|"
0,92 €"
3543|Crème de coco|Le pot de 425ml|[Origine : THAILANDE, La crème de coco Kara est l'ingrédient indispensable dans la préparation de nombreuses spécialités culinaires d'Asie. Préparation de plats de curry, sauces, riz à la noix de coco, desserts, cocktail etc., Bien agiter avant ouverture., Conserver au réfrigérateur après ouverture et consommer rapidement. Ne pas congeler.]|"
7,62€ / Kg"|"
3,24 €"
3544|Lait de coco|La brique de 200ml|[Origine : FRANCE, Le lait de coco est un ingrédient indispensable de la cuisine asiatique, idéal pour réaliser des plats à base de curry et autres sauces, mais aussi desserts, des cocktails, Extrait de noix de coco (90%), eau, épaississants (gomme xanthane, gomme guar, carraghénanes)., Valeur énergétique en Joules :  716Kj, Valeur énergétique en Kcal : 174Kcal, Glucides : 2,1g, Lipides : 17,6g, Protides :1,6g, A conserver au frais après ouverture et à consommer rapidement. Avant ouverture, à conserver à température ambiante. Ne pas congeler.]|"
6,95€ / L"|"
1,39 €"
3545|Oriental noodles, nouilles orientales assaisonnée à l'arôme de boeuf|Le sachet de 85g|[Origine : FRANCE, Verser le sachet de nouilles dans 400 ml d'eau bouillante et laisser cuire 2 à 3 minutes. Ajouter le contenu du sachet d'assaisonnement et mélanger. La soupe aux nouilles est prête à servir., Farine de froment, huile de palme, sel, stabilisants : polyphosphate E452, carbonate de potassium E501. Assaisonnement : sel, exhausteur de saveur : glutamate monosodique E621, arôme de boeuf, sucre, ail en poudre, poivre en poudre, ciboulette sèche., Valeur énergétique en Joules :  1848kj, Valeur énergétique en Kcal : 440kcal, Glucides : 51,9g, Lipides : 18,6g, Protides :10,0g]|"
10,47€ / Kg"|"
0,89 €"
3546|Oriental noodles, nouilles orientales assaisonnée à l'arôme de poulet|Le sachet de 85g|[Origine : FRANCE, Verser le sachet de nouilles dans 400 ml d'eau bouillante et laisser cuire 2 à 3 minutes. Ajouter le contenu du sachet d'assaisonnement et mélanger. La soupe aux nouilles est prête à servir., Valeur énergétique en Joules :  1806kj, Valeur énergétique en Kcal : 430kcal, Glucides : 54,0g, Lipides : 17,9g, Protides :10,2g]|"
10,47€ / Kg"|"
0,89 €"
3547|Oriental noodles, nouilles orientales assaisonnée au gout de légumes|Le sachet de 85g|[Origine : FRANCE, Verser le sachet de nouilles dans 400 ml d'eau bouillante et laisser cuire 2 à 3 minutes. Ajouter le contenu du sachet d'assaisonnement et mélanger. La soupe aux nouilles est prête à servir., Nouilles : farine de froment, huile de palme, sel, stabilisants : polyphosphate E452, carbonate de potassium E501. Assaisonnement : sel, exhausteur de saveur : glutamate monosodique E621, sucre, poivre en poudre, ciboulette sèche., Valeur énergétique en Joules :  1906kj, Valeur énergétique en Kcal : 430kcal, Glucides : 51,0g, Lipides : 19,0g, Protides :9,8g]|"
10,47€ / Kg"|"
0,89 €"
3548|Oriental noodles, nouilles orientales assaisonnées à l'arôme de champignons|Le sachet de 85g|[Origine : FRANCE, Verser le sachet de nouilles dans 400 ml d'eau bouillante et laisser cuire 2 à 3 minutes. Ajouter le contenu du sachet d'assaisonnement et mélanger. La soupe aux nouilles est prête à servir., Nouilles : farine de froment, huile de palme, sel, stabilisants : polyphosphate E452, carbonate de potassium E501. Assaisonnement : sel, exhausteur de saveur : glutamate monosodique E621, sucre, arôme de champignons, ail en poudre, poivre en poudre,ciboulette sèche., Valeur énergétique en Joules :  1890kj, Valeur énergétique en Kcal : 450kcal, Glucides : 54,4g, Lipides : 19,5g, Protides :9,9g]|"
10,47€ / Kg"|"
0,89 €"
3549|Oriental noodles, nouilles orientales assaisonnées à l'arôme de crevettes|Le sachet de 85g|[Origine : FRANCE, Verser le sachet de nouilles dans 400 ml d'eau bouillante et laisser cuire 2 à 3 minutes. Ajouter le contenu du sachet d'assaisonnement et mélanger. La soupe aux nouilles est prête à servir., Nouilles : farine de froment, huile de palme, sel, stabilisants : polyphosphate E452, carbonate de potassium E501. Assaisonnement : sel, exhausteur de saveur : glutamate monosodique E621, arôme de crevettes, ail en poudre, sucre, poivre en poudre, ciboulette sèche, épices en poudre., Valeur énergétique en Joules :  1806kj, Valeur énergétique en Kcal : 430kcal, Glucides : 50,1g, Lipides : 18,7g, Protides :9,9g]|"
10,47€ / Kg"|"
0,89 €"
3550|Oriental noodles, nouilles orientales assaisonnées au curry|Le sachet de 85g|[Origine : FRANCE, Verser le sachet de nouilles dans 400 ml d'eau bouillante et laisser cuire 2 à 3 minutes. Ajouter le contenu du sachet d'assaisonnement et mélanger. La soupe aux nouilles est prête à servir., Nouilles : farine de froment, huile de palme, sel, stabilisants : polyphosphate E452, carbonate de potassium E501. Assaisonnement : sel, exhausteur de saveur : glutamate monosodique E621, curry en poudre, ail en poudre, chili en poudre, poivre en poudre., Valeur énergétique en Joules :  1806kj, Valeur énergétique en Kcal : 430kcal, Glucides : 49,4g, Lipides : 19,2g, Protides :9,6g]|"
10,47€ / Kg"|"
0,89 €"
3551|Wasabi mix croustillants crackers de riz et cacahuètes légèrement épicé|Le sachet de 150g|[Origine : FRANCE, Les crackers de riz Mitsuba sont élaborés selon une recette traditionnelle japonaise. Une sélection rigoureuse de matières premières de qualité confère aux Crackers de riz Mitsuba leur goût authentique., Riz (36%), farine de blé, cacahuètes (17%), sucre, huile végétale, amidon modifié (tapioca, maïs), maltodextrine assaisonnement wasabi (sucre, sel, maltodextrine, poudre de sauce soja, racine de wasabi, extrait de levure, poudre de fromage, poudre detomates, poivron, épices, amidon modifié de maïs, poudre de vinaigre, huile végétale, conservateur : E270, arôme piment, arôme fromage), lactose, sésame, sauce soja (soja, blé, sel, sucre, conservateurs : E262, E270, E260, maltodextrine), sel, substitut de lait (sirop de tapioca, huile végétale, caséinate de sodium, anti-oxydant : E340(ii)), émulsifiant E472e), algues, exhausteurs de goûts (E631, E627), aromatisation saveur poulet (sel, protéines de lait, maltodextrine, arôme) poudre doignons,colorants : E100, E120, E141, E150c, E160c, arôme piment. Contient : blé, cacahuètes, soja, lait, sésame, moutarde., Valeur énergétique en Joules :  1925kj, Valeur énergétique en Kcal : 454kcal, Glucides : 67,9g, Lipides : 15,57g, Protides :11,0g, Conserver dans un endroit sec et frais. A consommer rapidement après ouverture.]|"
15,73€ / Kg"|"
2,36 €"
3552|Chips à la crevette|Le paquet de 50g|[Origine : FRANCE, Farine de tapioca, huile végétale, crevettes (25%), sucre, sel, blé, oeufs., à conserver dans un endroit sec; Conserver à température ambiante.]|"
28,60€ / Kg"|"
1,43 €"
3553|Lait de coco|La boîte de 500ml|[Origine : FRANCE, Agitez avant l'ouverture., Lait de noix de coco 99,9% (extrait de noix de coco 64,2%, eau) , stabilisants : E412 , E415 , E407. Sans colorant ni arôme ni conservateur artificiels., Valeur énergétique en Joules :  724Kj, Valeur énergétique en Kcal : 173KCal, Glucides : 2,1g, Lipides : 17,6g, Protides :1,6g, Une fois ouvert, se conserve 5 jours au réfrigérateur. A conserver dans un endroit sec.]|"
7,18€ / L"|"
3,59 €"
3554|Lait de coco|La brique de 200ml|[Origine : PAYS-BAS, Idéale pour plats cuisinés., Agitez avant l'ouverture., Lait de noix de coco 99,9% (extrait de noix de coco 57%, eau), stabilisants : gomme xanthane., Valeur énergétique en Joules :  724Kj, Valeur énergétique en Kcal : 172Kc, Glucides : 2,1g, Lipides : 17,6g, Protides :1,6g, A conserver dans un endroit sec. Une fois ouvert, se conserve 5 jours au réfrigérateur.]|"
8,20€ / L"|"
1,64 €"
3555|Mélange de légumes à la vietnamienne|Le pot de 350g|[Origine : PAYS-BAS, Pousses de haricots mungo, poivrons, carottes et champignons noirs., Un délicieux mélange de légumes asiatiques croquants à déguster en salade ou cuisiné à la poêle. Egouttez et rincez., Eau, pousses de haricots mungo (39,5%), poivrons rouges 6%, carottes (5,5%), sucre, champignons noirs (3,2%), sel, acidifiant (acide citrique), vinaigre de vin, affermissant (chlorure de calcium), antioxydant (acide ascorbique), extrait de levure, protéines végétales hydrolysées (contient du soja). Peut contenir des traces de céleri., Valeur énergétique en Joules :  131Kj, Valeur énergétique en Kcal : 31KCal, Glucides : 5,3g, Lipides : 0,1g, Protides :2,2g]|"
6,63€ / Kg"|"
2,32 €"
3556|Nouilles aux oeufs|Le paquet de 250g|[Origine : PAYS-BAS, Faites bouillir 2 litres d'eau salée. Ajoutez les nouilles dans l'eau bouillante, couvrez la casserole et retirez-la du feu. Laissez reposer 4 minutes. Dénouez très prudemment à l'aide d'une fourchette puis égouttez. Vous pouvez consommer les nouilles aux oeufs nature, avec de la sauce soja ou les ajouter à une préparation au wok en fin de cuisson.  Casserole., Valeur énergétique en Joules :  1514, Valeur énergétique en Kcal : 357, Glucides : 70, Lipides : 3, Protides :12.5, Semoule de blé tendre (50%) et dur (21%), oeufs (15%), sel. Sans colorant ni conservateur. Convient aux végétariens., A conserver à température ambiante et dans un endroit sec.]|"
8,04€ / Kg"|"
2,01 €"
3557|Nouilles en nid|Le paquet de 250g|[Origine : PAYS-BAS, Faites bouillir 2 litres d'eau salée. Ajoutez les nouilles dans l'eau bouillante, couvrez la casserole et retirez-la aussitôt du feu. Laissez reposer 4 minutes. Egouttez. Faciles à cuisiner, vous pouvez les faire sauter 3 minutes au wok ou à la poêleavec des légumes, de la viande ou du poisson accompagnés d'une sauce aigre-douce ou curry., Semoule de blé dur (95%), oeufs., Valeur énergétique en Joules :  1492Kj, Valeur énergétique en Kcal : 352Kcal, Glucides : 69g, Lipides : 0,5g, Protides :13g, A conserver à température ambiante dans un endroit sec.]|"
8,60€ / Kg"|"
2,15 €"
3558|Nouilles en pot aux petits légumes d'Asie|Le pot de 65g|[Origine : PAYS-BAS, Ajouter de l'eau bouillante jusqu'au trait à l'intérieure du pot, remuer, recouvrir le pot et attendre 3 min avant de déguster., Nouilles (farine de blé, huile de palme, fécules de pommes de terre, sel, poudre à lever : carbonate de potassium, carbonate de sodium) (84%), arôme naturel, légumes déshydratés (pois, maïs, champignons noirs, poivrons rouge, carottes, oignons en poudre, ail en poudre, épices, ciboulette, sauce soja en poudre (graines de soja, blé, sel), curry en poudre., Valeur énergétique en Joules :  747kj, Valeur énergétique en Kcal : 178kcal, Glucides : 24,5g, Lipides : 6,5g, Protides :4,6g, A conserver à température ambiante dans un endroit sec.]|"
29,38€ / Kg"|"
1,91 €"
3559|Nouilles en pot saveur boeuf et sauce soja|Le pot de 61g|[Origine : PAYS-BAS, Ajouter de l'eau bouillante jusqu'au trait à l'intérieure du pot, remuer, recouvrir le pot et attendre 3 min avant de déguster., Nouilles (farine de blé, huile de palme, fécules de pommes de terre, sel, poudre à lever : carbonate de potassium, carbonate de sodium) (89%), arôme naturel, légumes déshydratés (carottes, poivrons rouge, champignons noirs), poudre d'oignon (grillé),ail, curry en poudre, épices, ciboulette, sauce soja en poudre (graines de soja, blé, sel., Valeur énergétique en Joules :  751kj, Valeur énergétique en Kcal : 179kcal, Glucides : 24,5g, Lipides : 6,8g, Protides :4,3g, A conserver à température ambiante dans un endroit sec.]|"
31,31€ / Kg"|"
1,91 €"
3560|Nouilles en pot saveur poulet au curry|Le pot de 62g|[Origine : PAYS-BAS, Ajouter de l'eau bouillante jusqu'au trait à l'intérieure du pot, remuer, recouvrir le pot et attendre 3 min avant de déguster., Nouilles (farine de blé, huile de palme, fécules de pommes de terre, sel, poudre à lever : carbonate de potassium, carbonate de sodium) (88%), arôme naturel, légumes déshydratés (carottes, poivrons rouge, curry en poudre, poudre d'oignon (grillé), ail grillé* (ail*, huile de tournesol*), extrait de levure, sel, ciboulette, épices, sauce soja en poudre (graines de soja, blé, sel)., Valeur énergétique en Joules :  753kj, Valeur énergétique en Kcal : 179kcal, Glucides : 24,5g, Lipides : 6,8g, Protides :4,3g, A conserver à température ambiante dans un endroit sec.]|"
30,81€ / Kg"|"
1,91 €"
3561|Pâte miso enjuku naturellement fermentée|La barquette de 300g|[Origine : FRANCE, Agrémentez vos bouillons, nouilles, sauces vinaigrettes, mayonnaises et marinades., Valeur énergétique en Joules :  60,3kj, Valeur énergétique en Kcal : 0kcal, Glucides : 1,93g, Lipides : 0,41g, Protides :0,72g, A conserver au réfrigérateur après ouverture.]|"
21,47€ / Kg"|"
6,44 €"
3562|Soupe miso tofu instantanée, algues wakame|Le sachet de|[Origine : FRANCE, Laissez vous tenter et dégustez nos délicieuses soupes Miso Tofu avec des garnitures variées : aux algues, aux petits oignons ou aux épinards. Au Japon depuis 1936, notre entreprise familiale produit à Nagano des pâtes Miso Premium qui sont appréciées dans la cuisine de tous les jours., Comprenant : 3 sachets de pâte Miso préparée et 3 sachets de garniture aux algues. Videz dans un bol la pâte Miso préparée et la garniture. Versez environ 160 ml d'eau bouillante. Remuez et savourez., Valeur énergétique en Joules :  89,82kj, Valeur énergétique en Kcal : 21,45kcal, Glucides : 2,95g, Lipides : 0,54g, Protides :1,2g, A conserver dans un endroit frais et sec.]|"
61,21€ / Kg"|"
3,55 €"
3563|Soupe miso tofu instantanée, epinards horenso|Le sachet de 57,6g|[Origine : FRANCE, Laissez vous tenter et dégustez nos délicieuses soupes Miso Tofu avec des garnitures variées : aux algues, aux petits oignons ou aux épinards. Au Japon depuis 1936, notre entreprise familiale produit à Nagano des pâtes Miso Premium qui sont appréciées dans la cuisine de tous les jours., Comprenant : 3 sachets de pâte Miso préparée et 3 sachets de garniture aux algues. Videz dans un bol la pâte Miso préparée et la garniture. Versez environ 160 ml d'eau bouillante. Remuez et savourez., Valeur énergétique en Joules :  89,45kj, Valeur énergétique en Kcal : 21,37kcal, Glucides : 2,94g, Lipides : 0,54g, Protides :1,2g, A conserver dans un endroit frais et sec.]|"
61,21€ / Kg"|"
3,55 €"
3564|Soupe miso tofu instantanée, petits oignons naganegi|Le sachet de 58,2g|[Origine : FRANCE, Videz dans un bol la pâte Miso préparée et la garniture. Versez environ 160 ml d'eau bouillante. Remuez et savourez., Valeur énergétique en Joules :  91,37kj, Valeur énergétique en Kcal : 21,82kcal, Glucides : 3,03g, Lipides : 0,54g, Protides :1,21g, A conserver dans un endroit frais et sec.]|"
61,21€ / Kg"|"
3,55 €"
3565|Condiment pour sushi avec vinaigre de riz|La bouteille de 300ml|[Origine : JAPON, Eau, vinaigre de riz (31%), sucre, sel., A conserver au frais après ouverture.]|"
21,03€ / L"|"
6,31 €"
3566|Sauce soja, teneur réduite en sel|Le flacon de 250ml|[Origine : PAYS-BAS, Sauce soja, 43% de sel en moins., Eau, graines de soja, blé, sel (8,1%), vinaigre d'alcool, alcool, sucre., Valeur énergétique en Joules :  450kj, Valeur énergétique en Kcal : 107kcal, Glucides : 0g, Lipides : 0g, Protides :9,7g, A conserver au frais après ouverture.]|"
28,47€ / L"|"
4,27 €"
3567|Sauce soja classique|Le flacon de 150ml|[Origine : PAYS-BAS, A conserver au frais après ouverture.]|"
27,40€ / L"|"
4,11 €"
3568|Sauce soja fermentation naturelle|Le flacon de 250ml|[Origine : FRANCE, De couleur brun ambré, cette sauce s'utilise aussi bien à table comme condiment que pour cuisiner., Idéale dans vos plats quotidiens tels que volaille, poisson, steak, hamburger, soupe, plat de pâtes  ainsi que pour l'assaisonnement des salades et pour la cuisson au barbecue., A conserver au frais après ouverture.]|"
19,40€ / L"|"
4,85 €"
3569|Sauce soja sucrée idéale pour riz, yakitori et salades|Le flacon de 250ml|[Origine : PAYS-BAS, La sauce soja sucrée Kikkoman est fabriquée à partir de la Sauce Soja Kikkoman naturellement fermentée. Relevée de différents ingrédients soigneusement choisis, elle rehausse agréablement la saveur de nombreux plats., Sa note sucrée et son onctuosité sont idéales pour accompagner le riz vapeur et les yakitori (brochettes de poulet) ainsi que pour agrémenter les salades, arroser viandes et poissons durant la cuisson et pour déglacer viandes, poissons ou légumes grillés., A conserver au frais après ouverture.]|"
21,12€ / L"|"
5,28 €"
3570|Sauce soja sushi et sashimi|Le flacon de 250ml|[Origine : PAYS-BAS]|"
19,40€ / L"|"
4,85 €"
3571|Sauce teriyaki, grillades & marinades|La bouteille de 250ml|[Origine : FRANCE, Kikkoman Teriyaki Marinades & Grillades est élaborée à base de sauce soja. Kikkoman naturellement fermentée, de vin et d'épices de choix selon une recette japonaise authentique. C'est une marinade idéale pour viandes, volailles, poissons et légumes,qu'ils soient grillés, poêlés, préparés au barbecue ou au four. Pour un goût de barbecue plus intense, badigeonner les plats ou grillades en cours de cuisson avec Kikkoman Teriyaki Grillades & Marinades. Les mets resteront ainsi plus tendres et succulents., Sauce idéale pour viandes, volailles, poissons, crustacés, légumes., Sauce soja (eau, graines de soja, blé, sel), vin (contient de l'anhydride sulfureux), sucre, eau, vinaigre d'alcool, sel, épices, oignon en poudre, ail en poudre. Ne contient ni arôme, ni colorant artificiels., A conserver au frais après ouverture.]|"
19,40€ / L"|"
4,85 €"
3572|Sauce Wok rapide et savoureux|Le flacon de 250ml|[Origine : FRANCE, Kikkoman a créé une sauce spéciale Wok à partir de sa sauce soja naturellement fermentée., Mélanger des ingrédients frais tels des brocolis, des champignons, des poivrons avec du poulet ou des crevettes dans un wok ou bien dans une poêle, puis ajouter la sauce wok en fin de cuisson., Sauce soja (eau, graines de soja, blé, sel), sucre, eau, vin (contient de l'anhydride sulfureux), sel, extrait de levure., Valeur énergétique en Joules :  726kj, Valeur énergétique en Kcal : 171kcal, Glucides : 34g, Lipides : 0g, Protides :4,4g, A conserver au frais après ouverture.]|"
19,40€ / L"|"
4,85 €"
3573|Sauce Yakitori nappages et marinades|La bouteille de 250ml|[Origine : JAPON]|"
21,12€ / L"|"
5,28 €"
3574|Sushi mix croustillants crackers de riz et cacahuètes doux|Le sachet de 150g|[Origine : FRANCE, Valeur énergétique en Joules :  1681kj, Valeur énergétique en Kcal : 396kcal, Glucides : 80,6g, Lipides : 4,01g, Protides :9,3g]|"
15,73€ / Kg"|"
2,36 €"
3575|Wasabi mix croustillants crackers de riz et cacahuètes légèrement épicé|Le sachet de 150g|[Origine : FRANCE, Les crackers de riz Mitsuba sont élaborés selon une recette traditionnelle japonaise. Une sélection rigoureuse de matières premières de qualité confère aux Crackers de riz Mitsuba leur goût authentique., Riz (36%), farine de blé, cacahuètes (17%), sucre, huile végétale, amidon modifié (tapioca, maïs), maltodextrine assaisonnement wasabi (sucre, sel, maltodextrine, poudre de sauce soja, racine de wasabi, extrait de levure, poudre de fromage, poudre detomates, poivron, épices, amidon modifié de maïs, poudre de vinaigre, huile végétale, conservateur : E270, arôme piment, arôme fromage), lactose, sésame, sauce soja (soja, blé, sel, sucre, conservateurs : E262, E270, E260, maltodextrine), sel, substitut de lait (sirop de tapioca, huile végétale, caséinate de sodium, anti-oxydant : E340(ii)), émulsifiant E472e), algues, exhausteurs de goûts (E631, E627), aromatisation saveur poulet (sel, protéines de lait, maltodextrine, arôme) poudre doignons,colorants : E100, E120, E141, E150c, E160c, arôme piment. Contient : blé, cacahuètes, soja, lait, sésame, moutarde., Valeur énergétique en Joules :  1925kj, Valeur énergétique en Kcal : 454kcal, Glucides : 67,9g, Lipides : 15,57g, Protides :11,0g, Conserver dans un endroit sec et frais. A consommer rapidement après ouverture.]|"
15,73€ / Kg"|"
2,36 €"
3576|Yoshino mix croustillants crackers de riz et cacahuètes, au sésame et à la sauce|Le sachet de 150g|[Origine : FRANCE, Croustillants crackers de riz au cacahuètes, au sésame et à la sauce. Cuits au four non frits à l'huile., Cacahuètes (34%), riz (28%), farine de blé, sucre, sauce soja (eau, soja, blé, sel), sésame, amidon modifié de tapioca, algues, colorants : E100, E140, E150c, E160b, E160c. Contient : cacahuètes, blé, soja, sésame., Valeur énergétique en Joules :  1821kj, Valeur énergétique en Kcal : 429kcal, Glucides : 61,8g, Lipides : 13,9g, Protides :14,2g, A conserver dans un endroit sec et frais. A consommer rapidement après ouverture.]|"
15,73€ / Kg"|"
2,36 €"
3577|Nouilles avec sauce Japonaise Yakisoba au curry|Le pot de 88g|[Origine : HONGRIE, Nouilles de blé sautées avec sauce japonaise yaki soba., Ouvrez le couvercle et l'opercule en aluminium puis enlevez le sachet. Remplissez le bol avec de l'eau bouillante jusqu'au trait intérieur. Refermez le couvercle et attendez 3 minutes. Versez doucement l'eau à travers le couvercle. Attention : observez les illustrations sur l'opercule en aluminium. Ajoutez le contenu des sachets et remuez-le bien. Prêt à consommer., Nouilles 73,9% (farine de blé, huile végétale, amidon, sel, exhausteur de goût E621, agent de traitement de farine (E500, E451), antioxydant E306, émulsifiant (E322, E475), correcteur d'acidité E330). Sauce d'assaisonnement 20,5% (sucre, eau, huile de colza, protéines végétales hydrolysées, sel, poudre curry (3,5% dans la sauce d'assaisonnement), poudre de tomate, exhausteurs de goût (E621, E635), assaisonnement (exhausteur de goût E627, E631), contient blé, soja), épices, vinaigre, colorants :caramel, correcteur d'acidité : acide citrique, huile d'ail, thym), chou, carotte, oignon rouge, haricots verts. Le produit contient gluten (farine de blé) et soja., Valeur énergétique en Joules :  925,7kj, Valeur énergétique en Kcal : 220,7kcal, Glucides : 29g, Lipides : 9,8g, Protides :4,1g]|"
32,16€ / Kg"|"
2,83 €"
3578|Nouilles avec sauce Japonaise Yakisoba au Teriyaki|Le pot de 90g|[Origine : HONGRIE, Nouilles de blé sautées avec sauce japonaise yakisoba., Ouvrez le couvercle et l'opercule en aluminium puis enlevez le sachet. Remplissez le bol avec de l'eau bouillante jusqu'au trait intérieur. Refermez le couvercle et attendez 3 minutes. Versez doucement l'eau à travers le couvercle. Attention : observez les illustrations sur l'opercule en aluminium. Ajoutez le contenu des sachets et remuez-le bien. Prêt à consommer., Nouilles 72% (farine de blé, huile végétale, amidon, sel, exhausteurs de goût E621, agent de traitement de farine (E500, E451), antioxydant E306, émulsifiant (E322, E475), correcteur d'acidité E330), sauce d'assaisonnement 21,7% (sauce de soja (eau,fève de soja, sel, blé), sucre, huile de colza, dextrose, exhausteurs de goût (E621, E635), protéines végétales hydrolysées, sel, épices, arômes (contient céleri), colorants : caramel, poudre de poulet, amidon modifié), chou, carotte, champignon shiitake, oignon vert. Le produit contient gluten (farine de blé) soja et céleri., Valeur énergétique en Joules :  907,5kj, Valeur énergétique en Kcal : 216,1kcal, Glucides : 29,8g, Lipides : 8,8g, Protides :4,5g]|"
33,78€ / Kg"|"
3,04 €"
3579|Nouilles avec sauce Japonaise Yakisoba Chili|Le pot de 92g|[Origine : HONGRIE, Nouilles avec sauce japonaise Yakisoba., Ouvrez le couvercle et l'opercule en aluminium puis enlevez le sachet. Remplissez le bol avec de l'eau bouillante jusqu'au trait intérieur. Refermez le couvercle et attendez 3 minutes. Versez doucement l'eau à travers le couvercle. Attention : observez les illustrations sur l'opercule en aluminium. Ajoutez le contenu des sachets et remuez-le bien. Prêt à consommer., Nouilles 70% [farine de blé, huile végétale, amidon, sel, exhausteur de goût E621, agents de traitement de la farine (E500, E451), antioxygène E306 (contient soja et lactose), émulsifiants (E322, E475), correcteur d'acidité E330]. Sauce d'assaisonnement 13,1% : [sauce Worcester (fève de soja, dextrose, vinaigre, épices, sirop de glucose), sucre, sauce soja (fève de soja, blé, sel), huile de riz, exhausteurs de goût (E621, E627, E631), dextrose, sel, épices, colorant E150a, protéines végétales hydrolysées, arômes, correcteur d'acidité E330]. Poudre d'assaisonnement 8,9% {sucre, dextrose, sel, sauce Worcester en poudre [(maltodextrine, sel, épices, tomate en poudre, vinaigre, sucre) épices (contient céleri), colorant E150a, exhausteurs de goût (E621, E635), chili (4,2% dans la poudre d'assaisonnement), correcteurs d'acidité (E262, E260, E330, E334), épices, farine de blé, protéines végétales hydrolysées, sauce de soja en poudre (fève de soja, blé, maltodextrine), viande de porc en poudre, huile de riz, maltodextrine, lactose, graisse de porc, amidon, arômes), chou, crevette 2,2%. Le produit contient du gluten (farine de blé), soja, lait, céleri et crustacé., Valeur énergétique en Joules :  931,9kj, Valeur énergétique en Kcal : 221,8kcal, Glucides : 31,8g, Lipides : 8,5g, Protides :4,5g]|"
33,04€ / Kg"|"
3,04 €"
3580|Nouilles avec sauce Japonaise Yakisoba classique|Le pot de 90g|[Origine : HONGRIE, Nouilles avec sauce japonaise Yakisoba., Ouvrez le couvercle et l'opercule en aluminium puis enlevez le sachet. Remplissez le bol avec de l'eau bouillante jusqu'au trait intérieur. Refermez le couvercle et attendez 3 minutes. Versez doucement l'eau à travers le couvercle. Attention : observez les illustrations sur l'opercule en aluminium. Ajoutez le contenu des sachets et remuez-le bien. Prêt à consommer., Nouilles 72% (farine de blé, huile végétale, amidon, sel, exhausteur de goût E621, agents de traitement de la farine (E500, E451), antioxygène E306 (contient soja et lactose), émulsifiants (E322, E475), correcteur d'acidité E330), sauce d'assaisonnement 20% (sauce Worcester (fève de soja, dextrose, vinaigre, épices, sirop de glucose), sucre, sauce de soja (fève de soja, blé, sel), huile de riz, exhausteurs de goût (E621, E627, E631), dextrose, sel, épices, colorant E150a, protéines végétales hydrolysées, arômes, correcteur d'acidité E330), chou, viande de poulet 1%. Le produit contient gluten (farine de blé), lait et soja., Valeur énergétique en Joules :  932,6kj, Valeur énergétique en Kcal : 222,1kcal, Glucides : 31g, Lipides : 9g, Protides :4,3g]|"
33,78€ / Kg"|"
3,04 €"
3581|Nouilles Japonaises poulet teriyaki|Le pot de 67g|[Origine : FRANCE, Soupe de nouilles japonaises saveur poulet 'Teriyaki'., Ouvrir le couvercle à moitié et remplir d'eau bouillante jusqu'au repère. Refermer le couvercle et attendre 3 min. Bien mélanger. C'est prêt, bon appétit !, Nouilles déshydratées (87%) : farine de blé, huile végétale, sel, exhausteur de goût (E621), agents de traitement de la farine (E500, E451), antioxygène (E306) (contient du soja et du lactose), acidifiant (E330). Soupe déshydratée (7,5%) : sel, sucre, exhausteurs de goût (E621, E635), ail, ail en poudre, extrait d'ail, sauce de soja en poudre, arôme d'oignon, antiagglomérant (E551), acidifiant (E330), colorants (E100, E160c) 0,5% d'arôme de poulet. Légumes déshydratés (5,5%) : oignons, carottes,champignons noirs (shiitake). Ce produit contient du gluten (farine de blé), du soja et du lait., Valeur énergétique en Joules :  364kj, Valeur énergétique en Kcal : 87kcal, Glucides : 11,8g, Lipides : 3,6g, Protides :1,8g]|"
29,25€ / Kg"|"
1,96 €"
3582|Nouilles Japonaises saveur boeuf Sukiyaki|Le pot de 67g|[Origine : FRANCE, Soupe de nouilles japonaises saveur boeuf 'Sukiyaki'., Ouvrir le couvercle à moitié et remplir d'eau bouillante jusqu'au repère. Refermer le couvercle et attendre 3 min. Bien mélanger. C'est prêt, bon appétit !, Nouilles déshydratées (82,8%) : farine de blé, huile végétale, sel, exhausteur de goût (E621), agents de traitement de la farine (E500, E451), antioxygène (E306) (contient du soja et du lactose), acidifiant (E330). Soupe déshydratée (10,5%) : sucre,exhausteurs de goût (E621, E635), sel, arôme de sauce soja, graines de sésame, épices (contient du céleri), 5,43% d'arôme de boeuf, colorant (E150c), poudre de cacao. Protéines de blé texturées (4,5%), légumes déshydratés (2.2%) : carottes, oignons verts. Le produit contient du gluten (farine de blé), du sésame, du céleri, du soja et du lait., Valeur énergétique en Joules :  367kj, Valeur énergétique en Kcal : 87kcal, Glucides : 11,3g, Lipides : 3,6g, Protides :2,6g]|"
29,25€ / Kg"|"
1,96 €"
3583|Nouilles sautées au curry|Le sachet de 108g|[Origine : HONGRIE, Nouilles de farine de blé sautées, assaisonnées goût curry., Porter 250 ml d'eau à ébullition. Casser les nouilles pour les réduire à une longueur idéale. Faire cuire les nouilles et les légumes dans l'eau pendant 2 à 3 minutes, jusqu'à ce que l'eau soit presque entièrement évaporée. Ajouter la sauce d'assaisonnement aux nouilles, bien mélanger et faire frire jusqu'à ce que l'eau soit entièrement évaporée. Servir immédiatement., Nouilles 82,7% (farine de blé, huile de palme, sel, agents de traitement de la farine (E500, E451), stabilisant E501, épaississant E412, antioxydant E306), sauce d'assaisonnement 16,5% (sucre, huile de colza, eau, protéines végétales hydrolysées, sel, poudre curry (3,5% dans la sauce d'assaisonnement), poudre de tomate, exhausteurs de goût (E621, E635), arômes (exhausteurs de goût : E627, E631, blé, soja), épices, vinaigre, colorant : caramel ordinaire, correcteur d'acidité : acide citrique, huile d'ail, thym), oignon vert., Valeur énergétique en Joules :  903,8kj, Valeur énergétique en Kcal : 218,9kcal, Glucides : 26,6g, Lipides : 0g, Protides :4,9g]|"
15,19€ / Kg"|"
1,64 €"
3584|Nouilles sautées Chili|Le sachet de 111g|[Origine : HONGRIE, Nouilles de farine de blé sautées assaisonnées goût chili., Portez 250 ml d'eau à l'ébullition. Casser les nouilles pour les réduire à une longueur idéale. Faire cuire les nouilles dans l'eau pendant 2 à 3 minutes, jusqu'à ce que l'eau soit presque entièrement évaporée. Ajouter la poudre et la sauce d'assaisonnement aux nouilles, bien mélanger et faire frire jusqu'à ce que l'eau soit entièrement évaporée. Servir immédiatement. Bon appétit !, Nouilles : farine de blé, huile de palme, sel, agents de traitement de la farine (E500, E451), stabilisant E501, épaississant E412, antioxydant E306). Sauce d'assaisonnement 10,9% (sauce Worcester (sucre, sauce soja (eau, fèves de soja, blé, sel, sucre), sel, exhausteurs de goût (E621, E635), épices, correcteur d'acidité : acide citrique, soupe de fruits et de légumes (tomates, oignons, carottes, ail, gingembre, ananas, orange, céleri), vinaigre, dextrose, édulcorant : sorbitol, colorant E150c),sucre, sauce soja (eau, fèves de soja, blé, sel, sucre), huile de riz, exhausteurs de goût (E627, E631), dextrose, sel, épices, colorant (E150c, protéines végétales hydrolysées, arômes (correcteur d'acidité  : acide citrique). Poudre d'assaisonnement  8,1% (sucre, dextrose, sel, poudre pour sauce Worcestershire (sauce Worcestershire (vinaigre, mélasse, sirop de maïs, sel, colorant E150d, épices (céleri, sucre, tamarin, arôme), maltodextrine), oignon vert, colorant : caramel ordinaire, exhausteur de goût (E621, E635), chili (4% dans la poudre d'assaisonnement), correcteurs d'acidité (E262, E330), épices, farine de blé, protéines végétales hydrolysées, poudre de soja (fèves de soja, blé, sel, maltodextrine), huile de colza, poudre de viandede porc, antiagglomérant (E551), fines herbes)., Valeur énergétique en Joules :  896,9kj, Valeur énergétique en Kcal : 217,4kcal, Glucides : 27,9g, Lipides : 0g, Protides :4,9g]|"
14,77€ / Kg"|"
1,64 €"
3585|Nouilles sautées classique|Le sachet de 109g|[Origine : HONGRIE, Nouilles de farine de blé sautées, assaisonnées goût classiques., Portez 250 ml d'eau à ébullition. Cassez les nouilles pour les réduire à une longueur idéale. Faites cuire les nouilles et les légumes dans l'eau pendant 2 à 3 minutes, jusqu'à ce que l'eau soit presque entièrement évaporée. Ajoutez la sauce d'assaisonnement aux nouilles, bien mélanger et faire frire jusqu'à ce que l'eau soit entièrement évaporée. Servir immédiatement. Bon Appétit !, Nouilles 82,8% (farine de blé, huile de palme, sel, agents de traitement de farine (E500, E451), stabilisant E501, épaississant E412, antioxydant E306). Sauce d'assaisonnement 16,5% (sauce Worcester (sucre, sauce soja (eau, fève de soja, blé, sel, sucre), sel, exhausteurs de goût (E621, E635), épices, correcteur d'acidité : acide citrique, soupe de fruits et de légumes (tomates, oignons, carottes, ail, gingembre, ananas, orange, céleri), vinaigre, dextrose, édulcorant : sorbitol, colorant E150c), sucre, sauce soja (eau, fèves de soja, blé, sel, sucre), huile de riz, exhausteurs de goût (E627, E631), dextrose, sel, épices, colorant E150c, protéines végétales hydrolysées, arômes, correcteur d'acidité : acide citrique), oignon vert., Valeur énergétique en Joules :  871kj, Valeur énergétique en Kcal : 211,4kcal, Glucides : 26g, Lipides : 0g, Protides :4,8g]|"
15,05€ / Kg"|"
1,64 €"
3586|Nouilles sautées Teriyaki|Le sachet de 110g|[Origine : HONGRIE, Nouilles de farine de blé sautées, assaisonnées goût Teriyaki., Porter 250 ml d'eau à ébullition. Casser les nouilles pour les réduire à une longueur idéale. Faire cuire les nouilles et les légumes dans l'eau pendant 2 à 3 minutes, jusqu'à ce que l'eau soit presque entièrement évaporée. Ajouter la sauce d'assaisonnement aux nouilles, bien mélanger et faire frire jusqu'à ce que l'eau soit entièrement évaporée. Servir immédiatement., Nouilles 81,5% (farine de blé, huile de palme, sel, agents de traitement de la farine (E500, E451), stabilisant E501, épaississant E412, antioxydant E306), sauce d'assaisonnement 17,8% (sauce soja (eau, fèves de soja, sel, blé), sucre, huile de colza, dextrose, exhausteurs de goût (E621, E635), protéines végétales hydrolysées, sel, épices, arômes (céleri), colorant : caramel ordinaire, poudre de poulet, amidon modifié), oignon vert., Valeur énergétique en Joules :  912,1kj, Valeur énergétique en Kcal : 221,6kcal, Glucides : 26,3g, Lipides : 0g, Protides :4,8g]|"
14,91€ / Kg"|"
1,64 €"
3587|Pâte de Wasabi|Le tube de 43g|[Origine : JAPON, Pâte de Wasabi (pâte de raifort avec Wasabi Japonaise)., Une consommation excessive peut avoir des effets laxatifs., Raifort 31,7%, humectant : E420, huile de son de riz, sel, dextrine Wasabi Japonica 4,5%, fécule de pomme de terre, eau, arôme, curcuma, acidifiant : E330, épaississant : E415, colorant : E133. Ce produit est fabriqué dans une usine qui manipule de noix. Ce produit ne contient ni arachide ni noix., Conserver au réfrigérateur après l'ouverture.]|"
69,30€ / Kg"|"
2,98 €"
3588|Algues nori, feuilles d'algues grillées|Le sachet de 17,5g|[Origine : FRANCE, Indispensables à l'élaboration des maki-sushis, les Yaki-Nori (ou algues grillées) sont des algues cultivées dans les eaux japonaises, puis grillées. Les algues Nori japonaises sont croustillantes, très parfumées et de couleur opaque. Elles se roulent et se coupent facilement pour réaliser des maki-sushis. Leur saveur relevée permet aussi de parfumer de nombreux plats japonais. Emiettées, elles donnent une touche croustillante à une salade ou à un riz blanc. En lamelles, elles se marient parfaitement à des bouillons de légumes et tous types de sauces japonaises., Attention, ce paquet contient un petit sachet qui absorbe l'humidité afin de vous garantir une bonne qualité des algues. Ne pas le manger ! Les personnes ayant des allergies alimentaires peuvent joindre notre service consommateurs., Nori (Porphyra Yezoensis)., A conserver dans un endroit sec, frais et à l'abri de la lumière. Après ouverture, à conserver dans un récipient hermétique au réfrigérateur, et à consommer dans la semaine.]|"
153,89€ / Kg"|"
2,77 €"
3589|Bol de nouilles japonaises et sauce saveur teriyaki|Le bol de 280g|[Origine : THAILANDE, Ces nouilles typiquement japonaises, les Ramen, sont servies accompagnées d'une sauce saveur Teriyaki (sauce soja sucrée) et de graines de sésame. Prévu pour une personne, ce délicieux repas est très facile à préparer et peut être savouré quel que soit l'endroit grâce à la fourchette incluse. Un total dépaysement le temps d'un déjeuner nomade !, Pour une personne. Mettre les Ramen (nouilles japonaises) dans le bol, les recouvrir du contenu du sachet de sauce. Passer au micro-onde pendant 3 minutes. Mélanger délicatement les nouilles avec la sauce. C'est prêt ! Les personnes ayant des allergies peuvent contacter notre service consommateurs., Ramen (nouilles japonaise) 190 g : farine de blé 51%, eau, huile de riz, sel, acidifiants : acide lactique, glucono delta lactone, épaississants : orthophosphates de sodium, carbonates de sodium, antioxydant : alpha tocophérol. Sauce saveur tériyaki90 g : eau, sucre, sauce de soja 8,5% (fèves de soja, farine de blé, eau, sel), graines de sésame 5%, carotte, sirop de glucose, ail, oignon, amidon modifié, gingembre, huile de sésame, huile de riz, sel, pâte de soja (fèves de soja, farine de blé, sel), extrait de levure. Produit fabriqué en Thaïlande selon une recette traditionnelle du Japon., Valeur énergétique en Joules :  679Kj, Valeur énergétique en Kcal : 160Kcal, Glucides : 28,5g, Lipides : 3,1g, Protides :4,1g, A conserver dans un endroit sec, frais et à l'abri de la lumière directe du soleil.]|"
13,07€ / Kg"|"
3,66 €"
3590|Condiment wasabi|Le tube de 43g|[Origine : JAPON, Le wasabi est à la cuisine japonaise ce que la moutarde est à la cuisine française : un condiment indispensable pour relever facilement vos plats ! Le wasabi ou raifort japonais, est une variété de radis consommée depuis toujours par les japonais. Initialement râpé, Tanoshi le propose en tube pour une utilisation pratique : prêt à consommer., Prêt à consommer. A utiliser comme une moutarde. Idéal pour accompagner les sushis, le Wasabi relèvera aussi les plats de viandes, poissons, salades nouilles. Une consommation excessive peut avoir des effets laxatifs. Nous invitons les personnes allergiques souhaitant plus d'informations à contacter notre service consommateurs., Raifort, édulcorant : sorbitol, sucre, amidon de maïs, huile de colza, sel, farine de soja, eau, wasabi (1,6%), arôme, curcuma, acidifiant : acide citrique, émulsifiant : E473, épaississant : gomme xanthane, colorant : E133., Avant ouverture, à conserver dans un endroit sec, frais et à l'abri de la lumière directe du soleil. Conserver au réfrigérateur après ouverture.]|"
81,16€ / Kg"|"
3,49 €"
3591|Crackers japonais, saveur wasabi|Le sachet de 125g|[Origine : PAYS-BAS, Tanoshi vous propose un assortiment de crackers de riz et de cacahuète, délicatement relevés au wasabi pour un apéritif original qui réveillera vos papilles !, Prêt à consommer, idéal pour égayer l'apéritif et s'initier aux saveurs du Japon., A conserver dans un endroit frais et sec, à l'abri de la lumière directe du soleil.]|"
17,20€ / Kg"|"
2,15 €"
3592|Gingembre en fines lamelles|Le pot de 200g|[Origine : FRANCE, Condiment incontournable de la cuisine japonaise, le gingembre (en japonais shooga) est utilisé surtout émincé dans les potages, les marinades et les courts-bouillon. Il sert aussi d'assaisonnement pour les poissons et les sushis., Les personnes ayant des allergies alimentaires peuvent joindre notre service consommateurs., A conserver dans un endroit sec, frais et à l'abri de la lumière. A conserver au réfrigérateur après ouverture et à consommer rapidement.]|"
20,05€ / Kg"|"
4,01 €"
3594|Kit sushi pour préparer 24 sushis|Le kit de 289g|[Origine : FRANCE, Ce kit comprend : 3 feuilles d'Algues Nori, riz à sushi : 200 g, Wasabi, assaisonnement pour riz à sushi, sauce soja, gingembre, 1 natte de bambou. Ajoutez : poissons, crevettes, légumes crus, Pour 2 personnes. Lavez le riz à sushi à l'eau froide jusqu'à ce que l'eau soit bien claire, puis l'égoutter. Versez le riz et environ 350 ml d'eau dans une casserole avec un couvercle et portez à ébullition. Puis maintenir sur feu moyen pendant 2 à3 minutes. Ensuite, laissez cuire à feu doux jusqu'à ce que l'eau soit absorbée (environ 12 minutes). Laissez reposer 10 minutes, couvercle fermé. Déposez le riz dans un saladier. Versez l'assaisonnement pour riz à sushi sur le riz en mélangeant délicatement pour ne pas écraser les grains. Eventez le riz pendant quelques minutes jusqu'à ce qu'il soit à température ambiante. Les personnes ayant des allergies alimentaires peuvent joindre notre service consommateurs. Attention, le paquet d'Algues Nori contient un petit sachet qui absorbe l'humidité afin de vous garantir une bonne qualité des algues. Ne pas le manger !, Algues Nori : Algue Porphyra Yezoensis grillée (100%). Riz à sushi : riz rond (100%). Wasabi : raifort, édulcorant : sorbitol, sucre, amidon de maïs, huile de colza, sel, farine de soja, eau, Wasabi (1,6%), arôme, curcuma, acidifiant : acide citrique, émulsifiant : sucroesters d'acide gras, épaississant : gomme de xanthane, colorant : bleu brillant FCF. Une consommation excessive peut avoir des effets laxatifs. Assaisonnement pour le riz à sushi : eau, vinaigre de riz (eau, riz), sucre brun, sel. Sauce soja : eau, fèves de soja dégraissées (18%), blé, sel (blé, soja). Nous vous informons que ce produit contient environ 1,9% d'alcool en volume. Gingembre en fines lamelles : gingembre de Thaïlande (60%), eau, sel, vinaigre de sucre de canne,acidifiants : acide acétique et acide citrique, édulcorants : aspartame, saccharine de sodium et sucralose, conservateur : sorbate de potassium. Contient une source de phénylalanine., Avant ouverture, à conserver dans un endroit frais, sec et à l'abri de la lumière directe du soleil. Après ouverture, à consommer rapidement.]|"
29,55€ / Kg"|"
8,54 €"
3595|Mix sésame à saupoudrer sur makis, salades et autres plats|Le flacon de 60g|[Origine : FRANCE, A saupoudrer sur makis, salades et autres plat. Ces graines ont été cultivées en Inde., Les personnes ayant des allergies alimentaires peuvent joindre notre service consommateurs., Graines de sésame blanc (66,7%), graines de sésame noir (33,3%)., Valeur énergétique en Joules :  2700Kj, Valeur énergétique en Kcal : 654Kcal, Glucides : 2,1g, Lipides : 59,5g, Protides :22,3g, A conserver dans un endroit sec, frais et à l'abri de la lumière directe du soleil.]|"
49,00€ / Kg"|"
2,94 €"
3596|Nouilles japonaises, porc tonkotsu|Le bol de 65g|[Origine : FRANCE, Spécialité japonaise originaire de l'Ile du sud de Kyushu, le Tonkotsu est un bouillon au goût de porc de couleur blanche qui accompagne idéalement les nouilles japonaises. Fourchette incluse., Pour 1 personne. Ouvrir le couvercle à moitié, verser le sachet d'assaisonnement et remplir d'eau bouillante jusqu'au repère. Refermer le couvercle et attendre 3 minutes. Bien mélanger. C'est prêt ! Les personnes ayant des allergies alimentaires peuvent joindre notre service consommateurs., Nouilles (54 g) : farine de blé 67%, huile de palme hydrogénée (antioxydants : hydroxyanisol butyle, hydroxytoluène butyle), amidon de tapioca, sel, épaississant : carboxyméthylcellulose, régulateurs d'acidité : triphosphate pentasodique, carbonate de potassium, carbonate de sodium. Assaisonnement saveur Tonkotsu (11 g) : légumes déshydratés 3,4% (carotte, oignons), sel, sucre, poudre de soja, poudre dhuile (palme non hydrogénée), arôme Tonkotsu, poudre de sésame, épices (ail, gingembre, poivrenoir, Chili), exhausteurs de goûts : inosinate disodique, guanylate disodique, glycinate de sodium. Nouilles japonaises fabriquées au Vietnam selon une recette japonaise., Valeur énergétique en Joules :  1881Kj, Valeur énergétique en Kcal : 448Kcal, Glucides : 62,2g, Lipides : 17,2g, Protides :9,2g, A conserver dans un endroit sec, frais et à l'abri de la lumière directe du soleil.]|"
24,15€ / Kg"|"
1,57 €"
3597|Nouilles Japonaise saveur crevette|La cup de 65g|[Origine : FRANCE, Valeur énergétique en Joules :  1900kj, Valeur énergétique en Kcal : 452kcal, Glucides : 64,6g, Lipides : 16,4g, Protides :9,96g]|"
24,15€ / Kg"|"
1,57 €"
3598|Nouilles japonaises précuites, assaisonnement crevettes|Le sachet de 360g|[Origine : JAPON, Parfois servies en bouillon à base de soja, porc ou Miso, les Ramen peuvent être agrémentées de garnitures au choix : légumes, viande ou fruits de mer., 2 personnes. Préparation pour Ramen sautées : faire revenir les Ramen (nouilles japonaises précuites) dans une poêle avec 1/2 cuillère à soupe d'huile pendant 30 secondes. Ajouter 2 cuillerées d'eau. Verser ensuite le contenu du sachet d'assaisonnement sur les nouilles et remuer le tout pendant 2 minutes. Préparation pour Ramen en soupe : plonger les Ramen (nouilles japonaises précuites) dans une casserole d'eau bouillante (180 ml d'eau par sachet de nouilles) pendant 1 minutes à feu doux en remuant pour séparer les nouilles. Ajouter le sachet d'assaisonnement et remuer pendant 2 minutes., Nouilles précuites : farine de blé (58%), eau, amidon de tapioca, huile de colza, sel, gluten, stabilisants : gomme guar, carbonates de potassium, poudre à lever : carbonates de sodium, correcteurs d'acidité : acide acétique, acide lactique. Assaisonnement crevettes : sucre, sel, épaississant : adipate de diamidon acétylé, exhausteurs de goût : glutamate monosodique, guanylate disodique, inosinate disodique, assaisonnement crevettes (glucose, protéines de soja hydrolysées, crevettes en poudres 2,5%, extrait de levure, arôme poisson), poudre de chili, poivre blanc, ail en poudre, ciboulette, colorant : caramel au sulfite d'ammonium, gingembre, huile de colza, anti-agglomérant : dioxyde de silicium, colorant : extrait de paprika. Nouilles japonaises précuites fabriquées en Corée selon une recette traditionnelle du Japon., A conserver dans un endroit sec, frais et à l'abri de la lumière directe du soleil.]|"
8,56€ / Kg"|"
3,08 €"
3599|Nouilles japonaises précuites, assaisonnement soja caramel|Le sachet de 360g|[Origine : JAPON, Les Ramen ou nouilles, ont été importées de Chine il y a bien longtemps et se sont intégrées dans la culture culinaire japonaise. Parfois servies dans un bouillon à base de soja, porc ou Miso, les Ramen peuvent être agrémentées de garnitures au choix : légumes, viandes ou fruits de mer. Aujourd'hui, chaque région du Japon est fière de SA recette de Ramen !, Pour 2 personnes. Préparation pour Ramen sautées : faire revenir les Ramen (nouilles japonaises précuites) dans une poêle avec 1/2 cuillère à soupe d'huile pendant 30 secondes. Ajouter 2 cuillerées d'eau. Verser ensuite le contenu du sachet d'assaisonnement sur les nouilles et remuer le tout pendant 2 minutes. Préparation pour Ramen en soupe : plonger les Ramen (nouilles japonaises précuites) dans une casserole d'eau bouillante (180 ml d'eau par sachet de nouilles) pendant 1 minutes à feu doux en remuant pour séparer les nouilles. Ajouter le sachet d'assaisonnement et remuer pendant 2 minutes. Les personnes ayant des allergies alimentaires peuvent joindre notre service consommateurs., Nouilles japonaises précuites : farine de blé (58%), eau, amidon modifié de tapioca, huile de colza, sel, gluten, stabilisants : gomme guar, carbonates de potassium, poudre à lever : carbonates de sodium, correcteurs d'acidité : acide acétique, acidelactique. Assaisonnement soja caramel : sucre, sel, sauce soja en poudre 13.3% (sel, farine de blé, fèves de soja 42%, exhausteur de goût : glutamate monosodique, caramel 0.5%), exhausteur de goût : glutamate monosodique, ail, sésame. Nouilles japonaises précuites fabriquées en Corée selon une recette traditionnelle du Japon., A conserver dans un endroit sec, frais et à labri de la lumière directe du soleil.]|"
8,56€ / Kg"|"
3,08 €"
3600|Nouilles japonaises précuites, saveur boeuf|Le sachet de 360g|[Origine : FRANCE, Les Ramen ou nouilles, ont été importées de Chine il y a bien longtemps et se sont intégrées dans la culture culinaire japonaise. Parfois servies dans un bouillon à base de soja, porc ou, les Ramen peuvent être agrémentées de garnitures au choix :légumes, viandes ou fruits de mer. Aujourd'hui, chaque région du Japon est fière de sa recette de Ramen !, Pour 2 personnes. Préparation pour Ramen sautées : faire revenir les Ramen (nouilles japonaises précuites) dans une poêle avec 1/2 cuillère à soupe d'huile pendant 30 secondes. Ajouter 2 cuillerées d'eau. Verser ensuite le contenu du sachet d'assaisonnement sur les nouilles et remuer le tout pendant 2 minutes. Préparation pour Ramen en soupe : plonger les Ramen (nouilles japonaises précuites) dans une casserole d'eau bouillante (180 ml d'eau par sachet de nouilles) pendant 1 minutes à feu doux en remuant pour séparer les nouilles. Ajouter le sachet d'assaisonnement et remuer pendant 2 minutes. Les personnes ayant des allergies alimentaires peuvent joindre notre service consommateurs., Nouilles japonaises précuites : farine de blé (58%), eau, amidon modifié de tapioca, huile de colza, sel, gluten, stabilisants : gomme guar, carbonates de potassium, poudre à lever : carbonates de sodium, correcteur dacidité : acide acétique, acidelactique. Assaisonnement : assaisonnement saveur sauce soja (sel, sucre, maltodextrine, extrait de levure, exhausteurs de goût : glutamate monosodique, guanylate disodique, inosinate disodique, poivre noir, colorant : caramel au sulfite dammonium, gingembre, soja en poudre : 1,2%) , assaisonnement saveur bouillon de boeuf 26% (sel, extrait de levure, maltodextrine, sucre, exhausteurs de goût : glutamate monosodique, guanylate disodique, inosinate disodique), farine de blé, épices (poivre de Jamaïque, graine danis, cannelle), gingembre) , sucre, correcteur dacidité : acide citrique, persil, anti-agglomérant : dioxyde de silicium, gingembre., A conserver dans un endroit sec, frais et à l'abri de la lumière directe du soleil.]|"
8,56€ / Kg"|"
3,08 €"
3601|Barquettes choco-noisettes|Le paquet de 120g|[Origine : FRANCE, Sucre, farine de blé 19,5%, matière grasse végétale, oeufs 13,5%, chocolat en poudre 13% (sucre, cacao en poudre), pâte de noisette 5,5%, lait écrémé en poudre 4,5%, sirop de glucose-fructose, émulsifiants : E471, lécithine de soja, poudre à lever :carbonate acide de sodium, diphosphate disodique, sel, acidifiant : acide citrique, arômes. Traces d'amande., Valeur énergétique en Joules :  2046kj, Valeur énergétique en Kcal : 488kcal, Glucides : 62g, Lipides : 23g, Protides :6,9g, A conserver dans un endroit frais et sec.]|"
6,92€ / Kg"|"
0,83 €"
3602|Barres biscuitées avec tablette de chocolat au lait et aux noisettes fourrées au lait|Le paquet de 125g|[Origine : FRANCE, Barres biscuitées avec tablette de chocolat au lait et noisettes fourrées au lait., Biscuit 38,5 % : farine de blé, sucre, beurre pâtissier, lait entier en poudre, poudres à lever : carbonate acide d'ammonium, carbonate acide de sodium, diphosphate disodique, sel, arôme. Chocolat au lait et aux noisettes 38 % : sucre, beurre et pâtede cacao, lait écrémé en poudre, noisettes 5 %, matière grasse laitière anhydre, lactosérum en poudre, sirop de glucose de blé, émulsifiant : lécithine de soja. Fourrage lait 23,5 % : sucre, lait entier en poudre 33 %, matières grasses végétales {coprah et colza), lactose, lait écrémé en poudre 3 %, émulsifiant : lécithine de soja, arômes. Traces éventuelles d'arachide, d'oeufs et de sésame., Valeur énergétique en Joules :  2177Kj, Valeur énergétique en Kcal : 520Kcal, Glucides : 61g, Lipides : 27g, Protides :7,4g, A conserver à l'abri de la chaleur et de l'humidité.]|"
14,56€ / Kg"|"
1,82 €"
3603|Bâtonnets enrobés de chocolat au lait|Le paquet de 150g|[Origine : FRANCE, Chocolat au lait 48% (sucre, beurre de cacao, pâte de cacao, lait écrémé en poudre, beurre concentré, émulsifiant : lécithine de soja, arôme), farine de blé, graisse végétale (palme), sucre, sirop de glucose de blé, sel, poudres à lever : carbonate acide de sodium et carbonate acide d'ammonium. Traces d'oeufs et de fruits à coque et d'arachide., Valeur énergétique en Joules :  2166Kj, Valeur énergétique en Kcal : 517Kcal, Glucides : 66g, Lipides : 25g, Protides :7g, A conserver à l'abri de la chaleur et de l'humidité.]|"
7,27€ / Kg"|"
1,09 €"
3604|Biscuits au beurre avec tablette de chocolat au lait|Le paquet de 150g|[Origine : FRANCE, Biscuit 52% : farine de blé, sucre, beurre concentré (soit 14,7% en beurre reconstitué), poudres à lever : carbonate acide d'ammonium, carbonate acide de sodium, diphosphate disodique, sirop de glucose-fructose de blé, sel, acidifiant : acide citrique. Chocolat au lait 48% : sucre, beurre de cacao, pâte de cacao, lait entier en poudre, lactose, matière grasse laitière anhydre, émulsifiant : lécithine de soja, arôme vanille. Traces d'arachide, d'oeufs et de fruits à coque., Valeur énergétique en Joules :  2060Kj, Valeur énergétique en Kcal : 491Kcal, Glucides : 66gg, Lipides : 22g, Protides :6g, A conserver à l'abri de la chaleur et de l'humidité.]|"
7,33€ / Kg"|"
1,10 €"
3605|Biscuits au beurre avec tablette de chocolat au lait|Le paquet de 250g|[Origine : FRANCE, Biscuit 52% : farine de blé, sucre, beurre concentré (soit 14,7% en beurre reconstitué), poudres à lever : carbonate acide d'ammonium, carbonate acide de sodium, diphosphate disodique, sirop de glucose-fructose de blé, sel, acidifiant : acide citrique. Chocolat au lait 48% : sucre, beurre de cacao, pâte de cacao, lait entier en poudre, lactose, matière grasse laitière anhydre, émulsifiant : lécithine de soja, arôme vanille. Traces d'arachide, d'oeufs et de fruits à coque. Elaboré en France., Valeur énergétique en Joules :  2060Kj, Valeur énergétique en Kcal : 491Kcal, Glucides : 66g, Lipides : 22g, Protides :6g, A conserver à l'abri de la chaleur et de l'humidité.]|"
7,40€ / Kg"|"
1,85 €"
3606|Biscuits au cacao maigre et à l'arôme naturel de vanille|Le paquet de 120g|[Origine : FRANCE, Valeur énergétique en Joules :  2001kj, Valeur énergétique en Kcal : 477kcal, Glucides : 68g, Lipides : 20g, Protides :6,2g]|"
13,58€ / Kg"|"
1,63 €"
3607|Biscuits aux billettes de céréales nappés chocolat au lait|Le paquet de 200g|[Origine : FRANCE, Biscuits aux billettes de céréale nappés chocolat au lait., Farine de blé, sucre, chocolat au lait 12% (sucre, beurre de cacao, poudre de lait entier, masse de cacao, émulsifiant : lécithine de soja, arôme), huile de colza, billettes de céréale 10% (farine de blé, sucre, malt de blé, poudre à lever : carbonates de sodium, sel, émulsifiant : lécithine de colza, arôme), beurre, amidon de blé, amande en poudre, émulsifiant : lécithine de soja, sel, poudres à lever : diphosphates, carbonates de sodium. Traces d'autres fruits à coques, d'oeufs et de graines de sésame., Valeur énergétique en Joules :  2099kj, Valeur énergétique en Kcal : 501kcal, Glucides : 65g, Lipides : 24g, Protides :5,5g, A conserver à l'abri de la chaleur et de l'humidité.]|"
10,05€ / Kg"|"
2,01 €"
3608|Biscuits fourrés au cacao maigre|Le paquet de 225g|[Origine : FRANCE, Les biscuits fourrés cacao monoprix sauront satisfaire les plus gourmands à l'heure du goûter., Farine de blé, sucre, huiles et matières grasses végétales de palme, cacao maigre en poudre 7%, chocolat en poudre 5% (sucre, cacao en poudre 1,6%), oeufs, lait écrémé en poudre, pâte de noisettes, poudres à lever : carbonate acide de sodium, diphosphate disodique, sel, émulsifiant : lécithine de soja. Présence possible d'arachides, de sésame et d'autres fruits à coques., Valeur énergétique en Joules :  2047Kj, Valeur énergétique en Kcal : 488Kcal, Glucides : 65g, Lipides : 22g, Protides :7,5g, A conserver à l'abri de la chaleur et de l'humidité.]|"
5,47€ / Kg"|"
1,23 €"
3609|Crêpes dentelle au chocolat noir|Le paquet 100g|[Origine : FRANCE, Pour sa gamme bretonne MONOPRIX GOURMET s'est allié à un célèbre biscuitier qui, grâce à son savoir-faire et la sélection, de ses ingrédients, vous propose un, produit  de grande qualité., Chocolat noir 43% (cacao : 53% minimum) (pâte de cacao, sucre, beurre de cacao, beurre pâtissier, émulsifiant : lécithine de soja, vanille naturelle), farine de blé, sucre, beurre pâtissier, matières grasses végétales de coprah et palmiste, lactose,protéines de lait, sel, extrait de malt d'orge, poudre à lever : carbonate acide de sodium., Valeur énergétique en Joules :  2041, Valeur énergétique en Kcal : 487, Glucides : 64, Lipides : 23, Protides :6]|"
18,30€ / Kg"|"
1,83 €"
3610|Galettes suédoises aux flocons d'avoine et au chocolat|Le paquet de 150g|[Origine : FRANCE, Galettes doubles aux flocons d'avoine et au chocolat., Sucre, chocolat 23% (sucre, pâte de cacao, beurre de cacao, émulsifiant : lécithine de soja, arôme), flocons d'avoine 20%, margarine (matières grasses végétales (palme, colza, coco), eau, sel, émulsifiant : mono- et diglycérides d'acides gras, arômenaturel, antioxydant : acide citrique, colorant : béta-carotène), farine de blé, poudre d'oeufs, poudres à lever : carbonate acide de sodium, diphosphate disodique, carbonate acide d'ammonium., Valeur énergétique en Joules :  2173Kj, Valeur énergétique en Kcal : 508Kcal, Glucides : 61g, Lipides : 26g, Protides :5,5g, A conserver à l'abri de la chaleur et de l'humidité.]|"
14,60€ / Kg"|"
2,19 €"
3611|Génoise garnie à la purée de fraise|Le paquet de 120g|[Origine : FRANCE, Sirop de glucose-fructose, purée de fraise 27,5%, sucre, farine de blé, oeufs 16,5%, amidon de blé, gélifiant : pectines, correcteur d'acidité : acide citrique, arômes. Traces de lait et de fruits à coque. Elaboré en France., Valeur énergétique en Joules :  1470Kj, Valeur énergétique en Kcal : 347Kcal, Glucides : 75g, Lipides : 2,8g, Protides :4,6g, A conserver dans un endroit frais et sec.]|"
6,42€ / Kg"|"
0,77 €"
3612|Génoises nappées à la cerise et recouvertes de chocolat blanc|Le paquet de 150g|[Origine : ALLEMAGNE, Fourrage à la cerise 55% : sucre, sirop de glucose-fructose, jus de cerise à base de jus concentré 17%, gélifiant : pectine, acidifiant : acide citrique, arôme. Biscuit 26% : Farine de blé, sucre, oeuf entier 21%, graisse végétale (palme), stabilisant : sirop de sorbitol, sirop de glucose-fructose, amidon de blé, poudres à lever : carbonate acide d'ammonium, carbonate acide de sodium et citrates de sodium, amidon de tapioca, émulsifiant : mono- et diglycérides d'acides gras, sel. Nappage chocolat blanc 16% : sucre, beurre de cacao, lait écrémé en poudre, beurre concentré, émulsifiant : lécithine de soja, arôme. Nappage chocolat noir 3% : pâte de cacao, sucre, beurre de cacao, émulsifiant : lécithine de soja, arôme. Traces de fruits à coques., Valeur énergétique en Joules :  1599Kj, Valeur énergétique en Kcal : 379Kcal, Glucides : 69g, Lipides : 10g, Protides :3g, A conserver à l'abri de la chaleur et de l'humidité.]|"
6,40€ / Kg"|"
0,96 €"
3613|Génoises nappées à la framboise et recouvertes de chocolat noir|Le paquet de 150g|[Origine : ALLEMAGNE, Fourrage à la framboise 55% : sirop de glucose-fructose, sucre, jus de framboise à base de jus concentré 26%, gélifiant : pectine, acidifiant : acide citrique, arôme. Biscuit 28% : Farine de blé, sucre, oeuf entier 21 %, graisse végétale (palme), stabilisant : sirop de sorbitol, sirop de glucose-fructose, amidon de blé, poudres à lever : carbonate acide d'ammonium, carbonate acide de sodium et citrates de sodium, amidon de tapioca, émulsifiants : mono- et diglycérides d'acides gras, sel. Nappagechocolat noir 17% : pâte de cacao, sucre, beurre de cacao, émulsifiant : lécithine de soja, arôme. Traces de fruits à coque et de lait., Valeur énergétique en Joules :  1599Kj, Valeur énergétique en Kcal : 379Kcal, Glucides : 69g, Lipides : 10g, Protides :3g, A conserver à l'abri de la chaleur et de l'humidité.]|"
6,73€ / Kg"|"
1,01 €"
3614|Génoises nappées de marmelade d'orange et de chocolat noir|Le paquet de 150g|[Origine : ALLEMAGNE, Fourrage à la marmelade d'orange 55% : Sucre, sirop de glucose-fructose, jus d'orange à base de jus concentré 20%, gélifiant : pectine, acidifiant : acide citrique, arôme. Biscuit 28% : Farine de blé, sucre, oeuf entier 21 %, graisse végétale (palme), stabilisant : sirop de sorbitol, sirop de glucose-fructose, amidon de blé, poudres à lever : carbonate acide d'ammonium, carbonate acide de sodium et citrates de sodium, amidon de tapioca, émulsifiants : mono- et diglycérides d'acides gras, sel. Nappage chocolat noir 17% : Pâte de cacao, sucre, beurre de cacao, émulsifiant : lécithine de soja, arôme. Traces de fruits à coques et de lait., Valeur énergétique en Joules :  1599Kj, Valeur énergétique en Kcal : 379Kcal, Glucides : 69g, Lipides : 10g, Protides :3g, A conserver à l'abri de la chaleur et de l'humidité.]|"
6,73€ / Kg"|"
1,01 €"
3615|Goûter fourré au cacao, sachets fraîcheur, certifié AB|Le paquet de 185g|[Origine : FRANCE, Biscuits fourrés au cacao maigre issus de l'agriculture biologique., Farine de blé* 49%, sucre de canne*, matières grasses végétales non hydrogénées* (huile de palme*, huile de coprah*), poudre de cacao maigre* 6%, lait écrémé en poudre*, oeufs entiers, poudres à lever: carbonates acides d'ammonium et de sodium, sel,épaississant: gomme d'acacia. Présence possible d'arachide, de soja et de fruits à coque. *ingrédients issus de l'agriculture biologique., Valeur énergétique en Joules :  2014Kj, Valeur énergétique en Kcal : 480kcal, Glucides : 67g, Lipides : 19g, Protides :8,6g, A conserver dans un endroit sec et frais.]|"
11,24€ / Kg"|"
2,08 €"
3616|Goûter fourré au cacao, sachets fraîcheur, certifié AB|Le paquet de 185g|[Origine : FRANCE, Biscuits fourrés au cacao maigre issus de l'agriculture biologique., Farine de blé* 49%, sucre de canne*, matières grasses végétales non hydrogénées* (huile de palme*, huile de coprah*), poudre de cacao maigre* 6%, lait écrémé en poudre*, oeufs entiers, poudres à lever: carbonates acides d'ammonium et de sodium, sel,épaississant: gomme d'acacia. Présence possible d'arachide, de soja et de fruits à coque. *ingrédients issus de l'agriculture biologique., Valeur énergétique en Joules :  2014Kj, Valeur énergétique en Kcal : 480kcal, Glucides : 67g, Lipides : 19g, Protides :8,6g, A conserver dans un endroit sec et frais.]|"
11,24€ / Kg"|"
2,08 €"
3617|Goûter fourré au chocolat|Le paquet de 330g|[Origine : FRANCE, Tes goûters parfum choco, c'est des céréales pour faire le plein d'énergie., Céréales 51% (farines de blé et de seigle), sucre, matières grasses végétales hydrogénées et non hydrogénées (palme, coprah, colza), sirop de glucose, poudre de cacao maigre 4%, lactose, poudre de à lever : carbonate acide d'ammonium, carbonate acidede sodium, diphosphate disodique, lait entier et écrémé en poudre, sel, arômes vanille (colorant : E150b),  émulsifiants : E472e, lécithine de soja, protéines de lait, antioxygène : E307, agent  de traitement de la farine : disulfite de sodium. Traces d'arachides, d'oeufs et de fruits à coque., A conserver à l'abri de la chaleur et de l'humidité.]|"
2,73€ / Kg"|"
0,90 €"
3618|Goûters fourrés goût chocolat riche en céréales|Le lot de 2 paquets de 330g|[Origine : FRANCE, Céréales 51% (farines de blé et de seigle), sucre, matières grasses végétales hydrogénées et non hydrogénées (palme, coprah, colza), sirop de glucose, poudre de cacao maigre 3,9%, lactose, poudres à lever : carbonate acide d'ammonium, carbonate acidede sodium, diphosphate disodique, lait écrémé et entier en poudre, sel, arômes, émulsifiants :  lécithine de tournesol, protéines de lait. Traces de soja, d'oeufs et de fruits à coque., Valeur énergétique en Joules :  1991kj, Valeur énergétique en Kcal : 474kcal, Glucides : 70g, Lipides : 18g, Protides :6,3g, A conserver à l'abri de la chaleur et de l'humidité.]|"
2,56€ / Kg"|"
1,69 €"
3619|Mini biscuits au chocolat au lait, certifié AB|Le paquet de 160g|[Origine : FRANCE, Monoprix a sélectionné pour vous, avec des entreprises partenaires, des produits issus de l'agriculture biologique. Leurs modes de production et de transformation sont contrôlés et certifiés par un organisme indépendant, conformément à la législationen vigueur.Les producteurs emploient des fertilisants respectueux de l'environnement et pratiquent la rotation des cultures afin de garder des sols vivants et une fertilité durable., Farines de blé* 48%, chocolat au lait* 25% (sucre*, beurre de cacao*, poudre de lait entier*, pâte de cacao*), sucre de canne roux* 17%, huile de palme*, oeufs entiers*, sel, poudre à lever : carbonate acide d'ammonium. *Ingrédients issus de l'agriculture biologique. Présence possible d'arachide, de soja et de fruits à coque., Valeur énergétique en Joules :  2071Kj, Valeur énergétique en Kcal : 494kcal, Glucides : 66g, Lipides : 22g, Protides :6,9g, A conserver à l'abri de la chaleur et de l'humidité.]|"
13,00€ / Kg"|"
2,08 €"
3620|Mini biscuits au chocolat au lait, certifié AB|Le paquet de 160g|[Origine : FRANCE, Monoprix a sélectionné pour vous, avec des entreprises partenaires, des produits issus de l'agriculture biologique. Leurs modes de production et de transformation sont contrôlés et certifiés par un organisme indépendant, conformément à la législationen vigueur.Les producteurs emploient des fertilisants respectueux de l'environnement et pratiquent la rotation des cultures afin de garder des sols vivants et une fertilité durable., Farines de blé* 48%, chocolat au lait* 25% (sucre*, beurre de cacao*, poudre de lait entier*, pâte de cacao*), sucre de canne roux* 17%, huile de palme*, oeufs entiers*, sel, poudre à lever : carbonate acide d'ammonium. *Ingrédients issus de l'agriculture biologique. Présence possible d'arachide, de soja et de fruits à coque., Valeur énergétique en Joules :  2071Kj, Valeur énergétique en Kcal : 494kcal, Glucides : 66g, Lipides : 22g, Protides :6,9g, A conserver à l'abri de la chaleur et de l'humidité.]|"
13,00€ / Kg"|"
2,08 €"
3621|Petit beurre|Le paquet de 200g|[Origine : FRANCE, Farine de blé 70%, sucre, beurre concentré 13% (soit 15% de beurre reconstitué), lait entier en poudre, lait demi-écrémé, poudres à lever (carbonate acide d'ammonium, carbonate acide de sodium, diphosphate disodique), sel, blancs d'oeufs en poudre, jaunes d'oeufs en poudre, arôme. Traces de fruits à coque et de soja., Valeur énergétique en Joules :  1921kj, Valeur énergétique en Kcal : 457kcal, Glucides : 71g, Lipides : 15f, Protides :8,2g, A conserver à l'abri de la chaleur et de l'humidité. A consommer rapidement après ouverture.]|"
4,70€ / Kg"|"
0,94 €"
3622|Petit beurre avec tablette de chocolat noir, certifié AB|Le paquet de 150g|[Origine : FRANCE, Monoprix a sélectionné pour vous, avec des entreprises partenaires, des produits issus de l'agriculture biologique. Leurs modes de production et de transformation sont contrôlés et certifiés par un organisme indépendant conformément à la réglementation en vigueur. Les producteurs emploient des fertilisants respectueux de l'environnement et pratiquent la rotation des cultures afin de garder des sols vivants et une fertilité durable. Agissons pour demain tous les jours., Chocolat noir* 48% (sucre de canne*, pâte de cacao*, beurre de cacao* 8%, lait entier en poudre*, arôme naturel vanille), farine de blé* 36%, sucre de canne*, beurre* 9%, lait écrémé en poudre*, poudres à lever : carbonate acide d'amonium et de sodium, acide tartrique, sel marin, arôme naturel. *Ingrédients issus de l'agriculture biologique. Traces d'arachide, d'oeuf, de soja, de fruits à coque et de sésame., Valeur énergétique en Joules :  2090Kj, Valeur énergétique en Kcal : 499Kc, Glucides : 61g, Lipides : 25g, Protides :7.5g, Pour préserver tout le croustillant de ces biscuits, conservez-les à l'abri de l'humidité et de la chaleur.]|"
13,87€ / Kg"|"
2,08 €"
3623|Petit beurre avec tablette de chocolat noir, certifié AB|Le paquet de 150g|[Origine : FRANCE, Monoprix a sélectionné pour vous, avec des entreprises partenaires, des produits issus de l'agriculture biologique. Leurs modes de production et de transformation sont contrôlés et certifiés par un organisme indépendant conformément à la réglementation en vigueur. Les producteurs emploient des fertilisants respectueux de l'environnement et pratiquent la rotation des cultures afin de garder des sols vivants et une fertilité durable. Agissons pour demain tous les jours., Chocolat noir* 48% (sucre de canne*, pâte de cacao*, beurre de cacao* 8%, lait entier en poudre*, arôme naturel vanille), farine de blé* 36%, sucre de canne*, beurre* 9%, lait écrémé en poudre*, poudres à lever : carbonate acide d'amonium et de sodium, acide tartrique, sel marin, arôme naturel. *Ingrédients issus de l'agriculture biologique. Traces d'arachide, d'oeuf, de soja, de fruits à coque et de sésame., Valeur énergétique en Joules :  2090Kj, Valeur énergétique en Kcal : 499Kc, Glucides : 61g, Lipides : 25g, Protides :7.5g, Pour préserver tout le croustillant de ces biscuits, conservez-les à l'abri de l'humidité et de la chaleur.]|"
13,87€ / Kg"|"
2,08 €"
3624|Pistaches grillées et salées|Le sachet de 100g|[Origine : FRANCE, Valeur énergétique en Joules :  2515kj, Valeur énergétique en Kcal : 607kcal, Glucides : 12g, Lipides : 49g, Protides :25g]|"
27,70€ / Kg"|"
2,77 €"
3625|Pistaches grillées et salées|Le sachet de 100g|[Origine : FRANCE, Valeur énergétique en Joules :  2515kj, Valeur énergétique en Kcal : 607kcal, Glucides : 12g, Lipides : 49g, Protides :25g]|"
27,70€ / Kg"|"
2,77 €"
3626|Sablés aux céréales et nappés de chocolat au lait|Le paquet de 200g|[Origine : FRANCE, Céréales 50% (farine de blé 42,5%, farine complète de blé 5,5%, farine de seigle 1%, farine d'orge 1%), chocolat au lait 29% (sucre, beurre de cacao, pâte de cacao, poudre de lait entier, lactosérum en poudre, matière grasse laitière, émulsifiant : lécithine de soja, arôme), matière grasse végétale (palme), sucre, poudres à lever : carbonate acide d'ammonium, carbonate acide de sodium, acide citrique, sel, sirop de glucose. Traces d'oeufs et de fruits à coque et d'arachide., Valeur énergétique en Joules :  2078Kj, Valeur énergétique en Kcal : 496KCal, Glucides : 64g, Lipides : 23g, Protides :6,9g, A conserver à l'abri de la chaleur et de l'humidité.]|"
4,95€ / Kg"|"
0,99 €"
3627|Sablés nappés de chocolat au lait|Le paquet de 200g|[Origine : FRANCE, Farine de blé chocolat au lait 27% (sucre, beurre de cacao, lait entier en poudre, pâte de cacao, émulsifiant : lécithine de soja, arôme), sucre, matière grasse végétale raffinée (palme), sirop de glucose, noix de coco râpée poudres à lever : carbonate acide d'ammonium, carbonate acide de sodium, orthophosphate monocalcique, sel, arômes, protéines de lait en poudre, lait écrémé en poudre. Traces éventuelles d'oeufs, de fruits a coque et d'arachide., Valeur énergétique en Joules :  2091Kj, Valeur énergétique en Kcal : 499Kcal, Glucides : 67g, Lipides : 22,5g, Protides :7g, A conserver à l'abri de la chaleur et de l'humidité.]|"
4,95€ / Kg"|"
0,99 €"
3628|Biscuit fourré avec 27%  de fourrage parfum cacao|Les 3 paquets de 300g|[Origine : PAYS-BAS, Farine de blé, sucre, graisse végétales, sirop de glucose, poudre de cacao maigre 3%, poudre à lever : E503, sel, lait écrémé en poudre, émulsifiant : E322. Contient : blé (gluten), lait. Peut contenir des traces de seigle, orge (gluten)., Tenir au sec. Max 25°C]|"
1,94€ / Kg"|"
1,75 €"
3629|Tartelettes à l'abricot|Le paquet de 200g|[Origine : FRANCE, Farine de blé, nappage à l'abricot 30% (sirop de glucose-fructose, jus à base de concentré et purée d'abricots 28% (soit 8,5% sur l'ensemble du produit), sucre, flocons de pommes, arôme abricot, gélifiant : E440i, correcteur d'acidité : E330, colorant : E160c), graisse de palme, sirop de glucose, sucre, oeufs, noix de coco râpée, sel, poudres à lever : E503ii, E500ii, E341i, protéines de lait, poudre de lait écrémé, arôme. Traces de fruits à coque et de soja., Valeur énergétique en Joules :  1819kj, Valeur énergétique en Kcal : 432kcal, Glucides : 71g, Lipides : 14g, Protides :4,8g, A conserver à l'abri de la chaleur et de l'humidité.]|"
2,90€ / Kg"|"
0,58 €"
3630|Tim Tam original, biscuits au chocolat|le paquet de 200g|[Origine : FRANCE, Sucre, farine de blé, huile végétale, matière sèche du lait, beurre de cacao, pâte de cacao, mélasse claire, colorants (E102, E110, E129, E133, E150), cacao, émulsifiant (E322 : soja, E476), sel, agent levant (E500), arôme. Contient du chocolat au lait 38%. Peut contenir des traces de cacahuètes, noisettes, etc  d'oeuf ou de graines., Valeur énergétique en Joules :  2160Kj, Valeur énergétique en Kcal : 516,7Kcal, Glucides : 27g, Lipides : 62g, Protides :5,6g]|"
19,20€ / Kg"|"
3,84 €"
3631|Biscuits garnis d'une tablette de chocolat au lait|Les 5 biscuits, 140g|[Origine : FRANCE, Sucre, farine de blé, beurre de cacao, pâte de cacao, graisse végétale, lait entier en poudre, sirop de glucose, lait écrémé en poudre, beurre pâtissier, noisettes, beurre,  poudre à lever : carbonate acide de sodium et diphosphate disodique, lactosérum en poudre, sel, arôme (lait), émulsifiant : lécithine de soja, amidon de blé, acidifiant : acide citrique, jaunes d'oeufs en poudre., Conserver au sec et à l'abri de la chaleur.]|"
13,93€ / Kg"|"
1,95 €"
3632|Biscuits garnis d'une tablette de chocolat au lait|Les 5 paquets, 140g|[Origine : FRANCE, Biscuits garnis d'une tablette de chocolat au lait (31%), fourré au lait (13%)., Farine de blé, sucre, graisse végétale (palme, coco), beurre de cacao, pâte de cacao, lait entier en poudre 4,6%, sirop de glucose, lait écrémé en poudre 1,1%, lactose et protéines de lait, beurre pâtissier, poudre de noisettes, sel, émulsifiant : lécithine (soja), arôme (lait), poudre à lever : carbonate acide de sodium, diphosphate disodique, amidon (blé), acidifiant : acide citrique, jaunes d'oeufs en poudre., Conserver au sec et à l'abri de la chaleur.]|"
14,50€ / Kg"|"
2,03 €"
3633|La frappe, biscuits corse|La barquette de 500g|[Origine : FRANCE]|"
8,26€ / Kg"|"
4,13 €"
3634|Biscuits à la farine de sarrasin et graines de lin, certifié AB|Le paquet de 125g|[Origine : FRANCE, Pour être au plus près de la Nature et en restituer les bienfaits, notre biscuit au Sarrasin et aux Graines de Lin a été réalisé avec les conseils d'un naturopathe.Nous avons ainsi sélectionné les ingrédients les moins transformés, pour que leur arôme et leur richesse nutritionnelle soient les plus intacts possible, et nous les avons associés selon leur complémentarité : de la farine de sarrasin, une céréale au goût original, autrefois très courante dans l'alimentation et connue en particulier pour sa teneur en magnésium et en phosphore, des graines de lin, légèrement croquantes et riches en fibres de la farine de blé intégrale, qui conserve l'enveloppe protectrice du grain et ses précieux éléments nutritifs : fibres, vitamines et sels minéraux, du sucre de canne brut non raffiné, aucun arôme ajouté pour préserver une saveur authentique., Farine de blé intégrale T150* (37.5%), sucre de canne brut non raffiné* (21%), farine de sarrasin* (18.5%), beurre*, huile de tournesol*, graines de sarrasin* (5%), graines de lin* (5%), amidon de blé*, poudres à lever : carbonate d'ammonium, carbonate acide de sodium, sel marin non raffiné. *100% des ingrédients d'origine agricole ont été obtenus selon les règles de la production biologique., Valeur énergétique en Joules :  1930Kj, Valeur énergétique en Kcal : 460Kcal, Glucides : 61g, Lipides : 20g, Protides :9g, A conserver dans un endroit frais et sec.]|"
18,48€ / Kg"|"
2,31 €"
3635|Biscuits à la farine de sarrasin et graines de lin, certifié AB|Le paquet de 125g|[Origine : FRANCE, Pour être au plus près de la Nature et en restituer les bienfaits, notre biscuit au Sarrasin et aux Graines de Lin a été réalisé avec les conseils d'un naturopathe.Nous avons ainsi sélectionné les ingrédients les moins transformés, pour que leur arôme et leur richesse nutritionnelle soient les plus intacts possible, et nous les avons associés selon leur complémentarité : de la farine de sarrasin, une céréale au goût original, autrefois très courante dans l'alimentation et connue en particulier pour sa teneur en magnésium et en phosphore, des graines de lin, légèrement croquantes et riches en fibres de la farine de blé intégrale, qui conserve l'enveloppe protectrice du grain et ses précieux éléments nutritifs : fibres, vitamines et sels minéraux, du sucre de canne brut non raffiné, aucun arôme ajouté pour préserver une saveur authentique., Farine de blé intégrale T150* (37.5%), sucre de canne brut non raffiné* (21%), farine de sarrasin* (18.5%), beurre*, huile de tournesol*, graines de sarrasin* (5%), graines de lin* (5%), amidon de blé*, poudres à lever : carbonate d'ammonium, carbonate acide de sodium, sel marin non raffiné. *100% des ingrédients d'origine agricole ont été obtenus selon les règles de la production biologique., Valeur énergétique en Joules :  1930Kj, Valeur énergétique en Kcal : 460Kcal, Glucides : 61g, Lipides : 20g, Protides :9g, A conserver dans un endroit frais et sec.]|"
18,48€ / Kg"|"
2,31 €"
3636|Biscuits aux céréales et raisins, certifié AB|Le paquet de 218g|[Origine : PAYS-BAS, Nos biscuits Céréales & Fruits Raisons Bjorg sont issus de l'agriculture biologique. Aux céréales complètes et riches en fruits, ils sont naturellement source de fibres.5 sachets fraîcheur de 3 biscuits. Avec 56 kcal par biscuit et une teneur réduiteen matière grasse, ils concilient plaisir et bienfaits nutritionnels., *farine de blé complet 23%, *farine de blé, *raisins secs 20%, *raisins de Corinthe 13%, *sucre de canne non raffiné, *huiles végétale non hydrogénées (*huile de palme, *huile de colza), *lait entier en poudre, sel, poudres à lever : carbonates acided'ammonium et de sodium. *100% des ingrédients d'origine agricole ont été obtenus selon les règles de la production biologique. Huile de palme durable provenant de plantations certifiées Agriculture biologique, respectueuses de la forêt (pas de déforestation) et de la biodiversité., Valeur énergétique en Joules :  1635kj, Valeur énergétique en Kcal : 388kcal, Glucides : 71,6g, Lipides : 7,2g, Protides :6,1g, A conserver dans un endroit frais et sec.]|"
17,75€ / Kg"|"
3,87 €"
3637|Biscuits aux céréales et raisins, certifié AB|Le paquet de 218g|[Origine : PAYS-BAS, Nos biscuits Céréales & Fruits Raisons Bjorg sont issus de l'agriculture biologique. Aux céréales complètes et riches en fruits, ils sont naturellement source de fibres.5 sachets fraîcheur de 3 biscuits. Avec 56 kcal par biscuit et une teneur réduiteen matière grasse, ils concilient plaisir et bienfaits nutritionnels., *farine de blé complet 23%, *farine de blé, *raisins secs 20%, *raisins de Corinthe 13%, *sucre de canne non raffiné, *huiles végétale non hydrogénées (*huile de palme, *huile de colza), *lait entier en poudre, sel, poudres à lever : carbonates acided'ammonium et de sodium. *100% des ingrédients d'origine agricole ont été obtenus selon les règles de la production biologique. Huile de palme durable provenant de plantations certifiées Agriculture biologique, respectueuses de la forêt (pas de déforestation) et de la biodiversité., Valeur énergétique en Joules :  1635kj, Valeur énergétique en Kcal : 388kcal, Glucides : 71,6g, Lipides : 7,2g, Protides :6,1g, A conserver dans un endroit frais et sec.]|"
17,75€ / Kg"|"
3,87 €"
3638|Biscuits natures à la farine complète, certifié AB|Le paquet de 200g|[Origine : FRANCE, Notre biscuit P'tit Nature est réalisé avec de la farine complète qui conserve l'enveloppe protectrice du grain, il est ainsi naturellement source de fibres.Nous avons de plus utilisé du sucre de canne roux non raffiné. Faites vous plaisir avec ce biscuit biologique et savourez sa simplicité., *Farine complète de blé (76%), *sucre de canne roux non raffiné, *huile de palme non hydrogénée, *huile de colza non hydrogénée, poudre à lever : carbonate acide d'ammonium, sel non raffiné, arôme naturel de vanille, antioxydant : *extrait de romarin. *100% des ingrédients d'origine agricole ont été obtenus selon les règles de la production biologique., Valeur énergétique en Joules :  1748Kj, Valeur énergétique en Kcal : 414Kcal, Glucides : 72g, Lipides : 10,2g, Protides :8,6g, A conserver dans un endroit frais et sec.]|"
10,40€ / Kg"|"
2,08 €"
3639|Biscuits natures à la farine complète, certifié AB|Le paquet de 200g|[Origine : FRANCE, Notre biscuit P'tit Nature est réalisé avec de la farine complète qui conserve l'enveloppe protectrice du grain, il est ainsi naturellement source de fibres.Nous avons de plus utilisé du sucre de canne roux non raffiné. Faites vous plaisir avec ce biscuit biologique et savourez sa simplicité., *Farine complète de blé (76%), *sucre de canne roux non raffiné, *huile de palme non hydrogénée, *huile de colza non hydrogénée, poudre à lever : carbonate acide d'ammonium, sel non raffiné, arôme naturel de vanille, antioxydant : *extrait de romarin. *100% des ingrédients d'origine agricole ont été obtenus selon les règles de la production biologique., Valeur énergétique en Joules :  1748Kj, Valeur énergétique en Kcal : 414Kcal, Glucides : 72g, Lipides : 10,2g, Protides :8,6g, A conserver dans un endroit frais et sec.]|"
10,40€ / Kg"|"
2,08 €"
3640|Biscuits palmiers, certifié AB|Le paquet de 100g|[Origine : FRANCE, Naturellement source de fibres, permettent de concilier bienfaits nutritionnels et plaisir. Réalisés avec du miel et du sucre de canne roux non raffiné.Texture légère de leur feuilleté si croustillant., *Farine de blé (59%), *margarine (huile et graisses végétales non hydrogénées : *tournesol et *palme, eau, sel, émulsifiant : lécithine de tournesol, *jus de carotte, *jus de citron concentré), *sucre de canne roux non raffiné (17,9%), *huile de tournesol, *miel (1,1%), sel, poudre à lever : carbonate acide de sodium, levure désactivée, *extrait de vanille. *100% des ingrédients d'origine agricole ont été obtenus selon les règles de la production biologique., Valeur énergétique en Joules :  2237, Valeur énergétique en Kcal : 534,5, Glucides : 60,4, Lipides : 30, Protides :5,9, A conserver dans un endroit frais et sec.]|"
19,40€ / Kg"|"
1,94 €"
3641|Biscuits palmiers, certifié AB|Le paquet de 100g|[Origine : FRANCE, Naturellement source de fibres, permettent de concilier bienfaits nutritionnels et plaisir. Réalisés avec du miel et du sucre de canne roux non raffiné.Texture légère de leur feuilleté si croustillant., *Farine de blé (59%), *margarine (huile et graisses végétales non hydrogénées : *tournesol et *palme, eau, sel, émulsifiant : lécithine de tournesol, *jus de carotte, *jus de citron concentré), *sucre de canne roux non raffiné (17,9%), *huile de tournesol, *miel (1,1%), sel, poudre à lever : carbonate acide de sodium, levure désactivée, *extrait de vanille. *100% des ingrédients d'origine agricole ont été obtenus selon les règles de la production biologique., Valeur énergétique en Joules :  2237, Valeur énergétique en Kcal : 534,5, Glucides : 60,4, Lipides : 30, Protides :5,9, A conserver dans un endroit frais et sec.]|"
19,40€ / Kg"|"
1,94 €"
3642|Biscuits sésame, magnésium, riche en céréale|Les 4 sachets de 5 biscuits, 184g|[Origine : FRANCE, Nos biscuits au sésame, 100% biologiques, sont naturellement riches en céréales et source de magnésium et permettent ainsi d'allier plaisir et bienfaits nutritionnels., *Farine de blé (58%), *sucre de canne roux non raffiné, *matière grasse végétale non hydrogénée (palme), *graines de sésame (13%), poudres à lever : carbonates acides d'ammonium et de sodium, acide citrique, sel marin non raffiné, arôme naturel vanille. *100% des ingrédients d'origine agricole ont été obtenus selon les règles de la production biologique., Valeur énergétique en Joules :  2110kj, Valeur énergétique en Kcal : 504,8kc, Glucides : 60,5g, Lipides : 25g, Protides :9,2g, A conserver dans un endroit frais et sec.]|"
12,17€ / Kg"|"
2,24 €"
3643|Biscuits sésame, magnésium, riche en céréale|Les 4 sachets de 5 biscuits, 184g|[Origine : FRANCE, Nos biscuits au sésame, 100% biologiques, sont naturellement riches en céréales et source de magnésium et permettent ainsi d'allier plaisir et bienfaits nutritionnels., *Farine de blé (58%), *sucre de canne roux non raffiné, *matière grasse végétale non hydrogénée (palme), *graines de sésame (13%), poudres à lever : carbonates acides d'ammonium et de sodium, acide citrique, sel marin non raffiné, arôme naturel vanille. *100% des ingrédients d'origine agricole ont été obtenus selon les règles de la production biologique., Valeur énergétique en Joules :  2110kj, Valeur énergétique en Kcal : 504,8kc, Glucides : 60,5g, Lipides : 25g, Protides :9,2g, A conserver dans un endroit frais et sec.]|"
12,17€ / Kg"|"
2,24 €"
3644|Coup Double, biscuit bio nappé de chocolat noir, véritable chocolat, en sachets fraîcheur|Les 4 sachets de 5 biscuits|[Origine : FRANCE, Nos biscuits Coup Double biologiques allient le bon goût d'un sablé aux flocons d'avoine à un nappage de véritable chocolat noir.Il sont naturellement source de fer, de magnésium et de phosphore et permettent ainsi d'allier plaisir et bienfaits nutritionnels., *Farine de blé, *chocolat noir (25%) (*pâte de cacao, *sucre, *beurre de cacao, émulsifiant : lécithine de tournesol, *extrait de vanille), *sucre de canne roux non raffiné, *matière grasse végétale non hydrogénée (*palme), *graines de soja (6,8%), flocons d'avoine (1,9%), poudre à lever : carbonate d'ammonium,  sel marin non raffiné, *oeufs en poudre, *lait écrémé en poudre, arôme naturel. *ingrédients d'origine agricole ont été obtenus selon les règles de la production biologique. Huile de palme durable provenant de plantations certifiées agriculture biologique., Valeur énergétique en Joules :  2204, Valeur énergétique en Kcal : 526,6, Glucides : 61, Lipides : 28, Protides :7,7, A conserver dans un endroit frais et sec.]|"
13,30€ / Kg"|"
2,66 €"
3645|Coup Double, biscuit bio nappé de chocolat noir, véritable chocolat, en sachets fraîcheur|Les 4 sachets de 5 biscuits|[Origine : FRANCE, Nos biscuits Coup Double biologiques allient le bon goût d'un sablé aux flocons d'avoine à un nappage de véritable chocolat noir.Il sont naturellement source de fer, de magnésium et de phosphore et permettent ainsi d'allier plaisir et bienfaits nutritionnels., *Farine de blé, *chocolat noir (25%) (*pâte de cacao, *sucre, *beurre de cacao, émulsifiant : lécithine de tournesol, *extrait de vanille), *sucre de canne roux non raffiné, *matière grasse végétale non hydrogénée (*palme), *graines de soja (6,8%), flocons d'avoine (1,9%), poudre à lever : carbonate d'ammonium,  sel marin non raffiné, *oeufs en poudre, *lait écrémé en poudre, arôme naturel. *ingrédients d'origine agricole ont été obtenus selon les règles de la production biologique. Huile de palme durable provenant de plantations certifiées agriculture biologique., Valeur énergétique en Joules :  2204, Valeur énergétique en Kcal : 526,6, Glucides : 61, Lipides : 28, Protides :7,7, A conserver dans un endroit frais et sec.]|"
13,30€ / Kg"|"
2,66 €"
3646|Fourré au chocolat au lait, certifié AB|Le paquet de 225g|[Origine : FRANCE, Nos fourrés Chocolat au Lait sont réalisés avec du véritable chocolat et son sucre de calcium.Nous avons également choisi d'utiliser du sucre de canne non raffiné et d'intégrer à notre recette une grande quantité de blé, pour en faire un biscuit riche en céréales. Laissez-vous tenter par ce goûter croustillant et succombez au plaisir du vrai chocolat., *Farine de blé (54%),* chocolat au lait (25%) (*sucre de canne roux non raffiné,* beurre de cacao,* lait entier en poudre,* pâte de cacao),* sucre de canne roux non raffiné, * matières grasses végétales non hydrogénées (*palme,*colza),*lait écrémé enpoudre, sel de mer non raffiné, poudres à lever : carbonates acides d'ammonium et de sodium, arôme naturel de vanille, extrait d'algue, épaississant : gomme d'acacia, antioxydant : *extrait de romarin. *99,7% des ingrédients d'origine agricole ont été obtenus selon les règles de la production biologique., Valeur énergétique en Joules :  2053Kj, Valeur énergétique en Kcal : 491,1Kc, Glucides : 64g, Lipides : 22.6g, Protides :7.6g, A conserver dans un endroit frais et sec.]|"
13,11€ / Kg"|"
2,95 €"
3647|Fourré au chocolat au lait, certifié AB|Le paquet de 225g|[Origine : FRANCE, Nos fourrés Chocolat au Lait sont réalisés avec du véritable chocolat et son sucre de calcium.Nous avons également choisi d'utiliser du sucre de canne non raffiné et d'intégrer à notre recette une grande quantité de blé, pour en faire un biscuit riche en céréales. Laissez-vous tenter par ce goûter croustillant et succombez au plaisir du vrai chocolat., *Farine de blé (54%),* chocolat au lait (25%) (*sucre de canne roux non raffiné,* beurre de cacao,* lait entier en poudre,* pâte de cacao),* sucre de canne roux non raffiné, * matières grasses végétales non hydrogénées (*palme,*colza),*lait écrémé enpoudre, sel de mer non raffiné, poudres à lever : carbonates acides d'ammonium et de sodium, arôme naturel de vanille, extrait d'algue, épaississant : gomme d'acacia, antioxydant : *extrait de romarin. *99,7% des ingrédients d'origine agricole ont été obtenus selon les règles de la production biologique., Valeur énergétique en Joules :  2053Kj, Valeur énergétique en Kcal : 491,1Kc, Glucides : 64g, Lipides : 22.6g, Protides :7.6g, A conserver dans un endroit frais et sec.]|"
13,11€ / Kg"|"
2,95 €"
3648|Fourrés au chocolat noir, certifié AB|Le paquet de 225g|[Origine : FRANCE, Nos fourrés chocolat sont réalisés avec du véritable chocolat noir pur beurre de cacao et sont ainsi naturellement source de fer et de magnésium.Nous avons également choisis d'utiliser du sucre de canne non raffiné et d'intégrer à notre recette une grande quantité de blé, pour en faire un biscuit riche en céréales. Laissez vous tenter par ce goûter croustillant et succombez au plaisir du vrai chocolat., *Farine de blé (53,5%), *chocolat noir (25%) (*pâte de cacao, *sucre de canne non raffiné, *beurre de cacao), *sucre de canne roux, *huiles de palme et de colza non hydrogénées, arôme naturel vanille, sel non raffiné, poudres à lever : carbonate acide d'ammonium et de sodium, arôme naturel de romarin, *lait écrémé, épaississant : gomme d'acacia. *100% des ingrédients d'origine agricole ont été obtenus selon les règles de la production biologique., Valeur énergétique en Joules :  2012, Valeur énergétique en Kcal : 480,7, Glucides : 63, Lipides : 22, Protides :7,5, A conserver dans un endroit frais et sec.]|"
12,40€ / Kg"|"
2,79 €"
3649|Fourrés au chocolat noir, certifié AB|Le paquet de 225g|[Origine : FRANCE, Nos fourrés chocolat sont réalisés avec du véritable chocolat noir pur beurre de cacao et sont ainsi naturellement source de fer et de magnésium.Nous avons également choisis d'utiliser du sucre de canne non raffiné et d'intégrer à notre recette une grande quantité de blé, pour en faire un biscuit riche en céréales. Laissez vous tenter par ce goûter croustillant et succombez au plaisir du vrai chocolat., *Farine de blé (53,5%), *chocolat noir (25%) (*pâte de cacao, *sucre de canne non raffiné, *beurre de cacao), *sucre de canne roux, *huiles de palme et de colza non hydrogénées, arôme naturel vanille, sel non raffiné, poudres à lever : carbonate acide d'ammonium et de sodium, arôme naturel de romarin, *lait écrémé, épaississant : gomme d'acacia. *100% des ingrédients d'origine agricole ont été obtenus selon les règles de la production biologique., Valeur énergétique en Joules :  2012, Valeur énergétique en Kcal : 480,7, Glucides : 63, Lipides : 22, Protides :7,5, A conserver dans un endroit frais et sec.]|"
12,40€ / Kg"|"
2,79 €"
3650|Fourrés aux framboises, goûters bio aux framboises|Le paquet de 175g|[Origine : FRANCE, Nos fourrés sont réalisés à partir de farine complète qui a conservé l'enveloppe naturelle de grain de blé et d'un délicieux fourrage aux framboises pour un goût généreux et authentique., *Farine complète de blé (40%), *margarine végétale non hydrogénée (huiles de : *tournesol, *palme, *palmiste, *noix de coco, eau, émulsifiant : lécithine de soja, arôme naturel de beurre (lait), acidifiant : acide citrique), *sucre de canne, *sirop de froment, *framboises (7%), *miel, *oeufs, acidifiant : acide citrique, poudre à lever : bicarbonate d'ammonium, sel marin.*100% des ingrédients d'origine agricole ont été obtenus selon les règles de la production biologique. Peut contenir des traces d'arachide., Valeur énergétique en Joules :  1877, Valeur énergétique en Kcal : 448,5, Glucides : 67,9, Lipides : 17, Protides :5,5, A conserver dans un endroit sec et frais.]|"
13,77€ / Kg"|"
2,41 €"
3651|Fourrés aux framboises, goûters bio aux framboises|Le paquet de 175g|[Origine : FRANCE, Nos fourrés sont réalisés à partir de farine complète qui a conservé l'enveloppe naturelle de grain de blé et d'un délicieux fourrage aux framboises pour un goût généreux et authentique., *Farine complète de blé (40%), *margarine végétale non hydrogénée (huiles de : *tournesol, *palme, *palmiste, *noix de coco, eau, émulsifiant : lécithine de soja, arôme naturel de beurre (lait), acidifiant : acide citrique), *sucre de canne, *sirop de froment, *framboises (7%), *miel, *oeufs, acidifiant : acide citrique, poudre à lever : bicarbonate d'ammonium, sel marin.*100% des ingrédients d'origine agricole ont été obtenus selon les règles de la production biologique. Peut contenir des traces d'arachide., Valeur énergétique en Joules :  1877, Valeur énergétique en Kcal : 448,5, Glucides : 67,9, Lipides : 17, Protides :5,5, A conserver dans un endroit sec et frais.]|"
13,77€ / Kg"|"
2,41 €"
3652|Fourrés aux myrtilles|Le paquet de 175g|[Origine : FRANCE, Nos fourrés myrtilles, 100 % biologiques, sont réalisés à partir de farine complète, qui a conservé l'enveloppe naturelle du grain de blé, et d'un délicieux fourrage aux myrtilles pour un goût généreux et authentique., Prenez le temps de faire une pause avec un goûter complet composé d'un fourré aux myrtilles, d'un fruit et d'un produit laitier., *farine complète de blé (42%), *margarine végétale non hydrogénée (huiles de : *tournesol, *palme, *palmiste, *noix de coco, eau, émulsifiant: lécithine de soja, acidifiant: acide citrique), *sucre de canne brut non raffiné, *sirop de froment, *myrtilles (7%), *miel, *oeufs, acidifiant: acide citrique, sel de mer, poudre à lever: bicarbonate d'ammonium. *100 % des ingrédients d'origine agricole ont été obtenus selon les règles de la production biologique., Valeur énergétique en Joules :  1738kj, Valeur énergétique en Kcal : 414kcal, Glucides : 61,7g, Lipides : 16,2g, Protides :5,3g, A conserver dans un endroit frais et sec.]|"
14,63€ / Kg"|"
2,56 €"
3653|Fourrés aux myrtilles|Le paquet de 175g|[Origine : FRANCE, Nos fourrés myrtilles, 100 % biologiques, sont réalisés à partir de farine complète, qui a conservé l'enveloppe naturelle du grain de blé, et d'un délicieux fourrage aux myrtilles pour un goût généreux et authentique., Prenez le temps de faire une pause avec un goûter complet composé d'un fourré aux myrtilles, d'un fruit et d'un produit laitier., *farine complète de blé (42%), *margarine végétale non hydrogénée (huiles de : *tournesol, *palme, *palmiste, *noix de coco, eau, émulsifiant: lécithine de soja, acidifiant: acide citrique), *sucre de canne brut non raffiné, *sirop de froment, *myrtilles (7%), *miel, *oeufs, acidifiant: acide citrique, sel de mer, poudre à lever: bicarbonate d'ammonium. *100 % des ingrédients d'origine agricole ont été obtenus selon les règles de la production biologique., Valeur énergétique en Joules :  1738kj, Valeur énergétique en Kcal : 414kcal, Glucides : 61,7g, Lipides : 16,2g, Protides :5,3g, A conserver dans un endroit frais et sec.]|"
14,63€ / Kg"|"
2,56 €"
3654|Goûters biologiques soja figue|Les 4 sachets de 4 biscuits, 240g|[Origine : FRANCE, Le Goûter Soja Figue Bjorg allie le plaisir d'un biscuit croustillant et le goût raffiné de la figue pour une gourmandise 100% biologique*. Le Goûter Soja Figue Bjorg tire sa richesse en protéines végétales du soja. La graine de soja renferme les 8 acides aminés essentiels que notre corps n'est pas capable de constituer. De plus, grâce aux germes de blé et à la farine de blé, le Goûter Soja Figue Bjorg est source de fibres et de magnésium, éléments essentiels au bon fonctionnement de notre corps., *Farine de blé (48%), *sucre de canne roux, *huile de palme, *germe de blé (10%), *gruau de soja (8%), *pâte de figue (5%), poudres à lever : carbonates acides d'ammonium et de sodium, arôme naturel, sel marin, acidifiant : acide citrique. *100% desingrédients d'origine agricole ont été obtenus selon les règles de la production biologique., Valeur énergétique en Joules :  1910Kj, Valeur énergétique en Kcal : 455Kcal, Glucides : 59g, Lipides : 19g, Protides :12g]|"
11,50€ / Kg"|"
2,76 €"
3655|Goûters biologiques soja figue|Les 4 sachets de 4 biscuits, 240g|[Origine : FRANCE, Le Goûter Soja Figue Bjorg allie le plaisir d'un biscuit croustillant et le goût raffiné de la figue pour une gourmandise 100% biologique*. Le Goûter Soja Figue Bjorg tire sa richesse en protéines végétales du soja. La graine de soja renferme les 8 acides aminés essentiels que notre corps n'est pas capable de constituer. De plus, grâce aux germes de blé et à la farine de blé, le Goûter Soja Figue Bjorg est source de fibres et de magnésium, éléments essentiels au bon fonctionnement de notre corps., *Farine de blé (48%), *sucre de canne roux, *huile de palme, *germe de blé (10%), *gruau de soja (8%), *pâte de figue (5%), poudres à lever : carbonates acides d'ammonium et de sodium, arôme naturel, sel marin, acidifiant : acide citrique. *100% desingrédients d'origine agricole ont été obtenus selon les règles de la production biologique., Valeur énergétique en Joules :  1910Kj, Valeur énergétique en Kcal : 455Kcal, Glucides : 59g, Lipides : 19g, Protides :12g]|"
11,50€ / Kg"|"
2,76 €"
3656|Crookie noisette|Le paquet de 120g|[Origine : FRANCE]|"
9,60€ / Kg"|"
2,88 €"
3657|Gâteau aux céréales et aux pépites de chocolat p'tit déj|Le paquet de 175g|[Origine : FRANCE, Une farine 5 céréales associée à toute la gourmandise des pépites de chocolat croquantes, avec Savane P'tit Dej, redécouvrez le plaisir d'un bon gâteau au petit déjeuner., Céréales 23,3% (farine de blé 12,9%, céréales complètes 8,3% (farine complète de blé 5,1%, farine complète de seigle 2%, farine complète de maïs 0,5%, farine complète d'orge 0,5%), farine de riz 2%, farine de blé malté), oeufs frais, sucre, huile decolza, pépites de chocolat 8,8% (sucre, pâte de cacao, beurre de cacao, cacao maigre en poudre, émulsifiant : lécithine de tournesol), stabilisant : glycérol, amidon de blé, eau, poudres à lever : diphosphates, carbonates de sodium, émulsifiant : mono- et diglycérides d'acides gras, sel. Contient : gluten, oeuf. Peut contenir : arachide, fruits à coque, lait, soja. 5 céréales. Sans huile de palme. Sans conservateur. Farine de blé français.]|"
16,57€ / Kg"|"
2,90 €"
3658|14 mini fondants au chocolat et aux éclats d'amandes et noix de  pécan|Le sachet de 210g|[Origine : FRANCE, Chocolat 20% (pâte de cacao, sucre, cacao maigre en poudre, émulsifiant :      lécithine de soja) - oeufs entiers - sucre roux de canne, beurre 13% - farine  blé - éclats d'amande 5% - blancs d'oeufs -stabilisant: sorbitol, éclats de    noix de pécan3% - énuline - poudres à lever :diphosphate disodique, carbonate acide de sodium, amidon de blé. épaississant : gomme de xanthane.              Traces d'autres fruits à coque et de soja., Valeur énergétique en Joules :  1857kj, Valeur énergétique en Kcal : 445kcal, Glucides : 40g, Lipides : 27g, Protides :8,1g]|"
14,67€ / Kg"|"
3,08 €"
3659|Amandier à partager, fabriqué en Drôme provençale|Le paquet de 240g|[Origine : FRANCE, D'une texture souple et moelleuse, ce gâteau se conserve longuement. Partenaire idéal de toutes vos envies sucrées. Il vous étonnera par la richesse de ses arômes. Accompagnez-le d'une glace, d'un thé ou d'un café., Démoulage : après ouverture de la boîte, glissez une lame de couteau souple tout autour du gâteau et présentez-le sur un plat., Amandes 32%, sucre, oeufs, beurre A.O.C. Charentes, Poitou, extrait naturel de vanille., Valeur énergétique en Joules :  1940Kj, Valeur énergétique en Kcal : 465Kcal, Glucides : 38g, Lipides : 29g, Protides :13g, A conserver dans un endroit frais et sec.]|"
28,13€ / Kg"|"
6,75 €"
3660|Bouchées au citron|La paquet de 12 pièces +2 gratuites, 240g|[Origine : FRANCE, Mini gâteaux au citron., Sucre roux de canne, blancs d'oeufs, beurre 18%, farine de blé, poudre d'amande, stabilisant : sorbitol, arôme naturel de citron 0,5%, oeufs entiers, poudres à lever : diphosphate disodique, carbonate acide de sodium, amidon de blé. Traces d'autres fruits à coque et de soja., Valeur énergétique en Joules :  1916kj, Valeur énergétique en Kcal : 458kcal, Glucides : 50g, Lipides : 25g, Protides :7,8g, A conserver à l'abri de la chaleur et de l'humidité.]|"
13,08€ / Kg"|"
3,14 €"
3661|Bouchées aux noisettes|Le paquet de 12 pièces +2 gratuites, 240g|[Origine : FRANCE, Mini gâteaux aux noisettes., A conserver à l'abri de la chaleur et de l'humidité.]|"
13,08€ / Kg"|"
3,14 €"
3662|Bouchées aux noisettes, sachets fraîcheur|Le sachet de 210g|[Origine : FRANCE, Sucre roux de canne, blancs d'oeufs, beurre 18%, farine de blé, noisettes 10%, stabilisan: sorbitol, oeufs entiers, sel, poudre à lever: diphosphate disodique, carbonate acide de sodium, amidon de blé. Traces d'autres fruits à coque et de soja., Valeur énergétique en Joules :  1890kj, Valeur énergétique en Kcal : 1453kcal, Glucides : 46, Lipides : 26, Protides :7,2, A conserver à l'abri de la chaleur et de l'humidité.]|"
14,67€ / Kg"|"
3,08 €"
3663|Cake aux fruits secs pur beurre aux oeufs frais|Le paquet de 350g|[Origine : FRANCE, Une texture fondante alliée à de délicieux cerneaux de noix, morceaux de figues, raisins secs et une pointe d'alcool : quel beau mariage !, Farine de blé, fruits secs 22,7% (raisins secs 7,4%, noix 5,8%, figues 5,8%, amandes effilées 3,7%), oeufs entiers frais 14%, sucre, beurre concentré 13%, humectant : E422, sirop de sucre inverti, jaunes d'oeufs 3,8%, alcool d noix 50° 1,8%* (jus denoix 0,9%, alcool 0,9%), sel, poudres à lever : E336 et E500ii, arôme. *L'abus d'alcool est dangereux pour la santé., Valeur énergétique en Joules :  1827, Valeur énergétique en Kcal : 438, Glucides : 42g, Lipides : 27g, Protides :6,7g, A conserver à température ambiante.]|"
10,23€ / Kg"|"
3,58 €"
3664|Cake aux pépites de chocolat noir|Le paquet de 300g|[Origine : FRANCE, Cake au pépites de chocolat noir., Ce paquet contient 10 parts de 30 g., Farine de blé, sucre, oeufs frais, huile de colza, pépites de chocolat noir 10% (sucre, pâte de cacao, beurre de cacao, cacao maigre en poudre, émulsifiant : lécithine de tournesol, arôme), eau, stabilisant : glycérol, sirop de glucose, émulsifiant :mono et diglycérides d'acides gras, poudres à lever : diphosphates et carbonates de sodium, sel, conservateur : sorbate de potassium, épaississant : gomme xanthane, acidifiant : acide citrique, arôme. Traces de lait, de soja, et de fruits à coque., Valeur énergétique en Joules :  1857kj, Valeur énergétique en Kcal : 444kcal, Glucides : 51g, Lipides : 24g, Protides :5,5g, A conserver à l'abri de la chaleur.]|"
7,00€ / Kg"|"
2,10 €"
3665|Financiers aux amandes|Le paquet de 150g|[Origine : FRANCE, Monoprix a sélectionné pour vous, avec des entreprises partenaires, des produits issus de l'agriculture biologique., Sucre mi-blanc de canne*, blanc d'oeuf*, poudre d'amande* 14%, farine de blé*, beurre*, huile de palme*, sirop de glucose, fructose de blé*, sel, poudre à lever : carbonate acide d'ammonium, arômes naturels. Présence possible de fruits à coque et desoja. *Ingrédients issus de l'agriculture biologique., A conserver dans un endroit frais et sec.]|"
20,27€ / Kg"|"
3,04 €"
3666|Financiers aux amandes|Le paquet de 150g|[Origine : FRANCE, Monoprix a sélectionné pour vous, avec des entreprises partenaires, des produits issus de l'agriculture biologique., Sucre mi-blanc de canne*, blanc d'oeuf*, poudre d'amande* 14%, farine de blé*, beurre*, huile de palme*, sirop de glucose, fructose de blé*, sel, poudre à lever : carbonate acide d'ammonium, arômes naturels. Présence possible de fruits à coque et desoja. *Ingrédients issus de l'agriculture biologique., A conserver dans un endroit frais et sec.]|"
20,27€ / Kg"|"
3,04 €"
3667|Gâteau marbré au chocolat|Le paquet de 300g|[Origine : FRANCE, Gâteau marbré au chocolat., Cet emballage contient 10 parts de 30 g., Farine de blé, sucre, oeufs frais, huile de colza, chocolat 6% (sucre, pâte de cacao, cacao en poudre), eau, stabilisant : glycérol, sirop de glucose, émulsifiant : mono- et diglycérides d'acides gras, poudres à lever : diphosphates et carbonates desodium, sel, arômes, conservateur : sorbate de potassium, acidifiant : acide citrique, épaississant : gomme xanthane. Traces de lait, soja et fruits à coque., Valeur énergétique en Joules :  1773kj, Valeur énergétique en Kcal : 424kcal, Glucides : 50g, Lipides : 22g, Protides :5,7g, A conserver à l'abri de la chaleur.]|"
6,87€ / Kg"|"
2,06 €"
3668|Hippopotames moelleux fourrage chocolat|Le paquet de 150g|[Origine : FRANCE, Gâteaux avec un fourrage au chocolat en sachets individuels., Farine de blé 25%, sucre, fourrage au chocolat 16,6% (chocolat 4,1% (sucre, pâte de cacao, beurre de cacao, poudre de lait entier, émulsifiant : lécithines de soja, arôme naturel de vanille), eau, stabilisants : glycerol, sorbitols, sucre, poudre delait écrémé, dextrose, poudre de cacao maigre, épaississants : E1442, E401, émulsifiant : mono- et diglycérides dacides gras, arôme naturel de vanille, sel), oeufs, huile de colza, poudre de lait entier, stabilisant : glycérol, sirop de glucose-fructose, arômes, chocolat 1% (sucre, pâte de cacao, beurre de cacao, émulsifiant : lécithines de soja, arôme naturel de vanille), poudres à lever : diphosphates, carbonates de sodium, sel, farine de blé malté, agent de traitement de la farine : L-cystéine, gélifiant : gomme xanthane. Traces d arachides et de fruits à coque. Les informations en gras sont destinées aux personnes intolérantes ou allergiques., Valeur énergétique en Joules :  1682kj, Valeur énergétique en Kcal : 401kcal, Glucides : 52g, Lipides : 18g, Protides :6,4g, A conserver à l'abri de la chaleur et de l'humidité.]|"
8,40€ / Kg"|"
1,26 €"
3669|Madeleines coquilles aux oeufs frais|Le paquet de 500g|[Origine : FRANCE, Madeleines coquilles aux oeufs frais., Farine de blé 33%, huile de colza, sucre, oeufs frais 18%, sirop de glucose, stabilisants : sirop de sorbitol, glycérol, poudres à lever : diphosphate disodique et carbonate acide de sodium, sirop de sucre inverti, sel, arômes (dont colorant E150b).Traces de soja et lait., Valeur énergétique en Joules :  1896kj, Valeur énergétique en Kcal : 453kcal, Glucides : 53g, Lipides : 24g, Protides :5,7g, A conserver à l'abri de la chaleur et de l'humidité.]|"
3,36€ / Kg"|"
1,68 €"
3670|Madeleines gourmandes, chocolat pépites de chocolat|Le sachet de 250g|[Origine : FRANCE, Madeleines aux pépites de chocolat et au chocolat., oeufs entiers frais 19%, sucre, huile de colza, farine de blé, pépites de chocolat 10% (sucre, pâte de cacao, beurre de cacao, cacao maigre en poudre, émulsifiant : lécithine de tournesol, arôme naturel de vanille), chocolat 7% (pâte de cacao, sucre,beurre de cacao, émulsifiant : lécithine de tournesol), stabilisant : glycérol, sirop de glucose-fructose de blé, amidon de manioc, émulsifiant : mono- et diglycérides d'acides gras, poudres à lever : diphosphate et carbonates de sodium, arôme naturel de cacao, sel, émulsifiant : lécithine de soja. Présence possible de fruits à coque et de lait., Valeur énergétique en Joules :  1971kj, Valeur énergétique en Kcal : 472kcal, Glucides : 48g, Lipides : 28g, Protides :5,8g, A conserver à l'abri de la chaleur et de l'humidité.]|"
12,44€ / Kg"|"
3,11 €"
3671|Madeleines longues aux oeufs frais|Le sachet de 16 pieces 220g|[Origine : FRANCE, Farine de blé, sucre, huile colza, oeufs entiers frais 16%, sirop de glucose, stabilisant : sorbitols, poudre à lever : diphosphates, carbonates de sodium, sel, poudre de lait écrémé, arôme. Traces de fruits à coque.]|"
6,32€ / Kg"|"
1,39 €"
3672|Madeleines longues fourrées au chocolat|Le sachet de 16, 240g|[Origine : FRANCE, Farine de blé, fourrage 20% (sirop de glucose-fructose, eau, sucre, chocolat 11%* (cacao maigre en poudre, pâte de cacao, sucre, émulsifiant : lécithines de soja), stabilisant : glycérol, poudre de lait entier, huile de colza, amidon transformé de maïs, pâte de noisette 3,7%*, émulsifiants : mono- et diglycérides d'acides gras, lécithines de soja, gélifiant : alginate de sodium, arômes), sucre, huile de colza, oeufs frais 15%, sirop de glucose-fructose, stabilisants : sorbitols, glycérol, arômes, amidon de maïs, poudres à lever : diphosphates, carbonates de sodium, sel, conservateur : sorbate de potassium. * pourcentages exprimés sur le fourrage.]|"
8,67€ / Kg"|"
2,08 €"
3673|Madeleines nappées au chocolat, aux oeufs frais|La barquette de 6 madeleines, soit 150g|[Origine : FRANCE, Madeleines nappées au chocolat., Farine de blé, chocolat 20% (sucre, pâte de cacao, beurre de cacao, émulsifiant : lécithine de tournesol), sucre, oeufs frais 17%, huile de colza, beurre concentré, sirop de sucre inverti, stabilisants : sirop de sorbitol (dont blé), glycérol, siropde glucose-fructose, poudres à lever : diphosphate disodique, carbonate acide de sodium, sel, conservateur : sorbate de potassium, arôme, colorant : lutéine, émulsifiant : lécithine de soja. Traces de fruits à coque., Valeur énergétique en Joules :  1919kj, Valeur énergétique en Kcal : 458kcal, Glucides : 51g, Lipides : 26g, Protides :5,3g, A conserver à l'abri de la chaleur et de l'humidité.]|"
10,13€ / Kg"|"
1,52 €"
3674|Madeleines natures|Le paquet de 250g|[Origine : FRANCE, Elaboré en Bretagne. Aux oeufs frais., Farine de blé*, beurre* 23%, oeufs frais* 20%, sucre de canne*, sucre inverti*, sirop de glucose*, poudres à lever: carbonate acide de sodium, tartrate monopotassique, sel de mer, arômes naturels. *ingrédients issus de l'agriculture biologique., A conserver dans un endroit frais et sec.]|"
14,36€ / Kg"|"
3,59 €"
3675|Madeleines natures|Le paquet de 250g|[Origine : FRANCE, Elaboré en Bretagne. Aux oeufs frais., Farine de blé*, beurre* 23%, oeufs frais* 20%, sucre de canne*, sucre inverti*, sirop de glucose*, poudres à lever: carbonate acide de sodium, tartrate monopotassique, sel de mer, arômes naturels. *ingrédients issus de l'agriculture biologique., A conserver dans un endroit frais et sec.]|"
14,36€ / Kg"|"
3,59 €"
3676|Madeleines natures pur beurre aux oeufs frais|Le paquet de 270g|[Origine : FRANCE, Oeufs frais 28,8%, farine de blé, sucre, beurre concentré 24%, sirop de glucose de blé et de maïs, poudres à lever : disphosphate disodique et carbonate acide de sodium, stabilisants : sirop de sorbitol de blé et de maïs et glycérol, sirop de sucre inverti, sel, colorant : bêta-carotène. Présence possible d'amande., Valeur énergétique en Joules :  1938Kj, Valeur énergétique en Kcal : 464Kcal, Glucides : 50g, Lipides : 26g, Protides :6,7g, Conserver à température ambiante dans un endroit frais et sec.]|"
11,41€ / Kg"|"
3,08 €"
3677|Mini canelés de Bordeaux|La boîte de 12 mignardises, 180g|[Origine : FRANCE, Sucre, lait demi-écrémé, eau, farine de blé, oeufs entiers, rhum 7,8%, poudre de lait entier, arôme naturel.]|"
17,11€ / Kg"|"
3,08 €"
3678|Mini gâteaux au citron, sachets fraîcheur|Le sachet de 210g|[Origine : FRANCE, Sucre roux de canne, blancs d'oeufs, beurre17%, farine de blé, poudre d'amande 9,5%, purée de citron 5%, stabilisant : sorbitols, arôme naturel de citron 0,28%, oeufs entiers, poudres à lever : diphosphates, carbonates de sodium, amidon de blé. Traces d'autres fruits à coque et de soja., A conserver à l'abri de la chaleur et de l'humidité.]|"
14,67€ / Kg"|"
3,08 €"
3679|Mini gâteaux  moelleux aux pépites de chocolat|Le paquet de 210g|[Origine : FRANCE, Gâteaux aux pépites de chocolat noir., Farine de blé, oeufs frais, sucre, huile de colza, pépites de chocolat noir 12% (sucre, pâte de cacao, beurre de cacao, cacao maigre en poudre, émulsifiant : lécithine de tournesol, arôme), eau, stabilisant : glycérol, sirop de glucose, émulsifiant :mono- et diglycérides d'acides gras, poudres à lever : diphosphates, carbonates de sodium, sel, conservateur : sorbate de potassium, épaississant : gomme xanthane, arôme, acidifiant : acide citrique. Traces de lait, de soja et de fruits à coque., Valeur énergétique en Joules :  1871kj, Valeur énergétique en Kcal : 447kcal, Glucides : 51g, Lipides : 24g, Protides :5,9g, A conserver à l'abri de la chaleur et de l'humidité.]|"
8,19€ / Kg"|"
1,72 €"
3680|Muffins aux myrtilles|La barquette de 2 pièces|[Origine : BELGIQUE, Prêt à servir., Farine (farine de blé, agent de traitement de la farine : E300, malt de blé), sucre, huile de colza, oeufs entiers, fourrage myrtilles 12% (sucre, sirop de glucose de blé, eau, fruits 4,2% (purée de myrtilles, jus concentré de myrtilles), gélifiants: E440 et E401, acidifiant : E330, correcteurs d'acidité : E341iii et E331iii, colorant : E150c, jus concentré de sureau, conservateur : E202, arôme naturel), eau, stabilisants : E422 et E415, amidon transformé de maïs, lactosérum en poudre, poudresà lever : E341i, E450i et E500ii, émulsifiant : E471, amidon de blé, arômes, sel, protéines de blé, poudre de lait écrémé, protéines de lait, conservateur : E202. Présence possible de soja, fruits à coque et sésame., Valeur énergétique en Joules :  1750kj, Valeur énergétique en Kcal : 418kcal, Glucides : 56g, Lipides : 19g, Protides :4,9g, A conserver dans un endroit frais et sec.]|"
14,53€ / Kg"|"
2,18 €"
3681|Muffins aux pépites de chocolat|La barquette de 2 pièces, 150g|[Origine : BELGIQUE, Prêt à servir., Sucre, farine (farine de blé, agent de traitement de la farine : E300, malt de blé), huile de colza, oeufs entiers, pépites de chocolat 11% (sucre, pâte de cacao, beurre de cacao, émulsifiant : lécithine de soja, arôme naturel de vanille), eau, stabilisants : E422 et E415, cacao maigre en poudre 2,8%, poudre à base de cacao 1,8% (masse de cacao, poudre de lait écrémé, sucre, poudre de cacao et poudre de cacao maigre, émulsifiant : lécithine de soja, arôme vanille), amidon transformé de maïs, poudres à lever : E341i, E450i, E500ii, lactosérum en poudre, poudre de lait écrémé, émulsifiant : E471, amidon de blé, sel, arômes, protéines de blé, conservateur : E202. Présence possible de fruits à coque et sésame., Valeur énergétique en Joules :  1825kj, Valeur énergétique en Kcal : 437kcal, Glucides : 50g, Lipides : 23g, Protides :5,7g, A conserver dans un endroit frais et sec.]|"
14,53€ / Kg"|"
2,18 €"
3682|Pain d'épices au miel tranché|Le sachet de 300g|[Origine : FRANCE, Sirop de sucre de canne inverti*-farine de seigle*35%-oeufs entiers*-miel*     5,8%-épices*0,5%(cannelle*,anis*)-poudre à lever:carbonate acide de sodium-    sel marin.                                                                     *ingrédientsissus de l'agriculture biologique, Valeur énergétique en Joules :  1298kj, Valeur énergétique en Kcal : 307kcal, Glucides : 64g, Lipides : 1,9g, Protides :4,9g]|"
9,33€ / Kg"|"
2,80 €"
3683|Pain d'épices au miel tranché|Le sachet de 300g|[Origine : FRANCE, Sirop de sucre de canne inverti*-farine de seigle*35%-oeufs entiers*-miel*     5,8%-épices*0,5%(cannelle*,anis*)-poudre à lever:carbonate acide de sodium-    sel marin.                                                                     *ingrédientsissus de l'agriculture biologique, Valeur énergétique en Joules :  1298kj, Valeur énergétique en Kcal : 307kcal, Glucides : 64g, Lipides : 1,9g, Protides :4,9g]|"
9,33€ / Kg"|"
2,80 €"
3684|Petits cakes aux fruits|Le paquet de 450g|[Origine : FRANCE, Petits cakes aux fruits confits, aux raisins secs et aux amandes., Farine de blé, fruits 18%, (pastèques confites 9% (cubes de pastèques, sirop de glucose-fructose de blé, sucre, conservateurs sorbate de potassium, anhydride sulfureux, correcteur d'acidité : acide citrique, colorants : E120, E150a, E133), raisins secs 8%, amandes 1%), huile de colza, sucre, oeufs frais 13,5%, sirop de glucose-fructose, poudres à lever : diphosphate disodique, carbonate acide de sodium et acide citrique, arômes, sel. Traces de soja et de lait et de fruits à coque., Valeur énergétique en Joules :  1781Kj, Valeur énergétique en Kcal : 425Kcal, Glucides : 59,5g, Lipides : 18,5g, Protides :5g, A conserver à l'abri de la chaleur et de l'humidité.]|"
5,56€ / Kg"|"
2,50 €"
3685|Petits financiers aux amandes|Le paquet de 12 pièces +2 gratuites, 240g|[Origine : FRANCE, Mini gâteaux aux amandes., Sucre roux de canne, blancs d'oeufs, beurre 18%, poudre d'amande 14%, farine de blé, stabilisant : sorbitol, oeufs entiers, sel, poudres à lever : diphosphate disodique, carbonate acide de sodium, amidon de blé, arôme naturel d'amande amère. Traces d'autres fruits à coque et de soja., Valeur énergétique en Joules :  2001kj, Valeur énergétique en Kcal : 479kcal, Glucides : 47g, Lipides : 28g, Protides :9,1g, A conserver à l'abri de la chaleur et de l'humidité.]|"
12,83€ / Kg"|"
3,08 €"
3686|Petits financiers aux amandes, sachets fraîcheur|Le sachet de 210g|[Origine : FRANCE, Sucre roux de canne, blanc d'oeufs, beurre 18%, poudre d'amande 14%, farine de blé, stabilisant : sorbitols, oeufs entiers, sel, poudres à lever : diphosphates, carbonates de sodium, arôme naturel d'amande amère, amidon de blé., A conserver à l'abri de la chaleur et de l'humidité.]|"
14,67€ / Kg"|"
3,08 €"
3687|Quatre-quarts breton pur beurre|Le paquet de 200g|[Origine : FRANCE, Le véritable Quatre-quarts breton MONOPRIX, recette pur beurre, est idéal au petit déjeuner ou au goûter. Doré et fondant, ce gâteau accompagnera parfaitement votre thé ou votre café, qu'il soit nappé de confiture ou bien nature., Farine de froment, oeufs 27%, sucre, beurre concentré 22% (soit 26% en beurre reconstitué), poudres à lever : diphosphate disodique et carbonate acide de sodium, sel, dextrose de blé, correcteur d'acidité : acide citrique, arôme., Valeur énergétique en Joules :  1832Kj, Valeur énergétique en Kcal : 438KCal, Glucides : 50g, Lipides : 24g, Protides :5,5g, A conserver à l'abri de la chaleur et de l'humidité.]|"
6,65€ / Kg"|"
1,33 €"
3688|Pain d'épices au miel|La barquette de 300g|[Origine : BELGIQUE]|"
16,10€ / Kg"|"
4,83 €"
3689|Pain d'épices au miel prétranché, certifié AB|Le paquet de 300g|[Origine : FRANCE, Préparé avec un onctueux miel doré bio et de la farine de seigle, le pain d'épices Bjorg 100% biologique est à la fois fondant et moelleux. Naturellement riche en éléments nutritionnels, le pain d'épices Bjorg est un produit énergétique. Il deviendrarapidement le goûter gourmand idéal qui plaira à la fois aux enfants et aux adultes., *Farine de seigle, *sirop de sucre de canne, *miel (25%), poudre à lever : carbonate acide de sodium, *épices. *100% des ingrédients d'origine agricole ont été obtenus selon les règles de l'agriculture biologique., Valeur énergétique en Joules :  1414, Valeur énergétique en Kcal : 337,8, Glucides : 78, Lipides : 1, Protides :3]|"
7,23€ / Kg"|"
2,17 €"
3690|Pain d'épices au miel prétranché, certifié AB|Le paquet de 300g|[Origine : FRANCE, Préparé avec un onctueux miel doré bio et de la farine de seigle, le pain d'épices Bjorg 100% biologique est à la fois fondant et moelleux. Naturellement riche en éléments nutritionnels, le pain d'épices Bjorg est un produit énergétique. Il deviendrarapidement le goûter gourmand idéal qui plaira à la fois aux enfants et aux adultes., *Farine de seigle, *sirop de sucre de canne, *miel (25%), poudre à lever : carbonate acide de sodium, *épices. *100% des ingrédients d'origine agricole ont été obtenus selon les règles de l'agriculture biologique., Valeur énergétique en Joules :  1414, Valeur énergétique en Kcal : 337,8, Glucides : 78, Lipides : 1, Protides :3]|"
7,23€ / Kg"|"
2,17 €"
3691|Financier amandes|Le paquet de 250g|[Origine : FRANCE, Financiers amandes., Valeur énergétique en Joules :  1857Kj, Valeur énergétique en Kcal : 444Kcal, Glucides : 49g, Lipides : 23g, Protides :8,4g, Garder au sec et à l'abri de la chaleur.]|"
15,32€ / Kg"|"
3,83 €"
3692|Gâteaux natures au beurre frais|Le paquet de 235g|[Origine : FRANCE, Des ingrédients de qualité : du beurre frais, du sucre de  canne pour la richesse de son goût, des oeufs frais  une pâte moelleuse et délicieusement fondante.Bonne Maman met tout son amour et son savoir-faire inimitable dans la préparation de ces petits muffins fabriqués avec des ingrédients traditionnels. Ces petits muffins combleront tous les gourmands petits et grands., Farine de blé tendre, beurre frais 26%, sucre de canne, oeufs frais, crème fraîche, sirop de sucre inverti, amidon, poudre à lever (diphosphate disodique et carbonate acide de sodium), sel, arôme naturel, lécithine de soja. Possibilité de traces de fruits à coque. Sans aucun artifice, sans conservateur, ni colorant., A conserver au sec et à l'abri de la chaleur.]|"
10,51€ / Kg"|"
2,47 €"
3693|Le quatre-heures|Le paquet de 160g|[Origine : FRANCE, Bonne Maman met tout son amour et son savoir faire inimitable dans la préparation de son quatre heures, un biscuit croustillant tartiné de chocolat au lait., Garder au sec et à l'abri de la chaleur (max 25°C).]|"
12,38€ / Kg"|"
1,98 €"
3694|"Madeleines ""tradition"" pur beurre"|Le paquet de 300g|[Origine : FRANCE, Bonne Maman met tout son amour et son savoir-faire inimitable dans la préparation de ses madeleines au beurre frais fabriquées avec des ingrédients traditionnels.Une recette simplement authentique, sans aucun artifice, sans conservateur ni colorant.Des ingrédients de qualité: du beurre frais, du sucre de canne pour la richesse de son goût, des oeufs frais  une pâte délicieusement moelleuse et fondante. Avec Bonne Maman, redécouvrez les bons gâteaux que vous avez toujours aimés., beurre frais 30%, oeufs frais 25%, farine de blé tendre, sucre de canne, amande en poudre, sirop de sucre inverti, arômes naturels, poudres à lever (diphosphate disodique et carbonate acide de sodium), sel, lécithine de soja. Sans conservateur ni colorant., Garder au sec et à l'abri de la chaleur (max 25°C).]|"
12,10€ / Kg"|"
3,63 €"
3695|Madeleines tradition au beurre frais|Le paquet de 350g|[Origine : FRANCE]|"
8,91€ / Kg"|"
3,12 €"
3696|Madeleinettes|Le paquet de 90g|[Origine : FRANCE, Ingrédients : beurre frais 30 %, oeufs frais, farine de blé tendre, sucre, sucre inverti, poudre d'amande, amidon de maïs, poudres à lever (diphosphates, carbonates de sodium (blé)), arôme naturel, sel, lécithine (soja)., Valeur énergétique en Joules :  2049kj, Valeur énergétique en Kcal : 491kcal, Glucides : 46,7g, Lipides : 30,9g, Protides :6,8g, Garder au sec et à l'abri de la chaleur.]|"
28,44€ / Kg"|"
2,56 €"
3697|Petit quatre-quarts au beurre frais|Le paquet de 10 + 2 gratuits, 360g|[Origine : FRANCE, Beurre frais 25%, farine de blé tendre, oeufs frais 25%, sucre de canne 25%, amidon, arôme naturel, poudres à lever (diphosphate disodique et carbonate acide de sodium), sel. Possibilité de traces de soja et de fruits à coques. Une recette simple etauthentique sans aucun artifice, sans conservateur ni colorant.]|"
8,83€ / Kg"|"
3,18 €"
3698|Quatre-Quarts au beurre frais|Le paquet de 500g|[Origine : FRANCE, Sucre de canne, farine de blé tendre, beurre frais 25%, oeufs frais, poudres à lever (diphosphate disodique et carbonate acide de sodium), arôme naturel et arôme naturel de vanille, sel. Possibilité de traces de soja et de fruits à coque., A conserver au frais et à l'abri de la chaleur (max 25°C).]|"
7,62€ / Kg"|"
3,81 €"
3699|Cake anglais|Le paquet de 400g|[Origine : FRANCE, Authentique et moelleux, ce cake est préparé dans le respect de la tradition anglaise.Présenté dans son papier de cuisson, il révèle à chaque tranche toute la saveur des pains de cake cuits lentement dans des moules fermés., Fruits 36,7% (raisins secs (raisins, huiles végétales), bigarreaux confits (bigarreaux, sirop de glucose-fructose, sucre, correcteur d'acidité : acide citrique, conservateur : sorbate de potassium, colorant : cochenille), papayes confites (papayes, sucre, conservateur : sorbate de potassium, correcteur d'acidité : acide citrique)), farine de blé, oeufs frais, sucre, margarine (huiles et graisses végétales, eau, sel, émulsifiant : mono et diglycérides d'acides gras, correcteur d'acidité : acide citrique), stabilisant : sorbitol, sirop de glucose, extrait de malt, dextrose, extraits aromatiques : rhum, orange, arôme, poudres à lever : diphosphate disodique, carbonate acide de sodium, gélifiant : alginate de sodium, sel, correcteur d'acidité :acide citrique. Fabriqué dans un atelier utilisant de l'arachide et du lait. Ne contient pas de matières grasses hydrogénées., Valeur énergétique en Joules :  1495Kj, Valeur énergétique en Kcal : 357Kcal, Glucides : 61g, Lipides : 10,4g, Protides :4,3g]|"
9,58€ / Kg"|"
3,83 €"
3700|Cake tranché aux fruits|Le paquet de 300g|[Origine : FRANCE, Avec le Cake aux fruits, retrouvez toute la générosité des fruits dans un bon gâteau déjà tranché sans colorant ni arôme artificiels.Depuis 1932, Brossard vous propose des produits de qualité pour toujours plus de plaisir., Malgré le soin apporté au dénoyautage des cerises, il pourrait subsister quelques noyaux., Fruits 37%, (raisins secs (raisins, huiles végétales), bigarreaux confits (bigarreaux, sirop de glucose-fructose, sucre correcteur d'acidité : acide citrique, conservateur : sorbate de potassium, colorant : cochenille), pastèques confites (pastèques,sirop de glucose-fructose, sucre, conservateur : sorbate de potassium, correcteur d'acidité : acide citrique, colorant : cochenille), écorces d'orange confites (écorces dorange, sirop de glucose, sucre, conservateur : sorbate de potassium, correcteur d'acidité : acide citrique), farine de blé, margarine (huiles et graisses végétales, eau, sel, émulsifiant : mono et diglycérides d'acides gras, correcteur d'acidité : acide citrique), oeufs frais, sucre, stabilisant : glycérol, sirop de glucose,extraits aromatiques : rhum, orange, poudres à lever : diphosphate disodique, carbonate acide de sodium, sel, gélifiant : gomme de xanthane, conservateur : anhydride sulfureux. Fabriqué dans un atelier utilisant de l'arachide et du lait. Ne contientpas de matières grasses hydrogénées. Sans colorants artificiels.]|"
10,40€ / Kg"|"
3,12 €"
3701|Gâteau marbré au chocolat|Le paquet de 300g|[Origine : FRANCE, Le Savane, un gâteau moelleux et délicieux qui marque les esprits de toutes les générations, Farine de blé 27.5%, huiles et matières grasses végétales (émulsifiant : mono et diglycérides d'acide gras, correcteur d'acidité : acide citrique, colorant : béta-carotène), sucre, oeufs frais 24%, chocolat 5.9% (sucre, pâte de cacao, beurre de cacao, émulsifiant : lécithine de soja, arôme), sirop de glucose-fructose, poudres à lever : orthophosphate de calcium, carbonate acide de sodium, acide citrique, sel, arôme. Peut contenir des traces d'arachide. Fabriqué dans un atelier utilisant des fruits à coque, du soja et du lait. Ne contient pas de matières grasses hydrogénées., Valeur énergétique en Joules :  1840, Valeur énergétique en Kcal : 439,6, Glucides : 48, Lipides : 25, Protides :5,8]|"
7,97€ / Kg"|"
2,39 €"
3702|14 mini fondants au chocolat et aux éclats d'amandes et noix de  pécan|Le sachet de 210g|[Origine : FRANCE, Chocolat 20% (pâte de cacao, sucre, cacao maigre en poudre, émulsifiant :      lécithine de soja) - oeufs entiers - sucre roux de canne, beurre 13% - farine  blé - éclats d'amande 5% - blancs d'oeufs -stabilisant: sorbitol, éclats de    noix de pécan3% - énuline - poudres à lever :diphosphate disodique, carbonate acide de sodium, amidon de blé. épaississant : gomme de xanthane.              Traces d'autres fruits à coque et de soja., Valeur énergétique en Joules :  1857kj, Valeur énergétique en Kcal : 445kcal, Glucides : 40g, Lipides : 27g, Protides :8,1g]|"
14,67€ / Kg"|"
3,08 €"
3703|Brownie au chocolat et noix de pecan caramamelis{es|le sachet de 280g|[Origine : FRANCE, Valeur énergétique en Joules :  1938kj, Valeur énergétique en Kcal : 465kcal, Glucides : 46g, Lipides : 28g, Protides :5,8g]|"
14,32€ / Kg"|"
4,01 €"
3704|Brownie aux pépites de chocolat|Le paquet de 245g|[Origine : FRANCE, Croustillant à l'extérieur et tendre à l'intérieur, ce brownie aux pépites de chocolat Monoprix accompagnera délicieusement vos goûters en famille ou entre amis., Sucre, huile de colza, chocolat 18% dont pépites 8% (sucre, pâte de cacao, beurre de cacao, cacao maigre en poudre, émulsifiant : lecithine de soja, arôme), oeufs frais, farine de blé, farine de soja, cacao en poudre, stabilisant : glycérol, poudresà lever : E450, E500, sel, gélifiant : E415, arômes. Présence possible d'arachides, de fruits à coque et de lait., Valeur énergétique en Joules :  1997kj, Valeur énergétique en Kcal : 479kcal, Glucides : 49g, Lipides : 28g, Protides :6g, A conserver à l'abri de la chaleur et de l'humidité.]|"
9,67€ / Kg"|"
2,37 €"
3705|Cookies aux pépites de chocolat noir et au cacao maigre issue de l'agriculture biologique|Le paquet de 175g|[Origine : FRANCE, Cookies aux pépites de chocolat noir et au cacao maigre issus de l'agriculture biologique., Farine de blé*, pépites de chocolat noir* 30,5% (pâte de cacao*, sucre*, beurre de cacao*, émulsifiant : lécithine de tournesol, extrait de vanille*), sucre*, beurre*, cacao maigre en poudre* 2,3%, poudre à lever : carbonate d'ammonium, sel marin, arôme naturel de cacao, arôme naturel de vanille, oeuf en poudre*, poudre de lait écrémé*. Traces de fruits à coque, de soja, de sésame et d'arachide. *Ingrédients issus de l'agriculture biologique., Valeur énergétique en Joules :  2035kj, Valeur énergétique en Kcal : 486kcal, Glucides : 61g, Lipides : 23g, Protides :6,6g, A conserver à l'abri de la chaleur et de l'humidité.]|"
8,34€ / Kg"|"
1,46 €"
3706|Cookies aux pépites de chocolat noir et au cacao maigre issue de l'agriculture biologique|Le paquet de 175g|[Origine : FRANCE, Cookies aux pépites de chocolat noir et au cacao maigre issus de l'agriculture biologique., Farine de blé*, pépites de chocolat noir* 30,5% (pâte de cacao*, sucre*, beurre de cacao*, émulsifiant : lécithine de tournesol, extrait de vanille*), sucre*, beurre*, cacao maigre en poudre* 2,3%, poudre à lever : carbonate d'ammonium, sel marin, arôme naturel de cacao, arôme naturel de vanille, oeuf en poudre*, poudre de lait écrémé*. Traces de fruits à coque, de soja, de sésame et d'arachide. *Ingrédients issus de l'agriculture biologique., Valeur énergétique en Joules :  2035kj, Valeur énergétique en Kcal : 486kcal, Glucides : 61g, Lipides : 23g, Protides :6,6g, A conserver à l'abri de la chaleur et de l'humidité.]|"
8,34€ / Kg"|"
1,46 €"
3707|Cookies chocolat aux pépites de chocolat|Le paquet de 200g|[Origine : FRANCE, Farine de blé, pépites de chocolat 26% (sucre, pâte de cacao, beurre de cacao, cacao maigre en poudre, émulsifiant : lécithine de soja, arôme vanille), matière grasse végétale (palme), sucre, chocolat en poudre 9,5% (sucre, pâte de cacao, cacao maigre en poudre), oeufs et blancs d'oeufs, poudre à lever : carbonate acide de sodium, diphosphate disodique, sel, lait écrémé en poudre, arôme. Présence possible d'arachide et de fruits à coque., Valeur énergétique en Joules :  2128Kj, Valeur énergétique en Kcal : 696Kcal, Glucides : 58g, Lipides : 27g, Protides :6,5g, A conserver à l'abri de la chaleur et de l'humidité. Consommer rapidement après ouverture.]|"
5,45€ / Kg"|"
1,09 €"
3708|Cookies nougatine aux pépites de chocolat|Le paquet de 200g|[Origine : FRANCE, Vous pouvez déguster les cookies Monoprix au petit déjeuner ou les apprécier avec un verre de lait à l'heure du goûter., Farine de blé, pépites de chocolat 22% (sucre, pâte de cacao, beurre de cacao, cacao maigre en poudre, émulsifiant : lécithine de soja, arôme vanille), huile de palme, sucre, nougatine 13 % (noisettes, sucre), oeufs, blancs d'oeufs, poudres à lever :diphosphate disodique et carbonate acide de sodium, lactosérum en poudre, sel, arôme vanille (colorant : E150c). Présence possible d'arachide., Valeur énergétique en Joules :  2141Kj, Valeur énergétique en Kcal : 512Kcal, Glucides : 59g, Lipides : 27g, Protides :6,5g, A conserver à l'abri de la chaleur et de l'humidité. Consommer rapidement après ouverture.]|"
4,10€ / Kg"|"
0,82 €"
3709|Fondants au chocolat, aux éclats d'amandes et noix de pécan|Le paquet de 12 pièces +2 gratuites, 240g|[Origine : FRANCE, Mini gâteaux au chocolat et aux éclats d'amandes et noix de pécan., Chocolat 20% (pâte de cacao, sucre, cacao maigre en poudre, émulsifiant : lécithine de soja), oeufs entiers, sucre roux de canne, beurre 13%, farine de blé, éclats d'amande 5%, blancs d'oeufs, stabilisant : sorbitol, éclats de noix de pécan 3%, inuline, poudres à lever : diphosphate disodique, carbonate acide de sodium, amidon de blé, épaississant : gomme xanthane. Traces d'autres fruits à coque., Valeur énergétique en Joules :  1857kj, Valeur énergétique en Kcal : 445kcal, Glucides : 40g, Lipides : 27g, Protides :8,1g, A conserver à l'abri de la chaleur et de l'humidité.]|"
13,08€ / Kg"|"
3,14 €"
3710|Gâteau au chocolat noir|La barquette de 300g|[Origine : FRANCE, Valeur énergétique en Joules :  1868kj, Valeur énergétique en Kcal : 448kcal, Glucides : 45g, Lipides : 27g, Protides :5,1g]|"
6,83€ / Kg"|"
2,05 €"
3711|Maxi coockies choco cacao|Le paquet de 185g|[Origine : FRANCE]|"
18,32€ / Kg"|"
3,39 €"
3712|Maxi coockies choco noisettes|Le paquet de 185g|[Origine : FRANCE]|"
18,32€ / Kg"|"
3,39 €"
3713|Cookies au chocolat et à la noisette|Le paquet de 200 g|[Origine : FRANCE, Nos cookies chocolat noisette, 100% biologiques, sont élaborés avec du véritable chocolat noir et des éclats de noisette. Ils sont source de fer, magnésium, phosphore et vitamine E.Savourez ces biscuits croustillants et appréciez leur goût authentique., Farine de blé*, sucre de canne roux non raffiné*, pépites de chocolat noir* (20%) (pâte de cacao*, sucre*, beurre de cacao*, émulsifiant: lécithine de tournesol, extrait de vanille*), huile de palme non hydrogénée*, noisettes (10%)*, amidon de blé*,oeufs en poudre*, lait écrémé en poudre*, poudre à lever : carbonate d'ammonium, sel marin non raffiné, arôme naturel de vanille. Traces d'arachide .* 100% des ingrédients d'origine agricole ont été obtenus selon les règles de la production biologique., Valeur énergétique en Joules :  2251kj, Valeur énergétique en Kcal : 539kcal, Glucides : 58g, Lipides : 30g, Protides :7,5g, A conserver dans un endroit sec et frais.]|"
16,55€ / Kg"|"
3,31 €"
3714|Cookies au chocolat et à la noisette|Le paquet de 200 g|[Origine : FRANCE, Nos cookies chocolat noisette, 100% biologiques, sont élaborés avec du véritable chocolat noir et des éclats de noisette. Ils sont source de fer, magnésium, phosphore et vitamine E.Savourez ces biscuits croustillants et appréciez leur goût authentique., Farine de blé*, sucre de canne roux non raffiné*, pépites de chocolat noir* (20%) (pâte de cacao*, sucre*, beurre de cacao*, émulsifiant: lécithine de tournesol, extrait de vanille*), huile de palme non hydrogénée*, noisettes (10%)*, amidon de blé*,oeufs en poudre*, lait écrémé en poudre*, poudre à lever : carbonate d'ammonium, sel marin non raffiné, arôme naturel de vanille. Traces d'arachide .* 100% des ingrédients d'origine agricole ont été obtenus selon les règles de la production biologique., Valeur énergétique en Joules :  2251kj, Valeur énergétique en Kcal : 539kcal, Glucides : 58g, Lipides : 30g, Protides :7,5g, A conserver dans un endroit sec et frais.]|"
16,55€ / Kg"|"
3,31 €"
3715|Cookies au chocolat noisettes|Le paquet de 225g|[Origine : FRANCE, Une recette authentique : du sucre de canne pour la richesse de son goût, du beurre frais, de la farine de blé tendre  une pâte sablée, parsemée de gros éclats de chocolat et noisettes.Bonne Maman met tout son amour et son savoir-faire inimitable dans la préparation de ses cookies fabriqués avec des ingrédients traditionnels. Avec Bonne Maman, redécouvrez les bons gâteaux que vous avez toujours aimé., Chocolat 30% (sucre, pâte de cacao, beurre de cacao, émulsifiant : lécithines (soja), arôme naturel de vanille), farine de blé tendre, beurre frais 15%, sucre de canne, noisettes 10%, farine d'avoine, oeufs frais, arômes naturels, poudres à lever (bicarbonates et pyrophosphate de sodium), sel, émulsifiant : lécithines (soja), lait écrémé en poudre. Possibilités de traces d'autres fruits à coques et de graines de sésame., A conserver au sec et à l'abri de la chaleur (max 25°C).]|"
13,11€ / Kg"|"
2,95 €"
3716|Cookies chocolat caramel|La boîte de 225g|[Origine : FRANCE, Bonne Maman met tout son amour et son savoir-faire inimitable dans la préparation de ses cookies au chocolat et caramel. Une recette simplement authentique fabriquée avec des ingrédients traditionnels, sans aucun artifice, sans conservateur ni colorant., Farine de blé tendre, beurre frais, chocolat 20% (sucre, pâte de cacao, beurre de cacao, émulsifiant : lécithines (soja), arôme naturel de vanille), sucre, éclats de caramel 5% (sucre, sirop de glucose, lait concentré sucré, beurre salé), céréales soufflées (farine de riz, farine d'avoine, farine de blé, sirop de malt d'orge, sucre, lactosérum, sel, dextrose), poudres à lever (carbonates de sodium, diphosphates), sel, arôme naturel, oeufs, lait écrémé en poudre., Valeur énergétique en Joules :  2118kj, Valeur énergétique en Kcal : 506kcal, Glucides : 65g, Lipides : 24,5g, Protides :5,1g, A conserver au sec et à l'abri de la chaleur (max 25°C).]|"
13,69€ / Kg"|"
3,08 €"
3717|Cookies pépites de chocolat|Le paquet de 250g|[Origine : FRANCE, Une recette simplement authentique fabriquée avec des ingrédients traditionnels. Une pâte délicieusement croustillante riche en pépites de chocolat. Bonne Maman met tout son amour et son savoir-faire inimitable dans la préparation de ses petits cookies aux pépites de chocolat., Farines de céréales (farine de blé tendre, farine d'avoine), pépites de chocolat 33% (sucre, pâte de cacao, lait en poudre, beurre de cacao, lactose, émulsifiant : lécithines (soja), arôme naturel de vanille, cacao maigre en poudre), beurre frais, sucre, oeufs frais, poudres à lever (bicarbonate et pyrophosphate de sodium), fibres de blé, arôme naturel, sel, poudre de lait écrémé. Possibilités de traces de graines de sésame et de fruits à coques., A conserver au sec et à l'abri de la chaleur.]|"
10,56€ / Kg"|"
2,64 €"
3718|Biscuits cookies chocolatey|Le paquet de 150g|[Origine : FRANCE, Farine de blé, chocolat à croquer (22%), brisure de chocolat (18%), sucre, huile végétale, beurre, mélasse raffinée, cacao en poudre, oeufs, agents de levage (bicarbonate d'ammonium, diphosphate disodique), sel, parfum. Contient : blé, gluten, lait de vache, oeufs, soja., Valeur énergétique en Joules :  1986kj, Valeur énergétique en Kcal : 475kcal, Glucides : 3,7g, Lipides : 53,5g, Protides :5,1g, A conserver dans un endroit frais et sec, à l'abri direct du soleil.]|"
26,00€ / Kg"|"
3,90 €"
3719|Biscuits cookies treacle toffee treats|Le paquet de 150g|[Origine : FRANCE, Farine de blé, huile végétale, flocons d'avoine, sucre roux, mélasse noire (8%), éclats de caramel (7%), sucre, agent de levage (bicarbonate d'ammonium, diphosphate disodique, bicarbonate de soude), sel. Contient : blé, gluten, lait de vache, soja., Valeur énergétique en Joules :  1838kj, Valeur énergétique en Kcal : 439kcal, Glucides : 57,2g, Lipides : 21,0g, Protides :5,3g, A conserver dans un endroit frais et sec, à l'abri direct du soleil.]|"
26,00€ / Kg"|"
3,90 €"
3720|Brownie au chocolat et aux noisettes|Le paquet de 285g|[Origine : FRANCE, Redécouvrez le goût unique et authentique du brownie Original de Brossard  Du pur plaisir à partager ! Si généreux, si moelleux., Sucre, oeufs frais, huile de colza, chocolat 10,9% (sucre, pâte de cacao, beurre de cacao, émulsifiant : lécithine de soja, arôme), farine de blé, noisettes 6,4%, farine de soja, beurre pâtissier, cacao en poudre, poudres à lever : diphosphate disodique, carbonate acide de sodium, sel, arômes. Fabriqué dans un atelier utilisant de l'arachide et des fruits à coque. Ne contient pas de matières grasses hydrogénées., Valeur énergétique en Joules :  2011kj, Valeur énergétique en Kcal : 482kcal, Glucides : 44,5g, Lipides : 30,6g, Protides :7,2g, A conserver dans un endroit frais et sec.]|"
13,16€ / Kg"|"
3,75 €"
3721|Brownie au chocolat et pépites de chocolat|Le paquet de 285g|[Origine : FRANCE, Redécouvrez le goût unique et authentique du brownie Original de Brossard  Du pur plaisir à partager ! Si généreux, si moelleux., Sucre, chocolat 20% dont pépites 9,9% (sucre, pâte de cacao, beurre de cacao, cacao maigre en poudre, émulsifiant : lécithine de soja, arôme), oeufs frais, huile de colza, farine de blé, farine de soja, beurre pâtissier, cacao en poudre, stabilisant: glycérol, poudres à lever : diphosphate disodique, carbonate acide de sodium, sel, gélifiant : gomme de xanthane, arômes. Fabriqué dans un atelier utilisant de l'arachide et des fruits à coque. Ne contient pas de matières grasses hydrogénées., Valeur énergétique en Joules :  1943kj, Valeur énergétique en Kcal : 465kcal, Glucides : 49g, Lipides : 27,2g, Protides :6,1g, A conserver dans un endroit frais et sec.]|"
11,58€ / Kg"|"
3,30 €"
3722|Cookies aux pépites de chocolat sur gâteaux au chocolat|Le paquet de 8 sachets fraicheur, soit 240g|[Origine : FRANCE, Découvrez l'alliance d'un cookie croquant et d'un Brownie moelleux : doublement irrésistible !, Farine de blé, sucre, chocolat noir 18% dont pépites 13,2% (sucre, pâte de cacao, beurre de cacao, cacao maigre en poudre, émulsifiants : lécithines (soja), arôme naturel), oeufs frais, huile de colza, margarine (huiles et graisses végétales : palme,colza, coprah, eau, sel, émulsifiant : mono- et diglycérides d'acides gras, correcteur d'acidité : acide citrique), blanc d'oeufs, sirop de glucose-fructose, stabilisant : glycérol, cacao en poudre, sel, conservateur : sorbate de potassium, émulsifiant : mono- et diglycérides d'acides gras, poudres à lever : diphosphates, carbonates de sodium, gélifiant : gomme xanthane, farine de blé malté, agent de traitement de la farine : L-cystéine, arôme. Contient : gluten, oeuf, soja., Valeur énergétique en Joules :  1921kj, Valeur énergétique en Kcal : 460kcal, Glucides : 53,0g, Lipides : 24,0g, Protides :6,3g, A conserver dans un endroit sec et frais.]|"
14,79€ / Kg"|"
3,55 €"
3723|Gâteau au chocolat noir de cacao et aux pépites de chocolat|La boîte de 8 sachets fraîcheurs, soit 240g|[Origine : FRANCE, Valeur énergétique en Joules :  1905kj, Valeur énergétique en Kcal : 457kcal, Glucides : 47,0g, Lipides : 26,0g, Protides :6,7g]|"
13,63€ / Kg"|"
3,27 €"
3724|Mini brownies aux pépites de chocolat, sachets fraîcheur|Le paquet de 240g|[Origine : FRANCE, Découvrez le goût et la texture uniques et authentiques du brownie original de Brossard en format individuel.Légèrement craquant. Un gâteau très moelleux. Un coeur fondant au chocolat. Généreux et gourmand avec ses pépites., Sucre, huiles végétales, chocolat 13,5% dont pépites 4,4% (sucre, pâte de cacao, beurre de cacao, cacao maigre en poudre, arôme), oeufs, frais, farine de blé, lait entier concentré sucré, sirop de glucose-fructose, farine de soja, stabilisant : glycérol cacao en poudre, blanc d'oeufs, cacao maigre en poudre, poudres à lever : diphosphate disodique, carbonate acide de sodium, gélifiants : pectines, gomme xanthane, sel, conservateur : sorbate de potassium, émulsifiants : lécithine de soja, E472c,acidifiant : acide citrique, arômes. Fabriqué dans un atelier utilisant des fruits à coque et de l'arachide. Ne contient pas de matière grasse hydrogénées., A conserver dans un endroit frais et sec.]|"
12,75€ / Kg"|"
3,06 €"
3725|Double chocolate, cookies dorés aux généreuses pépites de chocolat|Le paquet de 200g|[Origine : FRANCE, Cadbury a imaginé pour vous de nouvelles recettes de cookies riches et gourmandes.Une pâte croustillante à l'extérieur et pleine de généreux morceaux de chocolat noir fondants Cadbury. Ce subtil mélange rend les Luxury Cookies de Cadbury inimitableset indescriptibles. Pour le comprendre, il faut les goûter., A conserver dans un endroit frais et sec.]|"
9,05€ / Kg"|"
1,81 €"
3726|Golden, cookies dorés aux généreuses pépites de chocolat|Le paquet de 200g|[Origine : FRANCE, Cadbury a imaginé pour vous de nouvelles recettes de cookies riches et gourmandes.Une pâte croustillante à l'extérieur et pleine de généreux morceaux de chocolat noir fondants Cadbury. Ce subtil mélange rend les Luxury Cookies de Cadbury inimitableset indescriptibles. Pour le comprendre, il faut les goûter., A conserver dans un endroit frais et sec.]|"
9,55€ / Kg"|"
1,91 €"
3727|Maxi coockies choco cranberry|Le paquet de 185g|[Origine : FRANCE]|"
18,32€ / Kg"|"
3,39 €"
3728|Cookies nougatine aux pépites de chocolat|Le paquet de 200g|[Origine : FRANCE, Farine de blé, graisses végétales (palme), sucre, pépites de chocolat 13% (sucre, pâte de cacao, beurre de cacao, cacao maigre en poudre, émulsifiant : lécithine de soja, arôme), praliné nougatine 4% (noisettes, sucre), oeufs et blancs d'oeufs, poudres à lever : E500ii et E450i, protéines de lait, beurre concentré, sel, arôme vanille. Traces éventuelles d'arachide., A conserver à l'abri de la chaleur et de l'humidité.]|"
3,35€ / Kg"|"
0,67 €"
3729|Cookies|La boite de 100g|[Origine : FRANCE, Valeur énergétique en Joules :  2053kj, Valeur énergétique en Kcal : 490kcal, Glucides : 65,1g, Lipides : 23,1g, Protides :7,5g]|"
16,00€ / Kg"|"
1,60 €"
3730|Cookies pomme-caramel|Le paquet de 100g|[Origine : FRANCE, Valeur énergétique en Joules :  2028kj, Valeur énergétique en Kcal : 483kcal, Glucides : 69,9g, Lipides : 20,6g, Protides :5,2g]|"
16,00€ / Kg"|"
1,60 €"
3731|Biscuits aux morceaux de chocolat et aux noisette|Le paquet de 184g|[Origine : FRANCE, Biscuits aux morceaux de chocolat et aux noisettes., Farine de blé, chocolat 24,9% (sucre, pâte de cacao, beurre de cacao, émulsifiant : lécithine de soja, arôme vanille), matière grasse végétale, sucre, noisettes 9%, poudre à lever (carbonate acide d'ammonium, carbonate acide de sodium, diphosphate disodique), sel, arôme, colorant (bêta-carotène). Contient : blé, gluten, soja, noisette. Peut contenir des traces d'oeuf, lait, autres fruits à coque., Valeur énergétique en Joules :  2235kj, Valeur énergétique en Kcal : 535kcal, Glucides : 57g, Lipides : 31g, Protides :5,5g, A conserver à l'abri de la chaleur et de l'humidité. La température peut modifier l'aspect du chocolat mais n'altère en aucun cas ses qualités nutritives. Consommer rapidement après ouverture.]|"
13,59€ / Kg"|"
2,50 €"
3732|Cookies avec grosses pépites de chocolat|Le paquet de 184g|[Origine : FRANCE, Chocolat 37,1% (sucre, pâte et beurre de cacao, émulsifiant : lécithine de soja, arôme vanille), farine de blé, matière grasse végétale, sucre, poudre à lever : carbonate acide d'ammonium, diphosphate disodique, carbonate acide de sodium, sel, arôme,colorant : bêta-carotène. Contient : blé, gluten, soja. Peut contenir des traces d'oeuf, lait, fruits à coque., Valeur énergétique en Joules :  2110Kj, Valeur énergétique en Kcal : 505Kcal, Glucides : 62g, Lipides : 26g, Protides :4,5g, A conserver à l'abri de la chaleur et de l'humidité. Consommer rapidement après ouverture.]|"
13,10€ / Kg"|"
2,41 €"
3733|Biscuits sucrés coeur fondant au chocolat au lait et noisettes|La boîte de 180g|[Origine : PORTUGAL, Cookies aux noisettes et aux pépites de chocolat au lait avec un fourrage chocolat noisette., Fourrage chocolat noisette 26% (sucre, matière grasse végétale (tournesol), chocolat (cacao en poudre, sucre, pâte de cacao), noisettes, lait écrémé en poudre, émulsifiant : lécithine de soja), une cuillère à soupe de farine de blé, une noix de beurre frais, des grosses pépites de chocolat au lait 15% (sucre, lait entier en poudre, beurre de cacao, pâte de cacao, lactosérum en poudre, lait écrémé en poudre, émulsifiant : lécithine de soja, arôme naturel de vanille), une cuillère à soupe de sucre, des gros morceaux de noisettes 4,5%, une larme d'oeuf et de blancs d'oeuf, des noisettes en poudre, un peu d'amidon de blé, un soupçon de poudres à lever (diphosphate disodique, carbonate acide de sodium) et une pincée de sel. Ces cookies contiennent du gluten (blé), du lait, des oeufs, du soja, des noisettes. Dans la biscuiterie sont utilisés de la moutarde et de l'arachide., Valeur énergétique en Joules :  2251kj, Valeur énergétique en Kcal : 539kcak, Glucides : 57, Lipides : 31, Protides :7, Après ouverture, à consommer rapidement.]|"
22,22€ / Kg"|"
4,00 €"
3734|Biscuits sucrés coeur fondant au chocolat noir et pépites de     chocolat|La boîte de 180g|[Origine : PORTUGAL, Cookies au chocolat et aux pépites de chocolat avec un fourrage au chocolat noir., Fourrage au chocolat noir 26% (sucre, matière grasse végétale (tournesol), cacao maigre en poudre, chocolat noir (cacao maigre en poudre, pâte de cacao, sucre), lait écrémé en poudre, émulsifiant : lécithine de soja), une cuillère à soupe de farine de blé, une noix de beurre frais, des grosses pépites de chocolat 15% (sucre, pâte de cacao, beurre de cacao, émulsifiant : lécithine de soja, arôme naturel de vanille), une cuillère à soupe de sucre, une pincée de chocolat (pâte de cacao, sucre, cacao maigre en poudre), une larme d'oeuf et de blanc d'oeuf, un peu d'amidon de blé, un soupçon de poudres à lever (diphosphate disodique, carbonate acide de sodium, carbonate acide d'ammonium), une cuillère à café de cacao en poudre, une pincée de selet de l'extrait de vanille. Ces cookies contiennent du gluten (blé), du lait, des oeufs et du soja. Dans la biscuiterie sont utilisés de la moutarde, de l'arachide et d'autres fruits à coque., Valeur énergétique en Joules :  2130kj, Valeur énergétique en Kcal : 510kcal, Glucides : 55g, Lipides : 28g, Protides :7g, Après ouverture, à consommer rapidement.]|"
22,33€ / Kg"|"
4,02 €"
3735|Milka cookies chocolat|Le paquet de 168g|[Origine : FRANCE, Valeur énergétique en Joules :  2075kj, Valeur énergétique en Kcal : 495kcal, Glucides : 63g, Lipides : 24g, Protides :6g]|"
12,02€ / Kg"|"
2,02 €"
3736|Milka cookies chocolat et noisettes|Le paquet de 168g|[Origine : FRANCE, Biscuits au blé avec des morceaux de chocolat au lait du pays alpin et des morceaux de noisettes., Farine de blé 36%, pépites de chocolat au lait du pays alpin 20% (sucre, lait entier en poudre, pâte de cacao, beurre de cacao, lactose et protéines de lait, émulsifiant (lécithine de soja), arôme vanille), matière grasse végétale, sucre, noisettes 8,5%, sirop de glucose, amidon de blé, oeufs en poudre, sirop de glucose-fructose, poudre à lever (carbonate acide de sodium, diphosphate disodique, carbonate acide de calcium), sel, lait entier en poudre, arôme, blanc d'oeuf en poudre. Contient blé,gluten, oeuf, soja, lait, noisette. Peut contenir autres fruits à coque., Valeur énergétique en Joules :  2145kj, Valeur énergétique en Kcal : 515kcal, Glucides : 59,5g, Lipides : 27g, Protides :7g, A conserver à l'abri de la chaleur et de l'humidité.]|"
12,80€ / Kg"|"
2,15 €"
3737|Cookies croustillants aux morceaux de chocolat blanc et aux noix de macadamia|Le paquet de 204g|[Origine : FRANCE, Pour intensifier son moelleux, placer le cookie 10-12 secondes au four à micro-ondes., Farine de blé, chocolat blanc 20% (sucre, beurre de cacao, poudre de lait écrémé, poudre de lait entier, émulsifiant : lécithine de soja, extrait de vanille), sucre, huile de palme, noix de macadamia 6%, beurre, sucre brun (sucre, sucre inverti, mélasse), oeufs, poudres à lever : carbonate acide de sodium, tartrates de potassium et carbonates d'ammonium, sel, arômes, fruits à coque moulus (pécan, macadamia, noix, cajou, amande). Contient : lait, oeuf, soja, fruits à coque et gluten (blé)., Valeur énergétique en Joules :  2099kj, Valeur énergétique en Kcal : 502kcal, Glucides : 65,4g, Lipides : 23,1g, Protides :3,8g, A conserver dans un endroit sec à température ambiante.]|"
18,87€ / Kg"|"
3,85 €"
3738|Cookies croustillants aux morceaux de chocolat noir et aux noix de pécan|Le paquet de 204g|[Origine : FRANCE, Pour intensifier son moelleux, placer le cookie 10-12 secondes au four à micro-ondes., Farine de blé, sucre, chocolat noir 17% (sucre, pâte de cacao, beurre de cacao, dextrose, émulsifiant : lécithine de soja, extrait de vanille), huile de palme, noix de pécan 11%, beurre, oeufs, sucre brun (sucre, sucre inverti, mélasse), poudres à lever : carbonate acide de sodium, tartrates de potassium et carbonates d'ammonium, sel, arômes, fruits à coque moulus (pécan, macadamia, noix, cajou, amande). Contient : lait, soja, oeufs, fruits à coque et gluten (blé)., Valeur énergétique en Joules :  2099kj, Valeur énergétique en Kcal : 502kcal, Glucides : 65,4g, Lipides : 23,1g, Protides :3,8g, A conserver dans un endroit sec à température ambiante.]|"
19,03€ / Kg"|"
3,92 €"
3739|Cookies Milk Chocolat Macadamia|Le paquet de 204g|[Origine : FRANCE, Pour intensifier son moelleux, placer le cookie 10-12 secondes au four à micro-ondes., Farine de blé, chocolat au lait 20% (sucre, beurre de cacao, poudre de lait écrémé, pâte de cacao, huile de beurre, émulsifiant : lécithine de soja, extrait de vanille), sucre, huile de palme, noix de macadamia 6%, beurre, sucre brun (sucre, sucre inverti, mélasse), oeufs , noix de coco râpée desséchée, poudres à lever : carbonate acide de sodium, tartrates de potassium et carbonates d'ammonium, sel, aromes, fruits à coque moulus (pécan, macadamia, noix, cajou, amande). Contient : lait, fruits àcoque, soja, oeuf et gluten (blé)., A conserver dans un endroit sec à température ambiante.]|"
17,70€ / Kg"|"
3,61 €"
3740|Cookies tendres aux morceaux de chocolat au lait|Le paquet de 244g|[Origine : FRANCE, Cookies tendres aux morceaux de chocolat au lait., Pour apprécier un cookie avec du chocolat chaud et fondant, mettre un cookie dans le four à micro-ondes pendant 10-12 secondes., Farine de blé enrichie (farine, niacine, fer, mononitrate de thiamine (vitamine B1), riboflavine (vitamine B2), acide folique), chocolat au lait 22% (sucre, beurre de cacao, lait en poudre écrémé, pâte de cacao, butter oïl, dextrose, émulsifiant : lécithine de soja, extrait de vanille), fructose, beurre, sucre brun (sucre, sucre inverti, mélasses), huile de palme, sucre, sirop de glucose déshydraté, oeufs, poudres à lever : carbonate acide de sodium, tartrate monopotassique, carbonate acide d'ammonium, sel, arômes, gélifiant : pectine. Contient : lait, oeuf, soja, gluten de blé., Valeur énergétique en Joules :  1918kj, Valeur énergétique en Kcal : 458kcal, Glucides : 70,8g, Lipides : 17,1g, Protides :4,8g, A conserver dans un endroit sec, à température ambiante.]|"
14,43€ / Kg"|"
3,52 €"
3741|Double Chocolate Nantucket, cookies au chocolat noir|Le paquet de 220g|[Origine : FRANCE, Pour intensifier son moelleux, placer le cookie 10-12 secondes au four à micro-ondes., Chocolat noir 38% (sucre, pâte de cacao, beurre de cacao, dextrose, émulsifiant : lécithine de soja, extrait de vanille), farine de blé, sucre, beurre, huile de palme, oeufs, sucre brun (sucre, sucre inverti, mélasse), poudres à lever : carbonate acide de sodium, tartrates de potassium et carbonates d'ammonium, sel, arôme et colorant : caramel au sulfite d'ammonium. Contient : lait, soja, oeufs et gluten (blé)., A conserver dans un endroit sec à température ambiante.]|"
17,50€ / Kg"|"
3,85 €"
3742|Crêpes au beurre sucrées|Le paquet de 10 crêpes, 350g|[Origine : FRANCE, Crêpes beurrées sucrées au lait frais pasteurisé., A consommer froides ou réchauffées au micro-ondes pendant 10 secondes à 600 watts ou dans une poêle à feu doux pendant 20 secondes avec une noisette de beurre., Farine de blé, lait entier frais pasteurisé 30%, sucre 26%, oeufs entiers frais, beurre concentré 16%, sirop de glucose de blé ou maïs, sel, dextrose de blé. Présence possible de soja et de noisettes., Valeur énergétique en Joules :  1827kj, Valeur énergétique en Kcal : 436kcal, Glucides : 54g, Lipides : 21g, Protides :7,1g, A conserver dans un endroit sec et frais.]|"
6,49€ / Kg"|"
2,27 €"
3743|Crêpes dentelle nature, recette de Quimper.|La boîte de 85g|[Origine : FRANCE, Pour sa gamme de recettes bretonnes, Monoprix Gourmet s'est allié à un célèbre biscuitier de Quimper. Avec son savoir-faire et la sélection d'ingrédients nobles, tout est mis en oeuvre pour vous offrir la meilleure qualité., Farine de blé, sucre, beurre concentré 16%, lait écrémé en poudre, sel, extrait de malt d'orge, émulsifiant : lécithines de soja, poudre à lever : carbonates de sodium., Valeur énergétique en Joules :  1964kj, Valeur énergétique en Kcal : 467kcal, Glucides : 72g, Lipides : 17g, Protides :6,5g, A conserver à l'abri de la chaleur et de l'humidité.]|"
22,71€ / Kg"|"
1,93 €"
3744|Crêpes fourrées au chocolat, au lait frais, sans conservateur|Le sachet de 8 pièces, 240g|[Origine : FRANCE, Sachets fraîcheur., A consommer froides ou réchauffées au four à micro-ondes pendant 10 secondes pour un four ayant une puissance restituée à 600 W., Crêpe 60% : farine de blé, lait entier frais pasteurisé 18%, sucre, oeufs entiers frais, beurre concentré 7,8%, sirop de glucose de blé ou de maïs, sel, dextrose de blé. Fourrage 40% : sucre, graisse végétale de colza, chocolat 6,8% (cacao maigre enpoudre, pâte de cacao, sucre), lait écrémé en poudre, pâte de noisette, lactose, émulsifiant : lécithine de soja. Sans conservateur., Valeur énergétique en Joules :  1913kj, Valeur énergétique en Kcal : 457kcal, Glucides : 57g, Lipides : 22g, Protides :6,5g, A conserver à l'abri de la chaleur et de l'humidité.]|"
8,38€ / Kg"|"
2,01 €"
3745|Gaufres au miel et à la farine d'épeautre, certifié AB|Le paquet de 175g|[Origine : PAYS-BAS, Sirop de blé* (amidon de blé*, eau), matière grasse végétale de palme*, farine d'épeautre* 14%, farine de blé*, sucre mi-blanc*, sirop d'épeautre* (amidon d'épeautre*, eau), miel* 4%, farine de soja*, son de blé*, poudre à lever: bicarbonate de sodium, émulsifiant: lécithine de soja, sel*, cannelle*. Ingrédients issus de l'agriculture biologique. Présence possible de noisettes, oeufs, lait et sésame., Valeur énergétique en Joules :  1807Kj, Valeur énergétique en Kcal : 429Kcal, Glucides : 74g, Lipides : 13g, Protides :4g, A conserver au sec et au frais, à l'abri de la lumière.]|"
13,89€ / Kg"|"
2,43 €"
3746|Gaufres au miel et à la farine d'épeautre, certifié AB|Le paquet de 175g|[Origine : PAYS-BAS, Sirop de blé* (amidon de blé*, eau), matière grasse végétale de palme*, farine d'épeautre* 14%, farine de blé*, sucre mi-blanc*, sirop d'épeautre* (amidon d'épeautre*, eau), miel* 4%, farine de soja*, son de blé*, poudre à lever: bicarbonate de sodium, émulsifiant: lécithine de soja, sel*, cannelle*. Ingrédients issus de l'agriculture biologique. Présence possible de noisettes, oeufs, lait et sésame., Valeur énergétique en Joules :  1807Kj, Valeur énergétique en Kcal : 429Kcal, Glucides : 74g, Lipides : 13g, Protides :4g, A conserver au sec et au frais, à l'abri de la lumière.]|"
13,89€ / Kg"|"
2,43 €"
3747|Gaufres aux oeufs frais soupoudrées de sucre|Le paquet de 250g|[Origine : PAYS-BAS, Gaufres aux oeufs saupoudrées de sucre., Gaufre 95% : oeufs frais 26%, sucre, matière grasse de palme, farine de blé, farine de lupin, lait écrémé en poudre, sel, émulsifiant : lécithine de tournesol, arôme naturel. Décor 5% : sucre 3,3%, amidon de blé, huile de palme., Valeur énergétique en Joules :  1852kj, Valeur énergétique en Kcal : 443kcal, Glucides : 48g, Lipides : 24g, Protides :7,6g, A conserver dans un endroit sec et frais, à l'abri de la lumière. A consommer rapidement après ouverture.]|"
5,02€ / Kg"|"
1,33 €"
3748|Gaufres liégeoises aux perles de sucre|Le sachet de 5 gaufres, 275g|[Origine : FRANCE, Gaufres sucrées., Farine de blé, sucre perlé 24%, margarine (huiles et graisses de palme et colza, eau, sel, émulsifiants : lécithine de tournesol et mono- et diglycérides d'acides gras, acidifiant : acide citrique, colorant : caroténoïdes, arôme naturel), oeufs entiers liquides pasteurisés, levure, farine de soja, eau, sucre 2%, sirop de sucre inverti, sel, arôme naturel., Valeur énergétique en Joules :  1841kj, Valeur énergétique en Kcal : 440kcal, Glucides : 53g, Lipides : 22g, Protides :6,3g, A conserver dans un endroit sec et frais à l'abri de la lumière.]|"
7,09€ / Kg"|"
1,95 €"
3749|Pancakes nature frais|Le paquet de 132g|[Origine : FRANCE, lait frais entier - farine de froment 29% (blé) - sucre roux de canne 14% - oeuf entier frais - beurre concentré - poudre à lever : E450ii, E500i - amidon de blé - conservateur : E262 - sel., Valeur énergétique en Joules :  1165kj, Valeur énergétique en Kcal : 277kcal, Glucides : 44g, Lipides : 8g, Protides :6,3g]|"
15,76€ / Kg"|"
2,08 €"
3750|Gaufre au caramel bio|La boite de 175g|[Origine : PAYS-BAS, Farine semi-complÈte de blÍ* 28% (T110), sirop de blÍ non raffinÍ*, caramel* 18% (sucre de canne non raffinÍ*, beurre* 24%, caramel concentrÍ* , sel de GuÍrande 0,5%, sucre vanillÍ* (sucre de canne non raffinÍ, ar«me naturel de vanille*), margarine*(huile de tournesol, beurre de cacao, eau, Ímulsifiant : lÍcithine de tournesol, acidifiant: acide citrique, extrait de carotte)~ , sucre de canne non raffinÍ*, sirop d'agave*, Ímulsifiant: lÍcithine de tournesol, poudre d'oeufs*, cannelle*, Sel de GuÍrande, poudre Å lever : bicarbonate de sodium., Valeur énergétique en Joules :  1795, Valeur énergétique en Kcal : 427, Glucides : 65.8, Lipides : 16.2, Protides :4]|"
13,49€ / Kg"|"
2,36 €"
3751|Gaufre au caramel bio|La boite de 175g|[Origine : PAYS-BAS, Farine semi-complÈte de blÍ* 28% (T110), sirop de blÍ non raffinÍ*, caramel* 18% (sucre de canne non raffinÍ*, beurre* 24%, caramel concentrÍ* , sel de GuÍrande 0,5%, sucre vanillÍ* (sucre de canne non raffinÍ, ar«me naturel de vanille*), margarine*(huile de tournesol, beurre de cacao, eau, Ímulsifiant : lÍcithine de tournesol, acidifiant: acide citrique, extrait de carotte)~ , sucre de canne non raffinÍ*, sirop d'agave*, Ímulsifiant: lÍcithine de tournesol, poudre d'oeufs*, cannelle*, Sel de GuÍrande, poudre Å lever : bicarbonate de sodium., Valeur énergétique en Joules :  1795, Valeur énergétique en Kcal : 427, Glucides : 65.8, Lipides : 16.2, Protides :4]|"
13,49€ / Kg"|"
2,36 €"
3752|Gaufres au miel, certifié AB|Le paquet de 175g|[Origine : FRANCE, Nos gaufres au Miel,100% biologiques*, allient une texture croustillante et une couleur dorée à un délicieux fourrage de miel onctueux et savoureux.Elles sont préparées avec de la farine complète, qui conserve l'enveloppe naturelle de grain de blé, et  sont naturellement  source de vitamine E. *100% des ingrédients d'origine agricole ont été obtenus selon les règles de la production biologique., Farine de blé complète (36%), *sirop de froment, *graisses végétales non hydrogénée (*huile de tournesol, *huile de palme, *huile de palmiste, arôme naturel de beurre (lait)), *sucre de canne brut non raffiné, *miel (12%), *sirop de sucre de canne, *oeufs, émulsifiant : lécithine de colza (farine de blé), sel marin non raffiné, poudre à lever : carbonate acide de sodium, *cannelle., Valeur énergétique en Joules :  1937Kj, Valeur énergétique en Kcal : 461Kcal, Glucides : 74,5g, Lipides : 16,2g, Protides :4,2g, A conserver dans un endroit  frais et sec.]|"
11,49€ / Kg"|"
2,01 €"
3753|Gaufres au miel, certifié AB|Le paquet de 175g|[Origine : FRANCE, Nos gaufres au Miel,100% biologiques*, allient une texture croustillante et une couleur dorée à un délicieux fourrage de miel onctueux et savoureux.Elles sont préparées avec de la farine complète, qui conserve l'enveloppe naturelle de grain de blé, et  sont naturellement  source de vitamine E. *100% des ingrédients d'origine agricole ont été obtenus selon les règles de la production biologique., Farine de blé complète (36%), *sirop de froment, *graisses végétales non hydrogénée (*huile de tournesol, *huile de palme, *huile de palmiste, arôme naturel de beurre (lait)), *sucre de canne brut non raffiné, *miel (12%), *sirop de sucre de canne, *oeufs, émulsifiant : lécithine de colza (farine de blé), sel marin non raffiné, poudre à lever : carbonate acide de sodium, *cannelle., Valeur énergétique en Joules :  1937Kj, Valeur énergétique en Kcal : 461Kcal, Glucides : 74,5g, Lipides : 16,2g, Protides :4,2g, A conserver dans un endroit  frais et sec.]|"
11,49€ / Kg"|"
2,01 €"
3756|Gaufre nature|Le paquet de 215g|[Origine : FRANCE]|"
13,21€ / Kg"|"
2,84 €"
3757|Gaufres liégeoises nappées de chocolat|Le paquet de 300g|[Origine : BELGIQUE, Farine de blé, sucre perlé 21%, margarine (matières grasses végétales de colza, de palme et de coprah, eau, émulsifiant : mono- et diglycérides d'acides gras de palme, acidifiant : acide citrique, colorant : bêta-carotène), nappage saveur chocolat 8%(sucre, matière grasse végétale hydrogénée, cacao maigre en poudre, émulsifiant : lécithine de soja, vanilline), oeufs entiers, eau, sirop de sucre inverti, levure, farine de soja, sel, arôme : vanilline., Valeur énergétique en Joules :  1877Kj, Valeur énergétique en Kcal : 449Kcal, Glucides : 53,7g, Lipides : 23,7g, Protides :5,1g, A conserver dans un endroit sec et frais, à l'abri de la lumière.]|"
5,00€ / Kg"|"
1,50 €"
3758|Mini gauffres, certifié AB|Les 8 gauffres, 165g|[Origine : FRANCE]|"
11,15€ / Kg"|"
1,84 €"
3759|Mini gauffres, certifié AB|Les 8 gauffres, 165g|[Origine : FRANCE]|"
11,15€ / Kg"|"
1,84 €"
3760|Mini gaufres aux oeufs frais|Le paquet de 165g|[Origine : PAYS-BAS, 32% oeufs frais, sucre, matière grasse végétale (palme), farine de froment, farine de lupin, poudre de lait écrémé, sel, émulsifiant : lécithine de tournesol, arôme : vanilline., A conserver au sec, à l'abri de la chaleur et de la lumière.]|"
6,48€ / Kg"|"
1,07 €"
3761|Biscuit dentelle fourrage au caramel|La boîte de 60g|[Origine : FRANCE, Craquez pour ces berlingots croustillants de crêpe dentelle et laissez-vous surprendre par leur coeur fondant de caramel. Prêts à savourer, à partager malicieusement, tel un secret de gourmandise., Farine de blé, maltodextrine, sucre, caramel en poudre 12% (sucre, lait entier en poudre), huile végétale (colza), beurre pâtissier (lait), matière grasse végétale (beurre de karité), lactosérum en poudre (lait), extrait de malt d'orge, sirop de glucose, beurre de cacao, caramel 1% (sirop de glucose, sucre), sel, fibres de blé, émulsifiants : lécithine de tournesol, lécithine de colza, arôme naturel. Peut contenir : fruits à coque, arachides, soja.]|"
28,17€ / Kg"|"
1,69 €"
3762|Crepes nature bio|Le sachet de 8 crêpes, 200g|[Origine : FRANCE, Découvrez la recette de la crêpe Bio Le Ster Le Pâtissier. Savoureuse et riche en goût, la crêpe Bio Le Ster Le Pâtissier est élaborée à partir d'ingrédients Bio rigoureusement sélectionnés et est travaillée sans colorant ni conservateur., Lait frais entier*, farine de blÍ*, sucre roux de canne*, oeufs*, huile de colza*, sel., Valeur énergétique en Joules :  1691kj, Valeur énergétique en Kcal : 402kcal, Glucides : 57,6g, Lipides : 15,7g, Protides :8,6g, A conserver au frais et au sec.]|"
13,80€ / Kg"|"
2,76 €"
3763|Crepes nature bio|Le sachet de 8 crêpes, 200g|[Origine : FRANCE, Découvrez la recette de la crêpe Bio Le Ster Le Pâtissier. Savoureuse et riche en goût, la crêpe Bio Le Ster Le Pâtissier est élaborée à partir d'ingrédients Bio rigoureusement sélectionnés et est travaillée sans colorant ni conservateur., Lait frais entier*, farine de blÍ*, sucre roux de canne*, oeufs*, huile de colza*, sel., Valeur énergétique en Joules :  1691kj, Valeur énergétique en Kcal : 402kcal, Glucides : 57,6g, Lipides : 15,7g, Protides :8,6g, A conserver au frais et au sec.]|"
13,80€ / Kg"|"
2,76 €"
3764|Gaufre de liege au chocolat|Le sachet de 7 pieces 362,6g|[Origine : FRANCE, Nos gaufres de Liège sont élaborées au coeur du terroir Belge, sans colorants ni conservateurs, à partir d'ingrédients sélectionnés avec soins pour leur qualité pâtissière., Farine de blé tendre, perles de sucre (18%), huiles végétales (palme, colza), chocolat belge (13%) (sucre, pâte de cacao, beurre de cacao, graisse butyrique (lait), émulsifiant (lécithine de soja et E476)), sirop de glucose-fructose, oeufs frais (4%), levure, émulsifiant (mono- et diglycérides d'acides gras, stéaroyl-2-lactylate de sodium, lécithine de soja), sel, arôme.  Recette garantie sans ajout de colorants ni conservateurs.]|"
8,02€ / Kg"|##
3765|Gaufre de liege perles de sucre|le sachet 7x45g|[Origine : FRANCE, Nos gaufres de Liège sont élaborées au coeur du terroir Belge, sans colorants ni conservateurs, à partir d'ingrédients sélectionnés avec soins pour leur qualité pâtissière., Farine de blé tendre, perles de sucre (21%), huiles végétales (palme, colza), sirop de glucose-fructose, oeufs frais (5%), levure, émulsifiant (mono- et diglycérides d'acides gras, stéaroyl-2-lactylate de sodium, lécithine de soja), sel, arôme. Fabriqué dans un atelier qui utilise : lait. Recette garantie sans ajout de colorants ni conservateurs.]|"
7,65€ / Kg"|##
3766|Crêpes bretonne à la cassonade|Le paquet de 285g|[Origine : FRANCE]|"
9,82€ / Kg"|"
2,80 €"
3767|Crêpes bretonnes natures|Le paquet de 315g|[Origine : FRANCE, Valeur énergétique en Kcal : 436, Glucides : 54, Lipides : 21, Protides :7.2, Farine de blÍ (35%), lait entier frais (30%), sucre, oeufs entiers frais, huile vÍgÍtale non hydorgÍnÍe (colza, tournesol), dextrose, sel, Ímulsifiant : mono - et diglycÍrides d'acides gras.]|"
6,13€ / Kg"|"
1,93 €"
3768|Crêpes au chocolat, format familial|Les 15 crêpes, 480g|[Origine : FRANCE]|"
8,27€ / Kg"|"
3,97 €"
3769|Bâtonnets sablés au chocolat au lait|Le paquet de 135g|[Origine : FRANCE]|"
14,67€ / Kg"|"
1,98 €"
3770|Biscuit aux graines de sésame et lin brun et au miel|Le paquet de 130g|[Origine : FRANCE, Biscuits aux graines de sésame et lin brun et au miel., Farine de blé, sucre, huile de colza, oeufs, graines de sésame et de lin brun 6%, farine d'avoine, miel 3%, beurre concentré, sel, poudres à lever : carbonates de sodium, diphosphates., Valeur énergétique en Joules :  226kj, Valeur énergétique en Kcal : 54kcal, Glucides : 6,8g, Lipides : 6,8g, Protides :0,7g, A conserver à l'abri de la chaleur et de l'humidité.]|"
8,54€ / Kg"|"
1,11 €"
3771|Biscuits à l'épeautre et aux graines de sésame|Le paquet de 150g|[Origine : FRANCE, Biscuits au petit épeautre et aux graines de sésame issus de l'agriculture biologique., Farine de blé* 40%, sucre de canne* 18%, farine de petit épeautre* 17%, matière grasse végétale* (palme), graines de sésame* 13%, poudres à lever : carbonates acides d'ammonium et de sodium, tartrate de potassium, sel marin non raffiné, arôme naturelvanille. *Ingrédients issus de l'agriculture biologique. Traces de lait, d'arachide, de fruits à coque, de soja et d'oeufs., Valeur énergétique en Joules :  2016Kj, Valeur énergétique en Kcal : 481Kcal, Glucides : 60g, Lipides : 22g, Protides :8,7g, A conserver à l'abri de l'humidité et de la chaleur.]|"
11,60€ / Kg"|"
1,74 €"
3772|Biscuits à l'épeautre et aux graines de sésame|Le paquet de 150g|[Origine : FRANCE, Biscuits au petit épeautre et aux graines de sésame issus de l'agriculture biologique., Farine de blé* 40%, sucre de canne* 18%, farine de petit épeautre* 17%, matière grasse végétale* (palme), graines de sésame* 13%, poudres à lever : carbonates acides d'ammonium et de sodium, tartrate de potassium, sel marin non raffiné, arôme naturelvanille. *Ingrédients issus de l'agriculture biologique. Traces de lait, d'arachide, de fruits à coque, de soja et d'oeufs., Valeur énergétique en Joules :  2016Kj, Valeur énergétique en Kcal : 481Kcal, Glucides : 60g, Lipides : 22g, Protides :8,7g, A conserver à l'abri de l'humidité et de la chaleur.]|"
11,60€ / Kg"|"
1,74 €"
3773|Biscuits sablés fourrés au citron|Le paquet de 125g|[Origine : FRANCE, Purée de pommes, farine de blé, sirop de glucose-fructose de blé, sucre, beurre, graisse de palme, stabilisant : glycérol, pulpe de citron concentrée 3,9%, jaunes d'oeufs liquides sucrés, lait entier en poudre, oeufs, arômes, sel, poudres à lever : carbonate acide d'ammonium. Traces de soja et de fruits à coque. Elaboré en France., Valeur énergétique en Joules :  1849Kj, Valeur énergétique en Kcal : 440Kcal, Glucides : 68g, Lipides : 38g, Protides :5g, A conserver à l'abri de la chaleur et de l'humidité.]|"
12,72€ / Kg"|"
1,59 €"
3774|Biscuits sablés nappés de chocolat au lait issue de l'agriculture biologique|Le paquet de 165g|[Origine : FRANCE, Biscuits sablés nappés de chocolat au lait issus de l'agriculture biologique., Farine de blé*, chocolat au lait* 25% (sucre*, poudre de lait entier*, beurre de cacao*, pâte de cacao*, extrait de vanille*), sucre roux de canne*, beurre*, huile de colza*, poudre de lait écrémé*, sirop d'orge malté*, noix de coco*, poudres à lever: carbonate acide de sodium, carbonate d'ammonium, sel marin, arôme naturel de vanille, oeufs en poudre*, sucre*. Peut contenir des traces de fruits à coque, de soja, de sésame et d'arachide. *Ingrédients issus de l'agriculture biologique., Valeur énergétique en Kcal : 489kcal, Glucides : 63g, Lipides : 22g, Protides :8,1g, A conserver à l'abri de la chaleur et de l'humidité.]|"
8,67€ / Kg"|"
1,43 €"
3775|Biscuits sablés nappés de chocolat au lait issue de l'agriculture biologique|Le paquet de 165g|[Origine : FRANCE, Biscuits sablés nappés de chocolat au lait issus de l'agriculture biologique., Farine de blé*, chocolat au lait* 25% (sucre*, poudre de lait entier*, beurre de cacao*, pâte de cacao*, extrait de vanille*), sucre roux de canne*, beurre*, huile de colza*, poudre de lait écrémé*, sirop d'orge malté*, noix de coco*, poudres à lever: carbonate acide de sodium, carbonate d'ammonium, sel marin, arôme naturel de vanille, oeufs en poudre*, sucre*. Peut contenir des traces de fruits à coque, de soja, de sésame et d'arachide. *Ingrédients issus de l'agriculture biologique., Valeur énergétique en Kcal : 489kcal, Glucides : 63g, Lipides : 22g, Protides :8,1g, A conserver à l'abri de la chaleur et de l'humidité.]|"
8,67€ / Kg"|"
1,43 €"
3776|Cigarettes gourmandes, croustillantes et fondantes|Le paquet de 180g|[Origine : FRANCE, Sucre, farine de blé, matières grasses végétales (palme, coprah, colza), blancs d'oeuf, poudre de lait écrémé, farine de lupin, farine d'avoine, maltodextrines de pomme de terre, sel, arôme vanille, émulsifiant : mono- et diglycérides d'acides gras., Valeur énergétique en Joules :  2209Kj, Valeur énergétique en Kcal : 528Kcal, Glucides : 63g, Lipides : 28g, Protides :5,5g, A conserver à l'abri de la chaleur et de l'humidité. Bien refermer le sachet et à consommer rapidement après ouverture.]|"
6,33€ / Kg"|"
1,14 €"
3777|Galettes bretonnes, spécialité de Pont-Aven|Le paquet de 100g|[Origine : FRANCE, Pour sa gamme bretonne MONOPRIX GOURMET s'est allié à un célèbre biscuitier de Pont-Aven. Le respect de recettes authentiques, la sélection d'ingrédients nobles, le tri manuel des galettes après cuisson, tout est mis en oeuvre pour vous offrir la meilleure qualité., Farine de blé, beurre extra fin 26%, sucre, oeufs, sel. Dorure : lait écrémé en poudre., Valeur énergétique en Joules :  2159Kj, Valeur énergétique en Kcal : 515Kcal, Glucides : 67g, Lipides : 25g, Protides :5,6g, A conserver à l'abri de la chaleur et de l'humidité.]|"
16,00€ / Kg"|"
1,60 €"
3778|Galettes bretonnes pur beurre|Le paquet de 125g|[Origine : FRANCE, Farine de blé, beurre frais 26%, sucre, oeufs, sel, lait écrémé en poudre, poudre à lever : carbonate acide d'ammonium, arôme naturel de vanille. Traces de fruits à coque et soja., Valeur énergétique en Joules :  2051 kJ, Valeur énergétique en Kcal : 489 kcal, Glucides : 68g, Lipides : 21g, Protides :6g, A conserver à l'abri de la chaleur et de l'humidité.]|"
6,16€ / Kg"|"
0,77 €"
3779|Galettes pur beurre, certifié AB|Le paquet de 125g|[Origine : FRANCE, Monoprix a sélectionné pour vous, avec des entreprises partenaires, des produits issus de l'agriculture biologique. Leurs modes de production et de transformation sont contrôlés et certifiés par un organisme indépendant, conformément à la réglementation en vigueur. Les producteurs emploient des fertilisants respectueux de l'environnement et pratiquent la rotation des cultures afin de garder des sols vivants et une fertilité durable., Farine de blé*, sucre roux de canne* 25%, beurre*25%, oeufs entiers en poudre*, sel marin, arôme naturel vanille, poudre à lever : carbonate d'ammonium, lait écrémé en poudre*. *Ingrédients issus de l'agriculture biologique. Présence possible de fruits à coque, de soja, de sésame et d'arachides., Valeur énergétique en Joules :  2044Kj, Valeur énergétique en Kcal : 487Kcal, Glucides : 68g, Lipides : 21g, Protides :6,5g, Pour préserver tout le croustillant de ces galettes, conservez-les à l'abri de l'humidité et de la chaleur.]|"
11,60€ / Kg"|"
1,45 €"
3780|Galettes pur beurre, certifié AB|Le paquet de 125g|[Origine : FRANCE, Monoprix a sélectionné pour vous, avec des entreprises partenaires, des produits issus de l'agriculture biologique. Leurs modes de production et de transformation sont contrôlés et certifiés par un organisme indépendant, conformément à la réglementation en vigueur. Les producteurs emploient des fertilisants respectueux de l'environnement et pratiquent la rotation des cultures afin de garder des sols vivants et une fertilité durable., Farine de blé*, sucre roux de canne* 25%, beurre*25%, oeufs entiers en poudre*, sel marin, arôme naturel vanille, poudre à lever : carbonate d'ammonium, lait écrémé en poudre*. *Ingrédients issus de l'agriculture biologique. Présence possible de fruits à coque, de soja, de sésame et d'arachides., Valeur énergétique en Joules :  2044Kj, Valeur énergétique en Kcal : 487Kcal, Glucides : 68g, Lipides : 21g, Protides :6,5g, Pour préserver tout le croustillant de ces galettes, conservez-les à l'abri de l'humidité et de la chaleur.]|"
11,60€ / Kg"|"
1,45 €"
3781|Galettes suédoises aux flocons d'avoine et au chocolat|Le paquet de 150g|[Origine : FRANCE, Galettes doubles aux flocons d'avoine et au chocolat., Sucre, chocolat 23% (sucre, pâte de cacao, beurre de cacao, émulsifiant : lécithine de soja, arôme), flocons d'avoine 20%, margarine (matières grasses végétales (palme, colza, coco), eau, sel, émulsifiant : mono- et diglycérides d'acides gras, arômenaturel, antioxydant : acide citrique, colorant : béta-carotène), farine de blé, poudre d'oeufs, poudres à lever : carbonate acide de sodium, diphosphate disodique, carbonate acide d'ammonium., Valeur énergétique en Joules :  2173Kj, Valeur énergétique en Kcal : 508Kcal, Glucides : 61g, Lipides : 26g, Protides :5,5g, A conserver à l'abri de la chaleur et de l'humidité.]|"
14,60€ / Kg"|"
2,19 €"
3782|Gaufrettes enrobées de chocolat fin|Le paquet de 150g|[Origine : FRANCE, Gaufrettes fourrées enrobées de chocolat., Chocolat 40% (sucre, pâte de cacao, beurre de cacao, lait entier en poudre, émulsifiant : lécithine de soja, arôme), farine de blé, matière grasse végétale hydrogénée (coprah), sucre, cacao maigre en poudre, lait écrémé en poudre, dextrose, farine delupin, jaune d'oeuf en poudre, sel, huile de tournesol, poudres à lever : carbonate acide de sodium, carbonate de magnésium, émulsifiant : lécithine de colza. Présence possible d'arachide et de fruits à coque., Valeur énergétique en Joules :  2224Kj, Valeur énergétique en Kcal : 533Kcal, Glucides : 54g, Lipides : 31g, Protides :7g, A conserver à l'abri de la chaleur et de l'humidité. Consommer rapidement après ouverture. Biscuits fragiles à manipuler avec précaution.]|"
7,40€ / Kg"|"
1,11 €"
3783|Gaufrettes fourrées parfum vanille|Le paquet de 100g|[Origine : FRANCE, Farine de blé, huile de coprah hydrogénée, dextrose de blé, sucre, arômes vanille (dont colorant E150d), farine de lupin, jaune d'oeufs en poudre, sel, huile de tournesol, émulsifiant E322 (dont huile de palme hydrogénée), poudres à lever E500ii et E540ii. Présence possible de fruits à coque, de soja, d'arachide et de lait., Valeur énergétique en Joules :  2297Kj, Valeur énergétique en Kcal : 550kcal, Glucides : 59g, Lipides : 33g, Protides :3,8g, Craint la chaleur et l'humidité. A consommer rapidement après ouverture.]|"
10,10€ / Kg"|"
1,01 €"
3784|Gaufrettes fourrées praliné|Le paquet de 100g|[Origine : FRANCE, Farine de blé, praliné noisettes 22% (noisettes 2%, sucre), huile de coprah hydrogénée, dextrose de blé, sucre, lactose, lactosérum en poudre, cacao maigre en poudre, lait écrémé en poudre, farine de lupin, jaunes d'oeufs en poudre, sel, émulsifiant: lécithine de colza, huile de palme hydrogénée, poudres à lever : carbonate acide de sodium et carbonate de magnésium, huile de tournesol. Présence possible de soja et d'arachide., Valeur énergétique en Joules :  2181Kj, Valeur énergétique en Kcal : 521Kcal, Glucides : 63g, Lipides : 27g, Protides :6,5g, CONSERVATION : Craint la chaleur et l'humidité. A consommer rapidement après ouverture.]|"
9,60€ / Kg"|"
0,96 €"
3785|Langues de chat, croustillantes et fondantes|Le paquet de 2 étuis, soit 200g|[Origine : FRANCE, Ce paquet contient environ 68 biscuits., Farine de blé, sucre, huile de palme, lactose et protéines de lait, sel, dextrose de blé, arôme, blancs d'oeufs en poudre, poudres à lever : carbonate acide de sodium, diphosphate disodique. Traces d'arachide et de fruits à coque., Valeur énergétique en Joules :  1837Kj, Valeur énergétique en Kcal : 435Kcal, Glucides : 80g, Lipides : 10g, Protides :5,5g, A conserver à l'abri de la chaleur et de l'humidité. A consommer rapidement après ouverture.]|"
5,00€ / Kg"|"
1,00 €"
3786|Les palmiers, feuilleté au croustillant intense|Le paquet de 115g|[Origine : FRANCE, Biscuits feuilletés pur beurre., Farine de blé, margarine végétale (huiles végétales de palme et colza partiellement hydrogénées, eau, émulsifiant : E471, acidifiant : E 330, sucre, sel, farine de malt d'orge., Valeur énergétique en Joules :  1992Kj, Valeur énergétique en Kcal : 474Kcal, Glucides : 70g, Lipides : 18g, Protides :7,2g, A conserver à l'abri de la chaleur et de l'humidité.]|"
10,61€ / Kg"|"
1,22 €"
3787|Meringués noisettes sur chocolat au lait|Le paquet de 100g|[Origine : FRANCE, Avec un café ou thé, un petit plaisir à redécouvrir., Chocolat au lait 34% (sucre, beurre de cacao, lait entier et écrémé en poudre 6,8%, pâte de cacao, émulsifiant : lécithine de soja, arôme vanille), huiles hydrogénées de palme et de coco, sucre, dextrose de maïs, noisettes 8%, lait écrémé et entier en poudre, farine de blé, blancs d'oeufs en poudre, fécules de pommes de terre, cacao en poudre, poudres à lever : carbonate acide de sodium et carbonate acide d'ammonium, acidifiant : acide tartrique, sel. Présence possible d'amandes., Valeur énergétique en Joules :  44kcal, Valeur énergétique en Kcal : 184kj, Glucides : 4,7g, Lipides : 2,4g, Protides :0,8g, A conserver à l'abri de la chaleur et de l'humidité.]|"
19,10€ / Kg"|"
1,91 €"
3788|Pain aux amandes, biscuit croquant, recette flamande|Le paquet de 75g|[Origine : BELGIQUE, Biscuits aux amandes., Farine de blé, sucre candi, beurre, amandes 10%, sel, poudre à lever : E500ii., Valeur énergétique en Joules :  1910Kj, Valeur énergétique en Kcal : 454Kcal, Glucides : 72g, Lipides : 15g, Protides :7g, A conserver à l'abri de la chaleur et de l'humidité. Conditionné sous atmosphère protectrice.]|"
21,20€ / Kg"|"
1,59 €"
3789|Palets bretons, spécialité de Pont-Aven|Le paquet de 500g|[Origine : FRANCE, Farine de blé, beurre extra fin 30%, sucre, jaunes d'oeufs, lait entier cru, sel.    Dorure : lait écrémé en poudre., à protéger de la chaleur; à conserver à l'abri de l'humidité.]|"
17,60€ / Kg"|"
1,76 €"
3790|Palets bretons pur beurre|Le paquet de 125g|[Origine : FRANCE, Farine de blé, beurre 30%, sucre, oeufs, sel, poudre à lever : carbonate acide d'ammonium, colorant : bêta-carotène. Traces de soja et de sésame. Elaboré en France., Valeur énergétique en Joules :  2117Kj, Valeur énergétique en Kcal : 506Kcal, Glucides : 61g, Lipides : 26g, Protides :6g, A conserver à l'abri de la chaleur et de l'humidité.]|"
7,44€ / Kg"|"
0,93 €"
3791|Palmiers feuilletés et dorés|Le paquet de 100g|[Origine : FRANCE, Retrouvez le bon goût d'un biscuit feuilleté, croustillant et fondant avec les Palmiers Monoprix. D'une belle couleur dorée, ils pourront vous accompagner pour des moments de gourmandise. Plus pratiques grâce à leurs sachets fraîcheur, les Palmiers Monoprix peuvent être emportés facilement et garder leur croustillant., Farine de blé 58%, margarine (graisses et huiles végétales (palme, coprah et colza), eau, sel, émulsifiant : mono et diglycérides d'acides gras, correcteur d'acidité : acide lactique, colorant : bêta carotène), sucre, dextrose de blé, sel, poudre à lever : carbonate acide de sodium, arôme., Valeur énergétique en Joules :  2195Kj, Valeur énergétique en Kcal : 525Kcal, Glucides : 62g, Lipides : 28g, Protides :6,2g, A conserver à l'abri de la chaleur et de l'humidité.]|"
6,00€ / Kg"|"
0,60 €"
3792|Petit beurre 5 céréales, certifié AB, sachets fraîcheur|Le paquet de 150g|[Origine : FRANCE, Monoprix a sélectionné pour vous, avec des entreprises partenaires, des produits issus de l'agriculture biologique. Leurs modes de production et de transformation sont contrôlés et certifiés par un organisme indépendant, conformément à la législationen vigueur., Céréales* 71% (farine complète de blé* (farine de blé*, son de blé*, germe de blé*), flocons d'avoine*, flocons de blé*, flocons d'orge*, flocons de seigle*, flocons de riz*), sucre glace roux de canne* (sucre de canne*, anti-agglomérant : fécule depomme de terre*), beurre* 16%, oeufs*, lait écrémé en poudre*, poudres à lever : carbonates acides d'ammonium et de sodium, acide citrique, sel de Guérande, arôme naturel. *ingrédients issus de l'agriculture biologique. Présence possible d'arachide,soja, fruits à coque, sésame., Valeur énergétique en Joules :  1867Kj, Valeur énergétique en Kcal : 444kcal, Glucides : 66g, Lipides : 16g, Protides :9g, Pour préserver tout le croustillant de ces biscuits, conservez-les à l'abri de l'humidité et de la chaleur.]|"
12,53€ / Kg"|"
1,88 €"
3793|Petit beurre 5 céréales, certifié AB, sachets fraîcheur|Le paquet de 150g|[Origine : FRANCE, Monoprix a sélectionné pour vous, avec des entreprises partenaires, des produits issus de l'agriculture biologique. Leurs modes de production et de transformation sont contrôlés et certifiés par un organisme indépendant, conformément à la législationen vigueur., Céréales* 71% (farine complète de blé* (farine de blé*, son de blé*, germe de blé*), flocons d'avoine*, flocons de blé*, flocons d'orge*, flocons de seigle*, flocons de riz*), sucre glace roux de canne* (sucre de canne*, anti-agglomérant : fécule depomme de terre*), beurre* 16%, oeufs*, lait écrémé en poudre*, poudres à lever : carbonates acides d'ammonium et de sodium, acide citrique, sel de Guérande, arôme naturel. *ingrédients issus de l'agriculture biologique. Présence possible d'arachide,soja, fruits à coque, sésame., Valeur énergétique en Joules :  1867Kj, Valeur énergétique en Kcal : 444kcal, Glucides : 66g, Lipides : 16g, Protides :9g, Pour préserver tout le croustillant de ces biscuits, conservez-les à l'abri de l'humidité et de la chaleur.]|"
12,53€ / Kg"|"
1,88 €"
3794|Speculoos|Le paquet de 250g|[Origine : FRANCE, Biscuits à la cannelle., Farine de blé, sucre, huile de colza, beurre concentré, sirop de sucre candi, sirop de fructose glucose, poudre à lever : carbonates de sodium, sel, cannelle en poudre 0,1%. Sans huile de palme., Valeur énergétique en Joules :  2014kj, Valeur énergétique en Kcal : 479kcal, Glucides : 73g, Lipides : 18g, Protides :5,8g, A conserver à l'abri de la chaleur et de l'humidité.]|"
5,16€ / Kg"|"
1,29 €"
3795|Torsades feuilletées et dorées, pur beurre|Le paquet de 125g|[Origine : BELGIQUE, Retrouvez le bon goût d'un biscuit feuilleté, croustillant et fondant avec les torsades pur beurre. D'une belle couleur dorée, elles pourront vous accompagner tout au long de la journée., Farine de blé, beurre concentré 27% (lait, colorant : bêta-carotène), sucre, sel, lactose, oeufs en poudre., Valeur énergétique en Joules :  2222Kj, Valeur énergétique en Kcal : 532Kcal, Glucides : 59g, Lipides : 30g, Protides :5,5g, A conserver à l'abri de la chaleur et de l'humidité.]|"
8,24€ / Kg"|"
1,03 €"
3796|Tortina noisette et chocolat au lait, Gaufrettes en étui individuel|Le paquet de 125g|[Origine : ITALIE, Laissez-vous séduire par la délicatesse et le fondant de ce grand classique. A découvrir ou redécouvrir avec délice., Chocolat au lait 36% (sucre, pâte de cacao, lait entier 6,1%, beurre de cacao, lait écrémé en poudre 2,2%, poudre de lactosérum, émulsifiant : lécithine de soja, arôme naturel vanille), noisettes 17%, sucre, beurre de cacao, farine de blé, crème en poudre, lactosérum en poudre, sirop de glucose de blé ou de maïs, extrait de malt d'orge, sel, poudres à lever : bicarbonate de sodium et diphosphate disodique, émulsifiant : lécithine de soja, farine de soja, gousses de vanille Bourbon moulues., Valeur énergétique en Joules :  2310Kj, Valeur énergétique en Kcal : 554Kcal, Glucides : 49g, Lipides : 35g, Protides :9g, A conserver à l'abri de la chaleur et de l'humidité.]|"
17,60€ / Kg"|"
2,20 €"
3797|Tuiles aux amandes effilées, croustillants et fondantes|Le paquet de 100g|[Origine : FRANCE, Sucre, farine de blé, amandes effilées 10%, matières grasses végétales (palme, coprah, colza, tournesol, émulsifiant : lécithine de soja), jaune d'oeufs en poudre, amidon de blé, poudre d'amandes 1%, lait écrémé en poudre, oeufs entiers en poudre, sirop de sucre inverti, arôme, sel. Traces d'arachide., Valeur énergétique en Joules :  2019Kj, Valeur énergétique en Kcal : 481Kcal, Glucides : 69g, Lipides : 19g, Protides :7,1g, A conserver à l'abri de la chaleur et de l'humidité. Bien refermer le sachet et à consommer rapidement après ouverture.]|"
9,50€ / Kg"|"
0,95 €"
3798|Tartelettes à la fraise|Le paquet de 200g|[Origine : FRANCE, Farine de blé, nappage à la fraise 30% (sirop de glucose-fructose, jus à base de concentré et purée de fraises 28% (soit 8,5% sur l'ensemble du produit), sucre, flocons de pommes, arôme fraise, gélifiant : E440i, correcteur d'acidité : E330, jus concentré de sureau, colorant : E163), graisse de palme, sirop de glucose, sucre, oeufs, noix de coco râpée, sel, poudres à lever : E503ii, E500ii, E341i, protéines de lait, poudre de lait écrémé, arôme. Traces de fruits à coque et de soja., Valeur énergétique en Joules :  1860kj, Valeur énergétique en Kcal : 442kcal, Glucides : 71g, Lipides : 15g, Protides :5,1g, A conserver à l'abri de la chaleur et de l'humidité.]|"
2,75€ / Kg"|"
0,55 €"
3799|Baiocchi, biscuits fourrés à la crème aux noisettes et cacao|Le paquet de 336g|[Origine : FRANCE, Biscuit : farine de froment, sucre, graisse végétale non hydrogénée, oeufs, lait écrémé en poudre, poudres à lever (carbonate acide de sodium, carbonate acide d'ammonium, tartrate monopotassique), lait entier pasteurisé, sirop de glucose, sel, amidonde froment, arômes. Farce à la noisette et au cacao (28%) : sucre, graisse végétale non hydrogénée, noisettes (6.7% du produit fini), cacao (2.8% du produit fini), lait écrémé en poudre, amidon de froment, arôme. Produit dans une usine utilisant également : autres fruits à coque, soja, sésame, arachides.]|"
9,76€ / Kg"|"
3,28 €"
3800|Baiocchi, biscuits fourrés aux noisettes et au cacao|Le paquet de 250g|[Origine : ITALIE, Biscuit : farine de froment, sucre, graisse végétale non hydrogénée, oeufs, poudres à lever (carbonate acide d'ammonium, carbonate acide de sodium, tartrate monopotassique), lait écrémé en poudre, lait entier pasteurisé, sirop de glucose, sel, amidonde froment, arômes. Farce à la noisette et au cacao (23%) : sucre, graisse végétale non hydrogénée, noisettes (5,5% du produit fini), cacao (2,3% du produit fini), lait écrémé en poudre, amidon de froment, arôme. Produit dans une usine utilisant également soja, arachides et fruits à coque., Valeur énergétique en Joules :  2083Kj, Valeur énergétique en Kcal : 497Kcal, Glucides : 62,8g, Lipides : 24g, Protides :7,5g, A conserver dans un endroit frais et sec]|"
12,00€ / Kg"|"
3,00 €"
3801|Biscuits sablés natures|La boîte de 200g|[Origine : FRANCE, Valeur énergétique en Kcal : 504kcal, Glucides : 61g, Lipides : 25g, Protides :7g]|"
18,08€ / Kg"|"
2,35 €"
3802|Biscuits sablés natures|La boîte de 200g|[Origine : FRANCE, Valeur énergétique en Kcal : 504kcal, Glucides : 61g, Lipides : 25g, Protides :7g]|"
18,08€ / Kg"|"
2,35 €"
3803|Galettes épeautre, son d'avoine Bio|Le paquet de 130g|[Origine : BELGIQUE, Découvrez nos délicieuses galettes biologiques à base d'épeautre, de riz complet, d'avoine et de son d'avoine.Appréciez leur texture croustillante et légère, et leur goût de céréales riches en fibres. Pionnier du bio, Bjorg s'engage depuis 20 ans pour la bio-nutrition : une alimentation biologique dont les ingrédients ont été choisis et associés pour leurs qualités nutritionnelles., *Epeautre complet (57%), * riz complet (20%), *son d'avoine (13%), *avoine (10%), sel marin. *100% des ingrédients d'origine agricole ont été obtenus selon les règle de la production biologique., Valeur énergétique en Joules :  1530Kj, Valeur énergétique en Kcal : 360Kcal, Glucides : 62g, Lipides : 4g, Protides :15g, A conserver dans un endroit frais et sec et/ou dans une boîte hermétique. En cas d'oubli, passer les galettes au four quelques instants : elles retrouveront tout leur croquant !]|"
13,54€ / Kg"|"
1,76 €"
3804|Galettes épeautre, son d'avoine Bio|Le paquet de 130g|[Origine : BELGIQUE, Découvrez nos délicieuses galettes biologiques à base d'épeautre, de riz complet, d'avoine et de son d'avoine.Appréciez leur texture croustillante et légère, et leur goût de céréales riches en fibres. Pionnier du bio, Bjorg s'engage depuis 20 ans pour la bio-nutrition : une alimentation biologique dont les ingrédients ont été choisis et associés pour leurs qualités nutritionnelles., *Epeautre complet (57%), * riz complet (20%), *son d'avoine (13%), *avoine (10%), sel marin. *100% des ingrédients d'origine agricole ont été obtenus selon les règle de la production biologique., Valeur énergétique en Joules :  1530Kj, Valeur énergétique en Kcal : 360Kcal, Glucides : 62g, Lipides : 4g, Protides :15g, A conserver dans un endroit frais et sec et/ou dans une boîte hermétique. En cas d'oubli, passer les galettes au four quelques instants : elles retrouveront tout leur croquant !]|"
13,54€ / Kg"|"
1,76 €"
3805|Sablissime chocolat au lait bio|Le paquet de 200g|[Origine : FRANCE, Les Sablissime chocolat au lait Bjorg sont de délicieux sablés biologiques nappés d'un savoureux chocolat au lait. Riches en céréales, ils sont source de fibres et permettent ainsi de concilier plaisir et bienfaits nutritionnels. Laissez-vous séduirepar leur texture croustillante puis fondante., CÍrÍales* 49% (farine de blÍ*, farine complÈte de blÍ* 17%, farine d?avoine*), chocolat au lait* 27% (sucre de canne non raffinÍ*, poudre de lait entier*, beurre de cacao*, pÇte de cacao*, extrait de vanille*), sucre roux de canne non raffinÍ*, matiÈres grasses vÍgÍtales* (palme**, tournesol*), poudre Å lever : carbonate acide de sodium., Valeur énergétique en Joules :  2093, Valeur énergétique en Kcal : 500, Glucides : 61.5, Lipides : 24, Protides :7.5, A conserver dans un endroit frais et sec.]|"
15,20€ / Kg"|"
3,04 €"
3806|Sablissime chocolat au lait bio|Le paquet de 200g|[Origine : FRANCE, Les Sablissime chocolat au lait Bjorg sont de délicieux sablés biologiques nappés d'un savoureux chocolat au lait. Riches en céréales, ils sont source de fibres et permettent ainsi de concilier plaisir et bienfaits nutritionnels. Laissez-vous séduirepar leur texture croustillante puis fondante., CÍrÍales* 49% (farine de blÍ*, farine complÈte de blÍ* 17%, farine d?avoine*), chocolat au lait* 27% (sucre de canne non raffinÍ*, poudre de lait entier*, beurre de cacao*, pÇte de cacao*, extrait de vanille*), sucre roux de canne non raffinÍ*, matiÈres grasses vÍgÍtales* (palme**, tournesol*), poudre Å lever : carbonate acide de sodium., Valeur énergétique en Joules :  2093, Valeur énergétique en Kcal : 500, Glucides : 61.5, Lipides : 24, Protides :7.5, A conserver dans un endroit frais et sec.]|"
15,20€ / Kg"|"
3,04 €"
3807|Galettes au beurre frais, recette traditionnelle, sachets fraîcheur|Le paquet de 200g|[Origine : FRANCE, Bonne Maman met tout son amour et son savoir-faire inimitable dans la préparation de ces galettes au beurre frais. Emballage fraîcheur.Fabriqués avec des ingrédients traditionnels. Une recette simplement authentique et vraie. Des ingrédients de qualité : du beurre frais, du sucre de canne pour la richesse de son goût, des oeufs frais  une pâte délicieusement croustillante. Avec Bonne Maman, redécouvrez les bons gâteaux que vous avez toujours aimés. Gâteaux Bonne maman, un doux parfum d'antan., Farine de blé tendre 50%, beurre frais 31%, sucre de canne 25%, oeufs frais, lait écrémé en poudre, sel, poudres à lever (bicarbonate et pyrophosphate de sodium). Possibilité de traces de graines de sésame, soja et fruits à coques. Sans artifice, sans conservateur, ni colorant., Garder au sec et à l'abri de la chaleur (max 25°C).]|"
12,00€ / Kg"|"
2,04 €"
3808|Galettes fines|Le paquet de 90g|[Origine : FRANCE, Bonne Maman met tout son amour et son savoir-faire inimitable dans la préparation de ces galettes fines fabriquées avec des ingrédients traditionnels. Une recette simplement authentique et vraie, sans aucun artifice, sans conservation, ni colorant. Des ingrédients de qualité : du beurre frais, du sucre de canne pour la richesse de son goût, des oeufs frais, de la farine de froment... une petite délicieusement croustillante toute en finesse. Avec Bonne Maman, redécouvrez les bons gâteaux que vousavez toujours aimés. Gâteaux Bonne Maman, un doux parfum d'antan., Farine de froment, sucre de canne 30%, beurre frais 29,5%, oeufs frais 3,5%, sel, lait écrémé en poudre, arôme naturel, poudre à lever (bicarbonate et pyrophosphate de sodium). Possibilité de traces de sésame, soja et fruits à coques. Sans aucun artifice, sans conservation, ni colorant., Garder au sec et à l'abri de la chaleur (max 25°C).]|"
15,33€ / Kg"|"
1,38 €"
3809|Sablés des prés, au sésame, pavot et tournesol|Le paquet de 250g|[Origine : FRANCE, Bonne Maman met tout son amour et son savoir-faire inimitable dans la préparation de ses sablés des prés fabriqués avec des ingrédients traditionnels.Une recette simplement authentique, sans aucun artifices, sans conservateur ni colorant : du sucre de canne pour la richesse de son goût, du beurre frais, de la farine de blé tendre  Une pâte délicieusement sablée, riche en graines de sésame, pavot et tournesol., farine de blé tendre, beurre frais 23%, sucre de canne,  graines 10,5% (sésame, pavot, tournesol), céréales 7% (flocon d'avoine, farine de riz, farine d'avoine, farine de blé, gluten de blé, sirop de malt, lactosérum, sucre, sel, dextrose), oeufs frais, poudres à lever (bicarbonate et pyrophosphate de sodium). Possibilité de traces de fruits à coques et soja., A conserver au sec et à l'abri de la chaleur max 25°C.]|"
8,44€ / Kg"|"
2,11 €"
3810|Sablés tout chocolat|Le paquet de 250g|[Origine : FRANCE, Bonne Maman met tout son amour et son savoir-faire inimitable dans la préparation de ses sablés des prés fabriqués avec des ingrédients traditionnels.Une recette simplement authentique, sans aucun artifice, sans conservateur ni colorant : du sucre decanne pour la richesse de son goût, du beurre frais, de la farine de blé tendre  Une pâte délicieusement sablée riche en chocolat., chocolat 33,5% (pâte de cacao, sucre, cacao maigre en poudre, beurre de cacao, lait en poudre, émulsifiant : lécithine de soja, arôme naturel de vanille), farine de blé tendre, sucre de canne, beurre frais 18%, oeufs frais, cacao en poudre, poudre àlever (pyrophosphate de sodium, bicarbonate de sodium), sel. Possibilités de traces de sésame et fruits à coques., A conserver au sec et à l'abri de la chaleur max 25°C.]|"
8,36€ / Kg"|"
2,09 €"
3811|Sprits, sablé dessert|Le paquet de 400g|[Origine : ALLEMAGNE, Farine de froment, graisses végétales, sucre, sel, amidon de blé, arôme, poudre d'oeuf, poudre à lever (carbonate acide d'ammonium). Peut contenir des traces de cacao, produits laitiers, soja, noix et vanille., Tenir au sec.]|"
1,98€ / Kg"|"
0,79 €"
3812|Cigarettes Russes|Le paquet de 200g|[Origine : FRANCE, Les Cigarettes Russes de Delacre sont délicieusement croustillantes et dorées au four. Un plaisir quotidien pour vous, vos amis ou votre famille !Pour conserver leur saveur et leur croustillance encore plus longtemps, vos Cigarettes Russes sont emballées dans des sachets fraîcheur !, Idéales pour accompagner votre tasse de café, de thé ou pour ajouter une touche gourmande à vos desserts préférés !, Farine de blé, sucre, graisse végétale, blanc d'oeuf en poudre, sel, émulsifiant : lécithine de soja, arôme. Peut contenir des traces de fruits à coque et lait., Valeur énergétique en Joules :  2260, Valeur énergétique en Kcal : 540, Glucides : 65,6g, Lipides : 29,6g, Protides :3,9g, Conserver à l'abri de la chaleur et de l'humidité.]|"
7,15€ / Kg"|"
1,43 €"
3813|Crêpe dentelle, fine, croustillante et légère|Le paquet de 125g|[Origine : FRANCE, L'authentique crêpe dentelle Gavottes, si légère et croustillante est préparée à partir d'ingrédients sains et naturels., Farine de blé, sucre, beurre pâtissier, matières grasses végétales, lactose et protéines de lait, sel, farine de malt d'orge, poudre à lever : carbonate acide de sodium, lécithine de soja., Valeur énergétique en Joules :  1905, Valeur énergétique en Kcal : 455,1, Glucides : 79, Lipides : 13,2, Protides :4,8, Garder au frais et au sec.]|"
19,60€ / Kg"|"
2,45 €"
3814|Gaufrettes au beurre|Le paquet de 50g|[Origine : FRANCE, Farine de froment, beurre (26%), sucre, oeufs, extrait de vanille naturelle, sel de mer, poudre à lever : carbonate acide de sodium. Contient du gluten, des oeufs et du lait. Fabriqué dans une usine ou sont utilisés également des fruits à coque., Valeur énergétique en Joules :  2130kj, Valeur énergétique en Kcal : 510kcal, Glucides : 63,9g, Lipides : 25,4g, Protides :5,8g, Conditionné sous atmosphère protectrice.]|"
43,00€ / Kg"|"
2,15 €"
3815|Florentin, biscuits aux amandes éffilées et caramélisées, nappés de chocolat au lait|Le paquet de 125g|[Origine : FRANCE, 'Depuis tant d'années, si tant de gens sont satisfaits de notre qualité, c'est peut-être parce que nous ne le serons jamais complètement nous-mêmes'., Chocolat au lait 32% (sucre, beurre de cacao, lait entier en poudre, pâte de cacao, lait écrémé en poudre, émulsifiant : lécithine de soja, extrait de vanille, cacao 39% min), amandes 21%, graisses végétales, sucre, sucre caramélisé 7%, sirop de glucose, fécule de pomme de terre, farine de froment, extrait de malt d'orge, blanc d'oeuf en poudre, lait écrémé en poudre, émulsifiant : lécithine de soja, sel. Peut contenir des traces de noisettes et de pistaches., Tenir au sec et à l'abri de la chaleur. Conditionné sous atmosphère protectrice.]|"
24,16€ / Kg"|"
3,02 €"
3816|Assortiment de biscuits chocolatés|La boîte de 100g|[Origine : FRANCE, A grignoter en tête-à-tête ou entre amis., Chocolat au lait 19% (sucre, beurre de cacao, lait entier en poudre, pâte de cacao, émulsifiant, lécithine de soja, arôme), chocolat noir 18% (pâte de cacao, sucre, beurre de cacao, beurre concentré, émulsifiant : lécithine de soja, arôme), farine deblé, sucre, graisse de palme, noisettes, amandes, beurre concentré, amidon de blé, concentré d'oeuf entier, jaunes d'oeufs en poudre, sirop de glucose au blé, sirop de glucose, fructose de blé, écorces de citron, noix de coco râpée, crème en poudre,pâte de noisette, dextrose de blé, cacao maigre en poudre, écorces d'orange, lactosérum, blanc d'oeufs en poudre, sel, sirop de sucre inverti, émulsifiants : lécithine de soja et de colza, lait écrémé en poudre, poudres à lever : E 503ii et E 500ii,arômes, extrait de malt d'orge, lait entier en poudre, acidifiant : E330. Présence possible d'arachide., Valeur énergétique en Joules :  2260Kj, Valeur énergétique en Kcal : 542Kcal, Glucides : 54g, Lipides : 32g, Protides :7,5g, A conserver à l'abri de la chaleur et de l'humidité. Conditionné sous atmosphère protectrice.]|"
16,20€ / Kg"|"
1,62 €"
3817|Citronnettes au chocolat noir à 70% de cacao|Le paquet de 200g|[Origine : FRANCE, Laissez- vous tenter par ce délice chocolaté !, Chocolat noir 41 % (pâte de cacao, sucre, cacao maigre en poudre, émulsifiant : lécithine de soja), écorces de citron confites 38 % (écorces de citron 18 %, sirop de glucose-fructose de blé, sucre, dextrose de blé, correcteur d'acidité : E330, conservateur : anhydride sulfureux), chocolat au lait 21 % (sucre, beurre de cacao, lait entier en poudre, pâte de cacao, émulsifiant : lécithine de soja, arôme). Chocolat noir à 70 % de cacao., Valeur énergétique en Joules :  1911 kj, Valeur énergétique en Kcal : 456 kcal, Glucides : 62g, Lipides : 21g, Protides :4,7g, Pour préserver toute la saveur des citronnettes, conservez-les dans leur étui à l'abri de la chaleur et de l'humidité.]|"
36,00€ / Kg"|"
7,20 €"
3818|Crêpes dentelle au chocolat au lait|Le paquet de 100g|[Origine : FRANCE, Pour sa gamme bretonne  MONOPRIX GOURMET s 'est aillé à un, célèbre biscuitier qui, grâce à son savoir-faire et la sélection de ses ingrédients, vous propose un produit de grande qualité., Valeur énergétique en Joules :  2088, Valeur énergétique en Kcal : 498, Glucides : 70.5, Lipides : 21, Protides :5.5, Chocolat au lait 43% écacao : 30% minimum) (sucre, beurre de cacao, pâte de cacao, lait écrémé en poudre, lactose, beurre pâtissier, émulsifiant: lécithine de soja, arôme : vanilline), farine de blé, sucre, beurre pâtissier, matières grasses végétales (palmiste, coprah), lactose et protéines de lait, sel, extrait de malt d'orge, poudre à lever : carbonate acide de sodium., A conserver au frais et au sec.]|"
18,30€ / Kg"|"
1,83 €"
3819|Crêpes dentelle au chocolat noir|Le paquet 100g|[Origine : FRANCE, Pour sa gamme bretonne MONOPRIX GOURMET s'est allié à un célèbre biscuitier qui, grâce à son savoir-faire et la sélection, de ses ingrédients, vous propose un, produit  de grande qualité., Chocolat noir 43% (cacao : 53% minimum) (pâte de cacao, sucre, beurre de cacao, beurre pâtissier, émulsifiant : lécithine de soja, vanille naturelle), farine de blé, sucre, beurre pâtissier, matières grasses végétales de coprah et palmiste, lactose,protéines de lait, sel, extrait de malt d'orge, poudre à lever : carbonate acide de sodium., Valeur énergétique en Joules :  2041, Valeur énergétique en Kcal : 487, Glucides : 64, Lipides : 23, Protides :6]|"
18,30€ / Kg"|"
1,83 €"
3820|Croquant de Cordes, biscuits soufflés aux éclats d'amandes|Le paquet de 90g|[Origine : FRANCE, Né il y a environ 300 ans dans le village de Cordes sur ciel, ce croquant aurait été créé par une pâtissière astucieuse qui refusait de perdre le bLanc des d'oeufs qu'elle avait utilisés pour confectionner ses gâteaux. Ce que ne dit pas la légende, c'est que le Croquant de Cordes est divinement bon. Découvrez-le à votre tour., Sucre, farine de blé, amandes 15%, blancs d'oeufs 8%., Valeur énergétique en Joules :  1858Kj, Valeur énergétique en Kcal : 441Kcal, Glucides : 71g, Lipides : 13g, Protides :10g, A conserver à l'abri de la chaleur et de l'humidité.]|"
34,56€ / Kg"|"
3,11 €"
3821|Croquets de Provence aux figues|Le paquet de 75g|[Origine : FRANCE, Faites plaisir à vos papilles avec ces croquets de Provence aux figues Monoprix Gourmet à double usage : se consomment en accompagnement de produits salés  avec du foie gras, avec du fromage  ou sucrés à l'heure du thé ou pour accompagner le café., Farine de blé, figues 27%, sucre, amandes, farine de petit épeautre, oeufs entiers, arôme naturel de figue, poudre à lever (pyrophosphate et carbonate acides de sodium, amidon de maïs), lait entier en poudre, anis, sel., Valeur énergétique en Joules :  1707Kj, Valeur énergétique en Kcal : 405Kc, Glucides : 67g, Lipides : 8,9g, Protides :11g, A conserver à l'abri de la chaleur et de l'humidité.]|"
42,40€ / Kg"|"
3,18 €"
3822|Florentines aux 3 chocolats, aux amandes, aux fruits confits et au chocolat belge|Le paquet de 100g|[Origine : BELGIQUE, Pour élaborer ses florentines, Monoprix Gourmet a choisi un biscuitier belge reconnu pour son savoir-faire depuis 1886., Amandes 25%, sucre, beurre, chocolat au lait 10% (sucre, beurre de cacao, poudre de lait entier 2%, pâte de cacao, dextrose de maïs, émulsifiant : lécithine de soja), chocolat blanc 10% (sucre, beurre de cacao, poudre de lait entier, dextrose de maïs, émulsifiant : lécithine de soja), chocolat noir 10% (pâte de cacao, sucre, beurre de cacao, matière grasse laitière anhydre, émulsifiant : lécithine de soja), miel, sirop de glucose de blé et/ou de maïs, farine de blé, fruits confits 1% (melon, écorces d'orange, sucre, sirop de glucose de blé et/ou de maïs, concentré de cerise, acidifiant : E330)., Valeur énergétique en Joules :  552Kj, Valeur énergétique en Kcal : 132Kcal, Glucides : 12g, Lipides : 8g, Protides :2g, A conserver à l'abri de la chaleur et de l'humidité. Conditionné sous atmosphère protectrice.]|"
27,40€ / Kg"|"
2,74 €"
3823|Florentines noisettes, au riz soufflé croustillant et chocolat belge|Le paquet de 100g|[Origine : BELGIQUE, Pour élaborer ses florentines, Monoprix Gourmet a choisi un biscuitier belge reconnu pour son savoir-faire depuis 1886, Chocolat au lait 40% (sucre, beurre de cacao, poudre de lait entier 8%, pâte de cacao, dextrose de maïs, émulsifiant : lécithine de soja), sucre, beurre, noisette 10%, riz soufflé 5%, sirop de glucose de blé et/ou de maïs, miel, farine de blé., Valeur énergétique en Joules :  2270Kj, Valeur énergétique en Kcal : 544Kcal, Glucides : 54g, Lipides : 32g, Protides :5,9g, A conserver à l'abri de la chaleur et de l'humidité.]|"
23,50€ / Kg"|"
2,35 €"
3824|Shortbread|Le paquet de 200g|[Origine : FRANCE, Biscuits sablés pur beurre., Farine de blé (farine de blé, calcium, fer, niacine et thiamine), beurre 31%, sucre, farine de maïs, sel. Présence possible de soja., Valeur énergétique en Joules :  2197kj, Valeur énergétique en Kcal : 526kcal, Glucides : 61g, Lipides : 29g, Protides :4,5g, A conserver à l'abri de la chaleur et de l'humidité. Après ouverture, bien refermer le paquet après chaque utilisation afin de préserver les qualités gustatives du produit.]|"
10,60€ / Kg"|"
2,12 €"
3825|Galettes bretonnes épaisses, beurre de baratte breton dem   i-sel, recette traditionnelle de Pont-Aven|Le paquet de 160g|[Origine : FRANCE, Ce biscuit sablé et fondant au beurre de baratte est originaire de Pont-Aven:'quatorze moulins, quinze maisons' disait-on autrefois à Pont-Aven. Aujourd'hui encore, la ville immortalisée par Gauguin demeure célèbre pour ses moulins. Ces galettes bretonnes épaisses sont toujours fabriquées à Pont-Aven de manière entièrement artisanale et selon une recette séculaire. L'un des secrets de leur saveur incomparable est l'utilisation de beurre de baratte frais à l'onctuosité et au goût exceptionnels., Farine de froment, beurre de baratte demi-sel 31 %, sucre, oeufs, produit levant : bicarbonate de sodium.]|"
32,00€ / Kg"|"
5,12 €"
3826|Assortiment de biscuits|La boîte de 1kg|[Origine : FRANCE, Complices de vos moments gourmands, les maîtres pâtissiers Delacre ont créé Tea Time, un délicieux assortiment de 16 recettes originales.Acapulco : biscuit croustillant à la noix de coco / Cigarette Russe : toujours imitée, jamais égalée / Marquisette : savoureuse alliance d'un biscuit sablé fondant et d'un fin chocolat noir / Caracas : délicieux biscuit enrobé d'un fin chocolat au lait / Coeur blanc : délicieux sablé cacaoté enrobé d'une coque de chocolat blanc / Seychelles : fin biscuit avec une pointe de cannelle, enrobé de chocolat au lait et avec une élégante décoration de chocolat blanc / Dôme truffé : biscuit croquant recouvert d'un fourrage intense au chocolat et enrobé d'un chocolat noir onctueux / Délichoc : biscuit croquant recouvert d'un chocolat au lait gourmand / Obsession : délicat biscuit enrobé d'une fine couche de chocolat noir intense / Biarritz : léger biscuit, nappé de chocolat noir et saupoudré de noix de coco / Délichoc : biscuit croquant recouvert d'un chocolat, Farine de blé, sucre, chocolat (15%) (sucre, pâte de cacao, beurre de cacao, cacao maigre en poudre, lactose, beurre pâtissier, émulsifiant : lécithine de soja), graisse végétale, chocolat au lait (9%) (sucre, beurre de cacao, pâte de cacao, lait écrémé en poudre, lactose, beurre pâtissier, émulsifiant : lécithine de soja, arôme), chocolat blanc (5%) (sucre, beurre de cacao, lait écrémé en poudre, lactose, beurre pâtissier, lactosérum en poudre, émulsifiant : lécithine de soja, arôme), lactose et protéine de lait, cassonade (0,9%), dextrose, noix de coco (0,6%), cacao maigre en poudre (0,3%), amidon de blé, sel, amandes, blanc d'oeuf en poudre, émulsifiant : lécithine de soja, poudres à lever : carbonate acide de sodium, carbonate acide d'ammonium, diphosphate disodique, pépites de chocolat (sucre, pâte de cacao, beurre de cacao, émulsifiant : lécithine de soja, arôme), oeuf entier en poudre, arômes, lait entier en poudre, jaune d'oeuf en poudre, cannelle, colorants : E100, E171., Conserver à l'abri de la chaleur et de l'humidité.]|"
15,69€ / Kg"|"
15,69 €"
3827|Assortiment de biscuits, 10 variétés|La boîte de 250g|[Origine : FRANCE, Complice de vos moments gourmands, les maîtres pâtissiers Delacre ont créé Tea Time, un délicieux assortiment de 10 recettes originales.Biarritz : léger biscuit, nappé de chocolat noir et saupoudré de noix de coco / Coeur blanc : délicieux sablé cacaoté enrobé d'une coque de chocolat blanc / Matadi : gaufrette croustillante enrobée d'un chocolat noir intense / Cigarette Russe : toujours imitée, jamais égalée / Obsession : délicat biscuit enrobé d'une fine couche de chocolat noir intense / Marquisette : savoureuse alliance d'un biscuit sablé fondant et d'un fin chocolat noir / Suprême : biscuit fin à la cassonade / Délichoc : biscuit croquant recouvert d'un chocolat au lait gourmand / Nordiac : gaufrette légère et croquante, enrobée d'un chocolat blanc fondant., Farine de blé, sucre, graisse végétale, chocolat (14%) (sucre, pâte de cacao, beurre de cacao, cacao maigre en poudre, lactose, beurre pâtissier, émulsifiant lécithine de soja), chocolat blanc (9%) (sucre, beurre de cacao, lait écrémé en poudre, lactose, beurre pâtissier, lactosérum en poudre, émulsifiant: lécithine de soja, arôme), chocolat au lait (5%) (sucre, beurre de cacao, pâte de cacao, lait écrémé en poudre, lactose, beurre pâtissier, émulsifiant: lécithine de soja, arôme), noix de coco(1%), cassonade (1%), lactose et protéines de lait, , beurre, cacao maigre en poudre (0,5%), dextrose, amandes, amidon de blé, sel, blanc d'oeuf en poudre, émulsifiants: lécithine de soja, poudres à lever: carbonate acide de sodium, carbonate acide d'ammonium, diphosphate disodique, oeuf entier en poudre, jaune d'oeuf en poudre, arômes, cannelle, lait entier en poudre, colorants: E100, E171.]|"
17,48€ / Kg"|"
4,37 €"
3828|Assortiment de biscuits pâtissiers, 6 variétés|La boîte de 200g|[Origine : FRANCE, Maître pâtissier 1891. Pur beurre de cacao.Biarritz : léger biscuit, nappé de chocolat noir et saupoudré de noix de coco, Cigarette Russe : toujours imitée, jamais égalée / Marquisette : savoureuse alliance d'un biscuit sablé fondant et d'un fin chocolat noir / Suprême : biscuit fin à la cassonade / Délichoc : biscuit croquant recouvert d'un chocolat au lait gourmand / Nordica : gaufrette légère et croquante enrobée d'un chocolat blanc fondant., Farine de blé, sucre, graisse végétale, chocolat au lait (9%) (sucre, beurre de cacao, pâte de cacao, lait écrémé en poudre, lactose, beurre pâtissier, émulsifiant : lécithine de soja, arôme), chocolat (8%) (sucre, pâte de cacao, beurre de cacao, cacao maigre en poudre, lactose, beurre pâtissier, émulsifiant : lécithine de soja), chocolat blanc (4%) (sucre, beurre de cacao, lait écrémé en poudre, lactose, beurre pâtissier, lactosérum en poudre, émulsifiant : lécithine de soja, arôme), cassonade,lactose et protéines de lait, beurre, noix de coco (0,3%), dextrose, sel, amidon de blé, cacao maigre en poudre (0,1%), oeuf entier en poudre, blanc d'oeuf en poudre, poudres à lever : carbonate acide de sodium, carbonate acide d'ammonium, diphosphate disodique, émulsifiant : lécithine de soja, arômes, cannelle, lait entier en poudre, jaune d'oeuf en poudre. Peut contenir des traces de fruits à coque., Conserver à l'abri de la chaleur et de l'humidité.]|"
11,20€ / Kg"|"
2,24 €"
3829|Biscuits croquants aux amandes à la crème d'orange et au chocolatsuisse|Le paquet de 100g|[Origine : FRANCE, Valeur énergétique en Joules :  2300kj, Valeur énergétique en Kcal : 552kcal, Glucides : 56g, Lipides : 33g, Protides :6g]|"
30,80€ / Kg"|"
3,08 €"
3830|Biscuits croquants aux amandes-bâtonnets, enrobés de chocolat suisse|Le paquet de 80g|[Origine : FRANCE, Biscuit croquant aux amandes-bâtonnets, enrobés de chocolat au lait suisse.Depuis tant d'années, si tant de gens sont satisfaits de notre qualité, c'est peut-être parce que nous ne le serons jamais complètement nous-mêmes., Chocolat au lait 49% (sucre, beurre de cacao, lait entier en poudre, pâte de cacao, lait écrémé en poudre, émulsifiant (lécithine de soja), extrait de vanille. Cacao : 39% min), amandes 30%, sucre, farine de froment, blanc d'oeuf en poudre, fécule depomme de terre, émulsifiants (glycérides et esters de propylène glycol d'acides gras), graisse végétale, lait écrémé en poudre, sel. Peut contenir des traces de noisettes et de pistaches., Valeur énergétique en Joules :  2340Kj, Valeur énergétique en Kcal : 562Kcal, Glucides : 44f, Lipides : 37g, Protides :11g, Tenir au sec et à l'abri de la chaleur. Conditionné sous atmosphère protectrice.]|"
30,00€ / Kg"|"
2,40 €"
3831|Biscuits nappés d'une crème à la pistache et enrobés de fin chocolat|Le paquet de 100g|[Origine : FRANCE, Biscuits nappés d'une crème à la pistache (42%) et enrobés de fin chocolat., Chocolat 37% (sucre, pâte de cacao, beurre de cacao, lait entier en poudre, beurre concentré, émulsifiant (lécithine de soja, vanille, cacao:47% min.), graisses et huiles végétales,dextrose, sucre, lait écrémé en poudre, farine de froment, pistaches5%, noisettes, amandes, blanc d'oeuf en poudre, beurre de cacao,é mulsifiants (glycérides et esters polyglycériques d'acides gras), fécule de pomme de terre, lactosérum en poudre, colorant (chlorophylle), acidifiant (acide tartrique), sel, substancearomatisante naturelle., Valeur énergétique en Joules :  2370Kj, Valeur énergétique en Kcal : 568Kcal, Glucides : 49g, Lipides : 37g, Protides :8g, Tenir au sec et à l'abri de la chaleur. Conditionné sous atmosphère protectrice.]|"
31,60€ / Kg"|"
3,16 €"
3832|Butterfly, biscuits extra fins au beurre et amandes|Le paquet de 100g|[Origine : SUEDE, Depuis tant d'années, si tant de gens sont satisfaits de notre qualité, c'est peut-être parce que nous ne le serons jamais complètement nous-mêmes., Farine de froment, sucre brut, beurre 14%, amandes 10%, sucre, fécule de pomme de terre, crème, poudre à lever (carbonate acide de sodium), sel. Peut contenir des traces de noisettes, d'oeufs et de pistaches. Fabriqué en Suisse., Valeur énergétique en Joules :  1940, Valeur énergétique en Kcal : 461, Glucides : 70g, Lipides : 17g, Protides :7g, Tenir au sec et à l'abri de la chaleur. Conditionné sous atmosphère protectrice.]|"
25,90€ / Kg"|"
2,59 €"
3833|Choconux|Le paquet de 80g|[Origine : SUISSE, Un biscuit craquant aux éclats de noisettes et enrobé de chocolat suisse délicieux., Chocolat 49% (sucre, pâte de cacao,  beurre de cacao, lait entier en poudre, beurre concentré émulsifiant (lécithine de soja), vanille. Cacao : 47% min.), noisettes 231%, sucre, farine de froment, blanc d'oeuf en poudre, émulsifiants (glycérides estes polyglycériques d'acides gras), graisse végétale, fécule de pomme de terre, lait écrémé en poudre, sel. Peut contenir des traces d'amandes et de pistaches. Fabriqué en Suisses., Valeur énergétique en Joules :  2280kj, Valeur énergétique en Kcal : 546kcal, Glucides : 52g, Lipides : 33g, Protides :8g, Tenir au sec et à l'abri de la chaleur.]|"
35,88€ / Kg"|"
2,87 €"
3834|Nougat de corse au cédrat|La barre de 100g|[Origine : FRANCE]|"
28,60€ / Kg"|"
2,86 €"
3835|Nougat de corse au miel|La barre de 100g|[Origine : FRANCE]|"
28,60€ / Kg"|"
2,86 €"
3836|Biscuits à la cuillère|Le paquet de 125g|[Origine : FRANCE, Pour réaliser à coup sûr un Tiramisu ou une Charlotte aux fruits digne des plus grands pâtissiers. D'un moelleux incomparable, les biscuits à la cuillère MONOPRIX GOURMET sont fabriqués avec beaucoup d'amour, une touche de magie. C'est pour cela qu'ils sont à la fois tendres et fondants., Sucre, oeufs frais 42%, farine de blé, blanc d'oeuf frais, stabilisant : glycérol de palme ou de colza, sel, arôme vanille., Valeur énergétique en Joules :  1543kj, Valeur énergétique en Kcal : 364kcal, Glucides : 73g, Lipides : 4,3g, Protides :8,4g, conserver à l'abri de la chaleur et de l'humidité.]|"
29,60€ / Kg"|"
3,70 €"
3837|Biscuits cuillers pâtissiers moelleux aux oeufs frais|Le paquet de 125g|[Origine : FRANCE, Sucre, farine de blé, oeufs frais 34%, jaune d'oeufs frais 2%, sirop de glucose de blé, lait écrémé en poudre, sel, arôme, acidifiant : tartrate de potassium, blancs d'oeufs en poudre (agent moussant : citrate de triethyl), épaississant : gomme xanthane., Valeur énergétique en Joules :  1508Kj, Valeur énergétique en Kcal : 356Kcal, Glucides : 72g, Lipides : 3,7g, Protides :8g, A conserver à l'abri de la chaleur et de l'humidité. A consommer rapidement après ouverture.]|"
13,36€ / Kg"|"
1,67 €"
3838|Boudoirs aux oeufs frais, croquants et fondants|Le paquet de 3 étuis, soit 175g|[Origine : FRANCE, Sucre, farine de blé, oeufs frais 25 %, sirop de glucose-fructose de blé, poudre à lever : E503i, protéines de lait, arôme, correcteur d'acidité : acide citrique., Valeur énergétique en Joules :  1617Kj, Valeur énergétique en Kcal : 382Kcal, Glucides : 80g, Lipides : 3,3g, Protides :7,4g, A conserver à l'abri de la chaleur et de l'humidité. A consommer rapidement après ouverture.]|"
6,57€ / Kg"|"
1,15 €"
3839|Boudoirs aux oeufs frais|La boîte de 30 biscuits, soit 175g|[Origine : FRANCE, Valeur énergétique en Joules :  1613kj, Valeur énergétique en Kcal : 381kcal, Glucides : 78,0g, Lipides : 3,7g, Protides :8,0g]|"
10,69€ / Kg"|"
1,87 €"
3840|Chocolat noir supérieur aux éclats de noisettes caramélisés fourrage au praliné|Le paquet de 4 rochers de 35g, soit 140g|[Origine : FRANCE, Praliné 32,5% (noisettes, sucre), sucre, pâte de cacao, beurre de cacao, lactosérum en poudre, éclats de noisettes caramélisés 5% (noisettes, sucre), cacao maigre en poudre, matière grasse de lait anhydre, poudre de lait entier, émulsifiant : lécithine de soja, arôme naturel de vanille. Cacao : 49% minimum dans le chocolat. Traces d'autres fruits à coque et de gluten., Valeur énergétique en Joules :  2284kj, Valeur énergétique en Kcal : 547kcal, Glucides : 57g, Lipides : 33g, Protides :5,5g, A conserver à l'abri de l'humidité et de la chaleur à une température idéale comprise entre 18°C et 20°C.]|"
14,93€ / Kg"|"
2,09 €"
3841|Chocolat supérieur au lait aux éclats de noisettes caramélisés fourrage praliné|Le paquet de 4 rochers de 35g, soit 140g|[Origine : FRANCE, Praliné 32,5% (noisettes, sucre), sucre, beurre de cacao, poudre de lait entier, lactosérum en poudre, éclats de noisettes caramélisés 5% (noisettes, sucre), pâte de cacao, cacao maigre en poudre, matière grasse de lait anhydre, émulsifiant : lécithine de soja, arôme naturel de vanille. Cacao : 30% minimum dans le chocolat. Traces d'autres fruits à coque et de gluten., Valeur énergétique en Joules :  2307kj, Valeur énergétique en Kcal : 553kcal, Glucides : 58g, Lipides : 33g, Protides :5,9g, A conserver à l'abri de l'humidité et de la chaleur à une température idéale comprise entre 18°C et 20°C.]|"
14,64€ / Kg"|"
2,05 €"
3842|Mini graines de soja grillées et enrobées de chocolat noir, certifié AB|Le sachet de 55g|[Origine : FRANCE, Surprenez vos amis et vous-même avec ces délicieuses graines de soja enrobées de chocolat. Une expérience gustative épatante., Chocolat noir* 62% (pâte de cacao*, sucre de canne*, poudre de cacao*, émulsifiant : lécithine de soja), graines de soja* grillées 35%, dextrose de maïs*, sel, épaississant : E414, sucre*. Cacao : 72% minimum dans le chocolat. Présence possible de fruits à coque. *ingrédients issus de l'agriculture biologique., Valeur énergétique en Joules :  2113kj, Valeur énergétique en Kcal : 508kcal, Glucides : 32g, Lipides : 32g, Protides :17g, A conserver à l'abri de la chaleur et de l'humidité. Conditionné sous atmosphère protectrice.]|"
29,45€ / Kg"|"
1,62 €"
3843|Mini graines de soja grillées et enrobées de chocolat noir, certifié AB|Le sachet de 55g|[Origine : FRANCE, Surprenez vos amis et vous-même avec ces délicieuses graines de soja enrobées de chocolat. Une expérience gustative épatante., Chocolat noir* 62% (pâte de cacao*, sucre de canne*, poudre de cacao*, émulsifiant : lécithine de soja), graines de soja* grillées 35%, dextrose de maïs*, sel, épaississant : E414, sucre*. Cacao : 72% minimum dans le chocolat. Présence possible de fruits à coque. *ingrédients issus de l'agriculture biologique., Valeur énergétique en Joules :  2113kj, Valeur énergétique en Kcal : 508kcal, Glucides : 32g, Lipides : 32g, Protides :17g, A conserver à l'abri de la chaleur et de l'humidité. Conditionné sous atmosphère protectrice.]|"
29,45€ / Kg"|"
1,62 €"
3844|Mini tablettes de chocolat noir, intensité des 72% de cacao|Le paquet de 200g|[Origine : FRANCE, Mini pêché ou maxi plaisir pour craquer sans complexe. A la fois fruité et amer, ce chocolat se grignote avec délice idéalement en accompagnement d'un café expresso., A la fois fruité et amer, ce chocolat se grignote avec délice idéalement en accompagnement d'un café expresso., Pâte de cacao, sucre, beurre de cacao, cacao maigre en poudre, émulsifiant : lécithine de soja, arôme vanille. Traces d'arachide, céréales contenant du gluten, fruits à coque et lait. Cacao : 72% minimum., Valeur énergétique en Joules :  2507, Valeur énergétique en Kcal : 603, Glucides : 44g, Lipides : 44g, Protides :7,7g, Pour préserver la saveur de vos mini tablettes de chocolat, conservez-les à l'abri de l'humidité et de la chaleur (à 18-20C).]|"
14,90€ / Kg"|"
2,98 €"
3845|Orangettes au chocolat noir à 70% de cacao|Le paquet de 200g|[Origine : FRANCE, Bonbons de chocolat aux écorces d'oranges confites., Chocolat noir 41 % (pâte de cacao, sucre, cacao maigre en poudre, émulsifiant : lécithine de soja), écorces d'orange confites 38 % (écorces d'orange 18 %, sirop de glucose-fructose de blé, sucre, dextrose de blé, correcteur d'acidité : E330, conservateur : anhydride sulfureux), chocolat au lait 21 % (sucre, beurre de cacao, lait entier en poudre, pâte de cacao, émulsifiant : lécithine de soja, arôme). Chocolat noir à 70 % de cacao. Chocolat noir à 70 % de cacao., Valeur énergétique en Joules :  1861 kj, Valeur énergétique en Kcal : 444 kcal, Glucides : 64g, Lipides : 18g, Protides :3,7g, A conserver dans l'étui, à l'abri de la chaleur et de l'humidité.]|"
33,45€ / Kg"|"
6,69 €"
3846|Fines feuilles de chocolat fourrées à la menthe|La boîte de 300g|[Origine : ROYAUME UNI, Ingrédients: Sucre, pâte de cacao, sirop de glucose, beurre de cacao, matière grasse de lait anhydre, émulsifiant : lécithine de tournesol, huile essentielle de menthe, arôme naturel de vanille, acidifiant : acide citrique, stabilisant invertase. Traces : protéines de lait.]|"
16,40€ / Kg"|"
4,92 €"
3847|Barres au lait, miel et amandes|Le paquet de 166,5g|[Origine : FRANCE, Une nature gourmande : du chocolat 100% pur beurre de cacao. Pas de compromis avec la qualité ! Un biscuit aux 3 céréales complètes., sucre, céréales complètes (19%) (flocons d'avoine complet, farine de blé complète, farine d'orge complète), matière grasse végétale, farine de blé, beurre de cacao, huile de tournesol, amandes (5.0%), pâte de cacao, lait écrémé en poudre (3.9%), laitentier en poudre (3.7%), lactose, beurre concentré, préparation à base de miel (miel d'abeilles (1.0%), maltodextrine), petit-lait en poudre, émulsifiants (lécithine de soja, Mono- et diglycérides d'acides gras, Stéaroyl-2-lactylate de sodium), sel,poudre à lever (carbonate de sodium), arômes naturels.]|"
13,09€ / Kg"|"
2,18 €"
3848|Barre au chocolat pur beurre de cacao fourré de noix de coco|Le paquet de 285g|[Origine : FRANCE, Désormais, Bounty vous propose 10 barres emballées par 2 pour une meilleure conservation de ses bons ingrédients. Un format idéal pour emporter au bout du paradis où vous voudrez !Le chocolat au lait 100% pur beurre de cacao est la garantie d'un chocolat traditionnel !, sucre, noix de coco séchée (21%), sirop de glucose, beurre de cacao, pâte de cacao, lait écrémé en poudre, émulsifiants (lécithine de soja, E471), lactose, beurre concentré, petit-lait en poudre, humectant (glycérol), sel, extrait naturel de vanille.]|"
10,63€ / Kg"|"
3,03 €"
3849|Assortiment unique de grandes marques de chocolat en format miniature|Le paquet de 200g|[Origine : FRANCE, Celebrations, un assortiment unique de grandes marques de chocolat en format miniature. Idéal pour des petits plaisirs en famille, entre amis ou juste pour soi !, Pour éviter les risques d'étouffement, laisser cet emballage hors d'atteinte des bébés, jeunes enfants et animaux de compagnie., sucre, sirop de glucose, beurre de cacao, lait écrémé en poudre, pâte de cacao, cacahuètes, matière grasse végétale, beurre concentré, lactose, farine de blé, noix de coco séchée, petit-lait en poudre, huile de tournesol, lait entier en poudre, émulsifiants (lécithine de soja, E471), lait écrémé concentré, extrait de malt d'orge, cacao maigre, sel, humectant (glycérol), blanc d'oeuf en poudre, extrait naturel de vanille, protéine de lait hydrolysée, poudres à lever (E341, E500, E501).]|"
19,65€ / Kg"|"
3,93 €"
3850|Chocolat au lait extra-fin, lait|La boîte de 24 carrés, 240g|[Origine : FRANCE, Chocolat au lait extra-fin., Sucre, pâte de cacao, lait entier en poudre, beurre de cacao, poudre de lactosérum, émulsifiant (lécithine de soja), cacao en poudre allégé, arômes, beurre concentré. Cacao : 35% minimun. Contient lait, soja., Valeur énergétique en Joules :  2305kj, Valeur énergétique en Kcal : 550kcal, Glucides : 52,5g, Lipides : 33,5g, Protides :8,0g, A conserver au sec et a l'abri de la chaleur.]|"
19,33€ / Kg"|"
4,64 €"
3851|Chocolat au lait extra-fin aux noisettes entières|Le paquet de 3 barres de 45g|[Origine : FRANCE, Valeur énergétique en Joules :  2370Kj, Valeur énergétique en Kcal : 570Kcal, Glucides : 39,0g, Lipides : 36,5g, Protides :10,5g]|"
14,37€ / Kg"|"
1,94 €"
3852|Chocolat fourré au nougat|Les 9 tablettes de 30g|[Origine : FRANCE, Nougat 54% (sirop de glucose, noisettes), sucre, poudre de lait entier, pâte de cacao, beurre de cacao, graisse végétale hydrogénée, lactose, lactosérum en poudre, lactoprotéines, sel, émulsifiant : lécithine de soja, arômes. Peut contenir des tracesd'autres fruits secs, de protéines de blé et de protéines d'oeuf., à conserver au frais et au sec]|"
15,74€ / Kg"|"
4,25 €"
3853|Chocolat noir aux zestes d'orange confites|Le paquet de 240g|[Origine : FRANCE, Côte d'Or, la certitude d'un chocolat de qualité supérieure pur beurre de cacao. Depuis 1883, Côte d'Or crée son chocolat dans le pur respect de la tradition pour lui donner un goût puissant et authentique. Côte d'Or sélectionne ses fèves nobles en Amérique du Sud et apporte le plus grand soin au choix des fèves africaines et d'autres origines. Se basant sur un savoir-faire ancestral (torréfaction, affinage et couchage), Côte d'Or vous garantit ainsi un chocolat de haute qualité., Pâte de cacao, sucre, beurre de cacao, fortement dégraissé, zestes d'oranges confites (zestes d'oranges (2%), sucre, dextrose, correcteur d'acidité : acide citrique, conservateur : anhydride sulfureux), beurre concentré, arômes, émulsifiant, lécithine de soja, Cacao : 70% minimum. Peut contenir des traces de fruits secs et d'oeuf., Valeur énergétique en Joules :  2405, Valeur énergétique en Kcal : 580, Glucides : 33g, Lipides : 46,5g, Protides :6,6g]|"
19,17€ / Kg"|"
4,60 €"
3854|Chocolat noir de noir|Le paquet de 240g|[Origine : FRANCE, Dégustation. Pur beurre de cacao. Mignonnette de Côte d'Or, un plaisir intense à partager, Sucre, pâte de cacao, beurre de cacao, cacao en poudre fortement dégraissé, émulsifiant (lécithine de soja), arômes. Cacao : 55% minimum. Contient soja. Peut contenir des traces de fruits secs à coque et de lait., Valeur énergétique en Joules :  2215, Valeur énergétique en Kcal : 529,2, Glucides : 47, Lipides : 35, Protides :5,8, A conserver au sec et à l'abri de la chaleur.]|"
19,63€ / Kg"|"
4,71 €"
3855|Chokotoff, caramel enrobé de chocolat noir|Le paquet de 185g|[Origine : SLOVAQUIE, Valeur énergétique en Joules :  1935kj, Valeur énergétique en Kcal : 460kcal, Glucides : 69,0g, Lipides : 19,0g, Protides :2,3g]|"
17,46€ / Kg"|"
3,23 €"
3856|Mini bouchée au chocolat au lait|Le sachet de 122g|[Origine : REPUBLI.TCHEQUE, Valeur énergétique en Joules :  250kj, Valeur énergétique en Kcal : 540kcal, Glucides : 57,5g, Lipides : 30,5g, Protides :6,8g]|"
23,69€ / Kg"|"
2,89 €"
3857|Bonbons de chocolat au lait fourrés au caramel et amandes|Le sachet de 200g|[Origine : FRANCE, Sucre, graisse végétale, beurre de cacao, lait écrémé en poudre, pâte de cacao, beurre, beurre concentré, lactosérum en poudre, amandes (2,5%), lait écrémé concentré sucré, émulsifiant (lécithine de soja), sel, arôme., A conserver au sec et à l'abri de la chaleur.]|"
29,07€ / Kg"|"
4,07 €"
3858|Chocolat au lait fourré au caramel croquant|Le sachet de 140g|[Origine : NORVEGE, Valeur énergétique en Joules :  2250kj, Valeur énergétique en Kcal : 540kcal, Glucides : 60g, Lipides : 31,5g, Protides :3,0g]|"
27,00€ / Kg"|"
3,78 €"
3859|Fines gaufrettes enrobées de chocolat au lait, fourrées aux noisettes entières|Le paquet de 182g|[Origine : FRANCE, Valeur énergétique en Joules :  2438kj, Valeur énergétique en Kcal : 586kcal, Glucides : 48,7g, Lipides : 39,1g, Protides :8,1g]|"
16,48€ / Kg"|"
3,00 €"
3860|Bonbons de chocolat fin fourr{s @ la cerise et liqueur|La boîte de 315g|[Origine : ALLEMAGNE, Bonbons de chocolat fin fourrés cerise & liqueur., Température idéale de consommation entre 18°C et 20°C., Chocolat fin 48,5% (sucre, pâte de cacao, beurre de cacao, émulsifiants : lécithines (soja), vanilline), sucre, cerise 18%, liqueur 13% (sirop de glucose, eau, alcool, sucre, arômes), beurre de cacao., A consommer au sec et à l'abri de la chaleur.]|"
23,81€ / Kg"|"
7,50 €"
3861|Bonbons de chocolat fin fourrés à la cerise et liqueur|La boîte de 168g|[Origine : ALLEMAGNE, Bonbons chocolat fin fourrés cerise et liqueur., A conserver au sec et à l'abri de la chaleur.]|"
26,13€ / Kg"|"
4,39 €"
3862|Fines gaufrettes enrobées de noix de coco fourrées noix de coco avec amande entière|La boîte de 180g|[Origine : BELGIQUE, Spécialités croquantes au coco-amande., A conserver au sec et à l'abri de la chaleur.]|"
24,72€ / Kg"|"
4,45 €"
3863|Fines gaufrettes fourr{es et enrob{es de chocolat au lait et noisettes|La boîte de 375g|[Origine : ITALIE, Fines gaufrettes enrobées de chocolat au lait et noisette broyées et fourrées noisette., Température idéale de consommation entre 18° C et 22° C., Chocolat au lait 30% (sucre, beurre de cacao, pâte de cacao, lait écrémé en poudre, beurre concentré, émulsifiants : lécithines (soja), vanilline), noisettes 28,5%, sucre, huile végétale, farine de froment, lactosérum en poudre, cacao maigre, émulsifiants : lécithines (soja), poudre à lever : carbonate acide de sodium, sel, vanilline. Peut contenir des traces d'amandes., A conserver au sec et à l'abri de la chaleur.]|"
17,84€ / Kg"|"
6,69 €"
3864|Fines gaufrettes fourrées et enrobées de chocolat au lait et noisettes|La boîte de 200g|[Origine : ITALIE, Fines gaufrettes enrobées de chocolat au lait et noisette broyées et fourrées noisette., Température idéale de consommation entre 18° C et 22° C., A conserver au sec et à l'abri de la chaleur.]|"
19,95€ / Kg"|"
3,99 €"
3865|Barres au chocolat au lait et aux céréales|Les 9 barres, 211g|[Origine : FRANCE, Du bon chocolat Kinder, du lait, et 5 céréales soufflées et croustillantes. Le chocolat pour le plaisir, le lait pour la douceur., Un emballage individuel pratique, qui garantit une fraîcheur parfaite., Chocolat supérieur au lait 33,5% (sucre, beurre de cacao, lait en poudre, pâte de cacao, émulsifiant : lécithines (soja) , vanilline), sucre, lait écrémé en poudre, graisse végétale, beurre concentré, orge, riz, froment, épeautre, sarrasin, émulsifiants : lécithines (soja), vanilline. Sur le total : produits laitiers 30,5% (lait écrémé en poudre, lait en poudre 25,1%, beurre concentré 5,4%), céréales 7,5%. Le chocolat utilisé est un chocolat pur beurre de cacao., Valeur énergétique en Joules :  2244Kj, Valeur énergétique en Kcal : 536Kcal, Glucides : 49,6g, Lipides : 33,5g, Protides :9,5g, A conserver au sec et à l'abri de la chaleur.]|"
12,10€ / Kg"|"
2,56 €"
3866|Barres chocolatées au lait et aux noisettes|Les 6 barres, 129g|[Origine : FRANCE, Valeur énergétique en Joules :  2365kj, Valeur énergétique en Kcal : 568kcal, Glucides : 48,2g, Lipides : 37,5g, Protides :9,3g]|"
18,06€ / Kg"|"
2,33 €"
3867|Bâtonnets de chocolat au lait fourées au lait|Le paquet de 126g|[Origine : FRANCE, Valeur énergétique en Joules :  2327kj, Valeur énergétique en Kcal : 558kcal, Glucides : 53g, Lipides : 34,5g, Protides :8,8g]|"
19,21€ / Kg"|"
2,42 €"
3868|Biscuit moelleux au chocolat et à la noix de coco|Le paquet de 420g|[Origine : ITALIE, Un vrai petit gâteau à la fois nourrissant et gourmand avec son délicieux enrobage au cacao : Kinder Délice gâteau rêvé du goûter.Le cacao pour le plaisir, la noix de coco pour le goût, le lait pour l'onctuosité et la génoise au froment pour le moelleux., A conserver au sec et à l'abri de la chaleur.]|"
9,24€ / Kg"|"
3,88 €"
3869|Bonbons de chocolat au lait fourrés au lait et noisettes|Le sachet de 125g|[Origine : FRANCE, Valeur énergétique en Joules :  2349kj, Valeur énergétique en Kcal : 563kcal, Glucides : 50,3g, Lipides : 36,1g, Protides :9,3g]|"
24,64€ / Kg"|"
3,08 €"
3870|Bonbons de chocolat au lait fourrés au lait et noisettes|Le sachet de 200g|[Origine : FRANCE, Sous ses airs de bonbon se cache un délicieux petit chocolat Kinder, avec un coeur au lait fondant et de petits éclats de noisettes croustillants.Une recette originale et raffinée qui plait autant aux enfants qu'aux parents. Toute la famille se retrouve autour de Kinder Schoko-Bons !, Chocolat supérieur au lait 50% (sucre, lait en poudre, beurre de cacao, pâte de cacao, émulsifiant : lécithine de soja, arôme), sucre, lait écrémé en poudre, graisse végétale, noisettes (5,8%), beurre concentré, chocolat (sucre, pâte de cacao, beurrede cacao, émulsifiant : lécithine de soja, arôme), agents denrobage (gomme arabique, gomme shellac), sirop de glucose, émulsifiant (lécithine de soja), arômes. Sur le total : produits laitiers 28% (lait écrémé en poudre, lait en poudre 24,2%, beurre concentré 3,8%), cacao 16%., Valeur énergétique en Joules :  2317Kj, Valeur énergétique en Kcal : 554Kcal, Glucides : 47,4g, Lipides : 36,7g, Protides :9g, A conserver au sec et à l'abri de la chaleur.]|"
17,45€ / Kg"|"
3,49 €"
3871|Bonbons de chocolat fourrés au lait et aux noisettes|Le sachet de 320g|[Origine : FRANCE, Sous ses airs de bonbon se cache un délicieux petit chocolat Kinder, avec un coeur au lait fondant et de petits éclats de noisettes croquants.Une recette originale et raffinée qui plait autant aux enfants qu'aux parents., Chocolat supérieur au lait 50% (sucre, lait en poudre, beurre de cacao, pâte de cacao, émulsifiant: lécithine de soja, arôme), sucre, lait écrémé en poudre, graisse végétale, noisettes (5,8%), beurre concentré, chocolat (sucre, pâte de cacao, beurrede cacao, émulsifiant: lécithine de soja, arôme), agents d'enrobage (gomme arabique, gomme shellac), sirop de glucose, émulsifiant (lécithine de soja), arômes., Valeur énergétique en Joules :  2349Kj, Valeur énergétique en Kcal : 563kcal, Glucides : 50,3g, Lipides : 36,1g, Protides :9,3g, A conserver au sec et à l'abri de la chaleur.]|"
16,91€ / Kg"|"
5,41 €"
3872|Bonbons de chocolat supérieur au lait fourrés lait et noisettes.|Le sachet de 225g|[Origine : BELGIQUE, Le chocolat, pour la gourmandise. Les noisettes, pour le croquant. Le lait, pour l'onctuosité., Chocolat supérieur au lait 50% (sucre, lait en poudre, beurre de cacao, pâte de cacao, émulsifiants : lécithines (soja), arôme), sucre, lait écrémé en poudre, graisse végétale, noisettes 5,8%, beurre concentré, chocolat (sucre, pâte de cacao, beurrede cacao, émulsifiants : lécithines (soja), arôme), agents denrobage (gomme arabique, gomme shellac), sirop de glucose,  émulsifiants : lécithines (soja), arômes., A conserver au sec et à l'abri de la chaleur.]|"
18,89€ / Kg"|"
4,25 €"
3873|Bonbons de chocolat supérieur au lait fourrés lait et noisettes.|Le sachet de 225g|[Origine : BELGIQUE, Le chocolat, pour la gourmandise. Les noisettes, pour le croquant. Le lait, pour l'onctuosité., Chocolat supérieur au lait 50% (sucre, lait en poudre, beurre de cacao, pâte de cacao, émulsifiants : lécithines (soja), arôme), sucre, lait écrémé en poudre, graisse végétale, noisettes 5,8%, beurre concentré, chocolat (sucre, pâte de cacao, beurrede cacao, émulsifiants : lécithines (soja), arôme), agents denrobage (gomme arabique, gomme shellac), sirop de glucose,  émulsifiants : lécithines (soja), arômes., A conserver au sec et à l'abri de la chaleur.]|"
18,89€ / Kg"|"
4,25 €"
3874|Chocolat supérieur au lait avec fourrage au lait|Le boîte de 11 bâtonnets, 231g|[Origine : FRANCE, Un coeur fondant au lait et du chocolat très tendre pour un plaisir unique. Kinder Maxi, la pause douceur des plus grands !, Chocolat supérieur au lait 40% (sucre, lait en poudre, beurre de cacao, pâte de cacao, émulsifiants : lécithines (soja), vanilline), sucre, lait écrémé en poudre, graisse végétale, beurre concentré, émulsifiants : lécithines (soja), vanilline. Sur letotal : produits laitiers 33% (lait écrémé en poudre, lait en poudre : 27,5%, beurre concentré 5,5%), cacao 13%. Le chocolat utilisé est un chocolat pur beurre de cacao., Valeur énergétique en Joules :  564kj, Valeur énergétique en Kcal : 2352kcal, Glucides : 53,5g, Lipides : 34,8g, Protides :8,7g, A conserver au sec et à l'abri de la chaleur.]|"
13,33€ / Kg"|"
3,08 €"
3875|Chocolat supérieur au lait avec fourrage au lait|Le paquet de 12 bâtonnets de 12,5g, soit 150g|[Origine : FRANCE, Kinder Chocolat, c'est tout le bon goût du chocolat Kinder dans des petits bâtonnets avec un coeur au lait, pour toujours plus de moments de plaisir en famille. Depuis toujours, Kinder crée pour les enfants des recettes uniques, alliant simplicité etgoût, en portions individuelles, pour vous offrir, à chaque fois, des petits moments de joie à partager., Chocolat supérieur au lait 40% (sucre, lait en poudre, beurre de cacao, pâte de cacao, émulsifiants : lécithines (soja), vanilline), sucre, lait écrémé en poudre, graisse végétale, beurre concentré, émulsifiants : lécithines (soja), vanilline). Sur le total : produits laitiers 33% (lait écrémé en poudre, lait en poudre : 27,5%, beurre concentré (5,5%), cacao 13%. Le chocolat utilisé est un chocolat pur beurre de cacao., Valeur énergétique en Joules :  2352kj, Valeur énergétique en Kcal : 564kcal, Glucides : 53,5g, Lipides : 34,8g, Protides :8,7g, A conserver au sec et à l'abri de la chaleur.]|"
14,93€ / Kg"|"
2,24 €"
3876|Chocolat supérieur au lait avec fourrage au lait|Le paquet de 24 tablettes de 12,5g, soit 500g|[Origine : FRANCE, Kinder Chocolat : le petit bâtonnet avec son coeur au lait recouvert de chocolat. Le lait, pour la douceur. Le chocolat, pour le goût., Chocolat supérieur au lait 40% (sucre, lait en poudre, beurre de cacao, pâte de cacao, émulsifiants : lécithine (soja), vanilline), sucre, lait écrémé en poudre, graisse végétale, beurre concentré, émulsifiants : lécithine (soja), vanilline. Sur le total : produits laitiers 33% (lait écrémé en poudre, lait en poudre : 27,5%, beurre concentré 5,5%), cacao 13%. Le chocolat est utilisé est un chocolat pur beurre de cacao., Valeur énergétique en Joules :  2352kj, Valeur énergétique en Kcal : 564kcal, Glucides : 53,5g, Lipides : 34,8g, Protides :8,7g, A conserver au sec et à l'abri de la chaleur.]|"
13,27€ / Kg"|"
3,98 €"
3877|Confiserie recouverte de chocolat supérieur au lait contenant une surprise dans une capsule plastique, kinder surprise|La boîte de 3 pièces, soit 60g|[Origine : BELGIQUE, Valeur énergétique en Joules :  2323kj, Valeur énergétique en Kcal : 557kcal, Glucides : 52,3g, Lipides : 34,5g, Protides :8,7g]|"
51,33€ / Kg"|"
3,08 €"
3878|Fines gaufrettes enrobées de chocolat au lait, fourrées lait et noisettes broyées|Les 6 paquets de 2 barres, 258g|[Origine : FRANCE, C'est une barre délicieusement chocolatée au bon coeur au lait et aux noisettes, un plaisir qu'on s'offre pour les petites faims au quotidien.La noisette pour le raffinement. Le lait pour la douceur., Chocolat au lait 31,5% (sucre, beurre de cacao, pâte de cacao, lait écrémé en poudre, beurre concentré, émulsifiants : lécithine (soja), vanilline), sucre, huile végétale, farine de froment, noisettes broyées 10,8%, lait écrémé en poudre, lait en poudre, chocolat (sucre, pâte de cacao, beurre de cacao, émulsifiants : lécithines (soja), vanilline), cacao maigre, émulsifiants : lécithine (soja), poudres à lever (carbonate acide de sodium, carbonate d'ammonium), sel, vanilline. Sur le total : produits laitiers 19,5% (lait écrémé en poudre, lait en poudre : 18,4%, beurre concentré 1,1%). Le chocolat utilisé est un chocolat pur beurre de cacao., Valeur énergétique en Joules :  2394kj, Valeur énergétique en Kcal : 575kcal, Glucides : 49,5g, Lipides : 37,3g, Protides :9,2g, A conserver au sec et à l'abri de la chaleur.]|"
15,12€ / Kg"|"
3,90 €"
3879|Fines gaufrettes enrobées de chocolat au lait, fourrées lait et noisettes broyées.|Le paquet de 10x2x21,g, soit 430g|[Origine : FRANCE, Fines gaufrettes enrobées de chocolat au lait, fourrées lait et noisettes broyées. Kinder Bueno c'est une barre délicieusement chocolatée au bon coeur au lait et aux noisettes, un plaisir qu'on s'offre pour les petites faims., Le chocolat pour le goût, le lait pour la douceur, la noisette pour le raffinement., Chocolat au lait 31,5% (sucre, beurre de cacao, pâte de cacao, lait écrémé en poudre, beurre concentré, émulsifiant : lécithine (soja), vanilline), sucre, huile végétale, farine de froment, noisettes broyées 10,8%, lait écrémé en poudre, lait en poudre, chocolat (sucre, pâte de cacao, beurre de cacao, émulsifiant : lécithine (soja), vanilline), cacao maigre, émulsifiant : lécithine (soja), poudre à lever (carbonate acide de sodium, carbonate d'ammonium), sel, vanilline. Sur le total : produits laitiers 19,5% (lait écrémé en poudre, lait en poudre : 18,4%, beurre concentré 1,1%). Le chocolat utilisé est un chocolat pur beurre de cacao., Valeur énergétique en Joules :  2394kj, Valeur énergétique en Kcal : 575kcal, Glucides : 49,5g, Lipides : 37,3g, Protides :9,2g, A conserver au sec et à l'abri de la chaleur.]|"
14,58€ / Kg"|"
6,27 €"
3880|Fines gaufrettes enrobées de chocolat blanc, fourrées lait et noisettes|Les 12 barres, 234g|[Origine : FRANCE, Chocolat blanc 28% (beurre de cacao, sucre, lait écrémé en poudre, beurre concentré, émulsifiants : lécithines (soja), arôme), huiles végétales, sucre, farine de froment, lait écrémé en poudre, lait en poudre, noisettes broyées 5%, lactoserum en poudre, amidon de froment, cacao maigre 0,4%, protéines de lait, émulsifiants : lécithines (soja), beurre de cacao, pâte de cacao, poudres à lever (carbonates d'ammonium, carbonate acide de sodium), arômes, sel. Sur le total : produits laitiers 21,5% (lait écrémé en poudre et lait en poudre 20,5%, beurre concentré 1%). Le chocolat utilisé est un chocolat pur beurre de cacao., Valeur énergétique en Joules :  2359kj, Valeur énergétique en Kcal : 566kcal, Glucides : 51g, Lipides : 35,9g, Protides :8,8g]|"
18,68€ / Kg"|"
4,37 €"
3881|Kinder maxi, grand format|Les 20 barres, 420g|[Origine : ALLEMAGNE, Une barre au tendre chocolat Kinder, avec un coeur au lait délicieusement fondant., Chocolat supérieur au lait 40% (sucre, lait en poudre, beurre de cacao, pâte de cacao, émulsifiants : lécithines (soja), vanilline), sucre, lait écrémé en poudre, graisse végétale, beurre concentré, émulsifiants : lécithines (soja), vanilline. Sur letotal : produits laitiers 33% (lait écrémé en poudre, lait en poudre : 27,5%, beurre concentré 5,5%), cacao 13%. Le chocolat utilisé est pur beurre de cacao., Valeur énergétique en Joules :  2352kj, Valeur énergétique en Kcal : 564kcal, Glucides : 53,2g, Lipides : 7,3g, Protides :8,7g, A conserver au sec et à l'abri de la chaleur.]|"
12,93€ / Kg"|"
5,43 €"
3882|Chocolat au lait, riz et céréales croustillantes|Les 2 tablettes de 100g|[Origine : FRANCE, Pour bien équilibrer ton alimentation, ne zappe pas le goûter. Fais-toi plaisir de temps en temps avec du chocolat au lait pur beurre de cacao. Les céréales croustillantes associées au chocolat au lait fondant sauront satisfaire ta gourmandise., Sucre, beurre de cacao, poudre de lait entier, céréales croustillantes 15% (farine de riz 65%, sucre, malt de blé, farine de maïs, gluten de blé, dextrose de blé, sel), pâte de cacao, lactosérum en poudre, pâte de noisettes, émulsifiant : lécithine de soja, arôme. Traces d'autres fruits à coque. Chocolat pur beurre de cacao (cacao : 30% minimum)., Valeur énergétique en Joules :  2188Kj, Valeur énergétique en Kcal : 523Kcal, Glucides : 58g, Lipides : 29g, Protides :7,6g, Pour préserver toute la saveur de votre chocolat, conservez-le à l'abri de l'humidité et de la chaleur à une température idéale de 18°C à 20°C.]|"
10,95€ / Kg"|"
2,19 €"
3883|Chocolat au lait et aux éclats de noisettes|Les 2 tablettes de 100g|[Origine : FRANCE, Valeur énergétique en Joules :  2375kj, Valeur énergétique en Kcal : 570kcal, Glucides : 46g, Lipides : 38g, Protides :9g, Pour préserver toute la saveur de votre chocolat, conservez-le à l'abri de l'humidité et de la chaleur (température idéale de 18°C à 20°C).]|"
8,95€ / Kg"|"
1,79 €"
3884|Chocolat au lait et pépites de caramel|La tablette de 100g|[Origine : FRANCE, Les pépites de caramel taquinent le palais tandis que le chocolat au lait l'enrobe de sa douceur., Sucre, beurre de cacao, poudre de lait entier 18%, éclats de caramel 16%   (sucre, lactose, beurre concentré, poudre de lait écrémé, sel, arômes,   émulsifiant : lécithine de colza), pâte de cacao, lactose, émulsifiant  : lécithine de colza, arôme. Traces de céréales contenant du gluten, fruits à coque, oeufs, soja.  Cacao : 32% minimum dans le chocolat., Valeur énergétique en Joules :  2198Kj, Valeur énergétique en Kcal : 526KCal, Glucides : 60g, Lipides : 29g, Protides :6,2g, Pour préserver toute la saveur de votre chocolat, conservez-le dans son étui  refermable à l'abri de l'humidité et de la chaleur (température idéale de 18°C à 20°C).]|"
16,60€ / Kg"|"
1,66 €"
3885|Chocolat au lait extra-fin|La tablette de 100g|[Origine : FRANCE, Sucre, poudre de lait entier, beurre de cacao, pâte de cacao, poudre de lactosérum, pâte de noisettes, matière grasse de lait anhydre, émulsifiant : lécithine de soja, arôme. Traces de céréales contenant du gluten, fruits à coque et oeufs. Cacao : 30% minimum., Pour préserver toute la saveur de votre chocolat, conservez-le à l'abri de l'humidité et de la chaleur, à une température idéale de 18 à 20°C.]|"
7,90€ / Kg"|"
0,79 €"
3886|Chocolat au lait extra-fin|Les 3 tablettes de 100g, soit 300g|[Origine : FRANCE, Valeur énergétique en Joules :  2253kj, Valeur énergétique en Kcal : 540kcal, Glucides : 57g, Lipides : 31g, Protides :6,9g, Pour préserver toute la saveur de votre chocolat, conservez-le à l'abri de l'humidité et de la chaleur, à une température idéale de 18 à 20°C.]|"
5,10€ / Kg"|"
1,53 €"
3887|Chocolat au lait fondant de Saint Domingue, Max Havelaar|La tablette de 100g|[Origine : FRANCE, CHOCOLAT SUPÉRIEUR AU LAIT,   Cette tablette a été réalisée   à partir de fèves de cacao  provenant de la République   Dominicaine. La qualité   des matières premières etle savoir-faire des producteurs   s'unissent pour le plaisir des plus gourmets des palais.Su, sucre de canne*, poudre de lait entier 22,5%, beurre de cacao, pâte de cacao* (origine Saint-Domingue),  émulsifiant : lécithine de soja, arôme. Traces de céréales  contenant du gluten, fruits à coque et oeuf. * lssu(e) du commerce équitable (77% dupoids total).  Cacao  : 31% minimum dans le chocolat., Valeur énergétique en Kcal : 550KCal, Glucides : 54g, Lipides : 34g, Protides :7g, À conservez à l'abri de l'humidité et de la chaleur à une température idéale de 18 à 20°C.]|"
14,40€ / Kg"|"
1,44 €"
3888|Chocolat au lait fondant de Saint Domingue, Max Havelaar|La tablette de 100g|[Origine : FRANCE, CHOCOLAT SUPÉRIEUR AU LAIT,   Cette tablette a été réalisée   à partir de fèves de cacao  provenant de la République   Dominicaine. La qualité   des matières premières etle savoir-faire des producteurs   s'unissent pour le plaisir des plus gourmets des palais.Su, sucre de canne*, poudre de lait entier 22,5%, beurre de cacao, pâte de cacao* (origine Saint-Domingue),  émulsifiant : lécithine de soja, arôme. Traces de céréales  contenant du gluten, fruits à coque et oeuf. * lssu(e) du commerce équitable (77% dupoids total).  Cacao  : 31% minimum dans le chocolat., Valeur énergétique en Kcal : 550KCal, Glucides : 54g, Lipides : 34g, Protides :7g, À conservez à l'abri de l'humidité et de la chaleur à une température idéale de 18 à 20°C.]|"
14,40€ / Kg"|"
1,44 €"
3889|Chocolat blanc|Les 2 tablettes de 100g soit 200g|[Origine : FRANCE, Sucre, poudre de lait entier, beurre de cacao, poudre de lactosérum, émulsifiant : lécithine de colza, arôme. Traces de céréales contenant du gluten, fruits à coque, oeuf et soja., Valeur énergétique en Joules :  2234kj, Valeur énergétique en Kcal : 534kcal, Glucides : 59g, Lipides : 30g, Protides :7,1g, Pour préserver toute la saveur de votre chocolat, conservez-le à l'abri de l'humidité et de la chaleur à 18°C - 20° C.]|"
6,20€ / Kg"|"
1,24 €"
3890|Chocolat blanc à la noix de coco caramélisée|La tablette de 200g|[Origine : FRANCE, Le mariage parfait du chocolat blanc avec la noix de coco râpée caramélisée rend cette tablette irrésistible. Alors, laissez-vous tenter., Sucre, poudre de lait entier, beurre de cacao, noix de coco caramélisée 20% (noix de coco, sucre, dextrose de mais, sel) émulsifiant : lécithine de colza, arôme. Traces de céréales contenant du gluten, soja, fruits à coque et oeuf, Valeur énergétique en Joules :  2400, Valeur énergétique en Kcal : 576, Glucides : 40, Lipides : 39, Protides :8, Pour préserver toute la saveur de votre chocolat, conservez-le dans son étui refermable à l'abri de l'humidité et de la chaleur entre +18°C à +20°C.]|"
10,20€ / Kg"|"
2,04 €"
3891|Chocolat blanc fondant et croquant aux savoureux morceaux de spéculoos|La tablette de 100g|[Origine : FRANCE, Chocolat blanc fondant et croquant aux savoureux morceaux de spéculoos., Sucre, poudre de lait entier, beurre de cacao, éclats de spéculoos 10% (farine de blé, sucre, beurre, oeuf, sirop de sucre, sel, poudre à lever : bicarbonate de sodium, cannelle), émulsifiant : lécithine de colza, extrait de vanille. Traces de fruitsà coques, soja et sésame., Valeur énergétique en Joules :  2286kj, Valeur énergétique en Kcal : 548kcal, Glucides : 54g, Lipides : 33g, Protides :8,5g, Pour préserver toute la saveur de votre chocolat, conservez le dans son étui refermable à l'abri de l'humidité et de la chaleur à une température idéale de 18°C à 20°C.]|"
14,70€ / Kg"|"
1,47 €"
3892|Chocolat lait dégustation issu de l'agriculture biologique, 40% de cacao|La tablette de 100g|[Origine : FRANCE, Monoprix a sélectionné pour vous, avec des entreprises partenaires, des produits issus de l'agriculture biologique., A conserver à l'abri de l'humidité et de la chaleur à une température idéale de 18 à 20°C., Sucre de canne*, poudre de lait entier*, beurre de cacao*, pâte de cacao*, émulsifiant : lécithine de tournesol, extrait de vanille*. Traces de gluten, de soja, de fruits à coque. *Ingrédients issus de l'agriculture biologique. Chocolat pur beurre decacao (cacao : 40% minimum).]|"
16,60€ / Kg"|"
1,66 €"
3893|Chocolat lait dégustation issu de l'agriculture biologique, 40% de cacao|La tablette de 100g|[Origine : FRANCE, Monoprix a sélectionné pour vous, avec des entreprises partenaires, des produits issus de l'agriculture biologique., A conserver à l'abri de l'humidité et de la chaleur à une température idéale de 18 à 20°C., Sucre de canne*, poudre de lait entier*, beurre de cacao*, pâte de cacao*, émulsifiant : lécithine de tournesol, extrait de vanille*. Traces de gluten, de soja, de fruits à coque. *Ingrédients issus de l'agriculture biologique. Chocolat pur beurre decacao (cacao : 40% minimum).]|"
16,60€ / Kg"|"
1,66 €"
3894|Chocolat noir aux amandes enti}res|La tablette de 200g|[Origine : FRANCE, Cette tablette de chocolat Monoprix allie la finesse du chocolat noir au croquant des amandes entières. Dégustez-la sans tarder pour votre plus grand plaisir !, Pâte de cacao, sucre, amandes entière torréfiées 25%, beurre de cacao, lactose, matière grasse de lait anhydre, émulsifiant : lécithine de colza, arôme. Traces de céréales contenant du gluten, autres fruits à coque, oeuf et soja. Cacao : 52% minimumdans le chocolat., Pour préserver toute la saveur de votre chocolat, conservez-le dans son étui refermable, à l'abri de l'humidité et de la chaleur entre +18°C à +20°C.]|"
9,75€ / Kg"|"
1,95 €"
3895|Chocolat noir aux éclats de fèves|La tablette de 100g|[Origine : FRANCE, Une fois, torréfiées, les fèves de cacao développent des arômes de pain grillé qui rappellent ceux du café. Pour amateurs de sensations., Pâte de cacao, sucre, éclats de fèves de cacao torréfiées 12%, beurre de cacao, cacao maigre en poudre, émulsifiant : lécithine de colza, arôme. Traces de céréales contenant du gluten, fruits à coque, lait, oeuf et soja. Cacao : 72% minimum dans le chocolat., Pour préserver toute la saveur de votre chocolat, conservez-le dans son étui refermable à l'abri de l'humidité et de la chaleur (température idéale de 18°C à 20°C).]|"
14,00€ / Kg"|"
1,40 €"
3896|Chocolat noir aux écorces d'oranges|La tablette de 100g|[Origine : FRANCE, Toute ta force d'un grand cacao parfumé à l'orange pour réjouir le coeur du gourmet qui sommeille en chacun de nous., Pâte de cacao, sucre, cacao maigre en poudre, écorces d'oranges confites  5% (écorces d'oranges, sucre, dextrose de blé, correcteur d'acidité : acide citrique, conservateur : anhydride sulfureux), beurre de cacao, émulsifiant :  lécithine de soja, huile essentielle d'orange, arôme vanille.  Traces d'arachide, céréales contenant du gluten,fruits à coque,  lait et oeufs.  Cacao : 70% minimum dans le chocolat., Valeur énergétique en Joules :  2293Kj, Valeur énergétique en Kcal : 550KCal, Glucides : 50g, Lipides : 35g, Protides :8,7g, Pour préserver toute la saveur de votre chocolat, conservez-le dans son étui refermable à l'abri de l'humidité et de la chaleur (à 18-20°C).]|"
16,00€ / Kg"|"
1,60 €"
3897|Chocolat noir aux noisettes enti}res|La tablette de 200g|[Origine : FRANCE, Cette tablette de chocolat Monoprix allie la finesse du chocolat noir au croquant des noisettes entières. Dégustez-la sans tarder pour votre plus grand plaisir !, Pâte de cacao, sucre, noisettes entières torréfiées 25%, beurre de cacao, lactose, matière grasse de lait anhydre, émulsifiant : lécithine de colza, arôme. Traces de céréales contenant du gluten, autres fruits à coque, oeuf et soja. Cacao : 52% minimum dans le chocolat., Pour préserver toute la saveur de ce chocolat, conservez-le dans son étui refermable à l'abri de l'humidité et de la chaleur entre +18°C et +20°C.]|"
8,50€ / Kg"|"
1,70 €"
3898|Chocolat noir aux noisettes entières|La tablette de 200g|[Origine : FRANCE, Chocolat noir aux noisettes entières issu de l'agriculture biologique., Sucre*, pâte de cacao*, noisettes entières torréfiées* 25%, beurre de cacao*, émulsifiant : lécithine de soja, arôme naturel de vanille. Cacao 55% minimum dans le chocolat. Présence possible de gluten, lait, oeuf et autres fruits à coques. *ingrédients issus de l'agriculture biologique., Valeur énergétique en Joules :  2527kj, Valeur énergétique en Kcal : 609kcal, Glucides : 36g, Lipides : 46g, Protides :9,3g, Pour préserver toute la saveur de votre chocolat, conservez le dans son étui refermable à l'abri de l'humidité et de la chaleur, de préférence, à une température idéale de 18°C à 20°C.]|"
14,70€ / Kg"|"
2,94 €"
3899|Chocolat noir aux noisettes entières|La tablette de 200g|[Origine : FRANCE, Chocolat noir aux noisettes entières issu de l'agriculture biologique., Sucre*, pâte de cacao*, noisettes entières torréfiées* 25%, beurre de cacao*, émulsifiant : lécithine de soja, arôme naturel de vanille. Cacao 55% minimum dans le chocolat. Présence possible de gluten, lait, oeuf et autres fruits à coques. *ingrédients issus de l'agriculture biologique., Valeur énergétique en Joules :  2527kj, Valeur énergétique en Kcal : 609kcal, Glucides : 36g, Lipides : 46g, Protides :9,3g, Pour préserver toute la saveur de votre chocolat, conservez le dans son étui refermable à l'abri de l'humidité et de la chaleur, de préférence, à une température idéale de 18°C à 20°C.]|"
14,70€ / Kg"|"
2,94 €"
3900|Chocolat noir dégustation 74% de cacao|La tablette de 100g|[Origine : FRANCE, Monoprix a sélectionné pour vous, avec des entreprises partenaires, des produits issus de l'agriculture biologique. Conformément à la réglementation en vigueur, leurs modes de production et de transformation sont contrôlés et certifiés par un organisme indépendant. Les producteurs emploient notamment des engrais naturels afin de garder des sols vivants et une fertilité durable., Pâte de cacao*, sucre de canne*, beurre de cacao*, émulsifiant : lécithine de tournesol, extrait de vanille*. Traces de gluten, de soja, de lait et de fruits à coque. * ingrédients issus de l'agriculture biologique. Chocolat pur beurre de cacao (cacao : 74% minimum)., Valeur énergétique en Joules :  2239kj, Valeur énergétique en Kcal : 539kcal, Glucides : 32g, Lipides : 42g, Protides :8,3g, A conserver à l'abri de l'humidité et de la chaleur à une température idéale de 18 a 20°C.]|"
17,20€ / Kg"|"
1,72 €"
3901|Chocolat noir dégustation 74% de cacao|La tablette de 100g|[Origine : FRANCE, Monoprix a sélectionné pour vous, avec des entreprises partenaires, des produits issus de l'agriculture biologique. Conformément à la réglementation en vigueur, leurs modes de production et de transformation sont contrôlés et certifiés par un organisme indépendant. Les producteurs emploient notamment des engrais naturels afin de garder des sols vivants et une fertilité durable., Pâte de cacao*, sucre de canne*, beurre de cacao*, émulsifiant : lécithine de tournesol, extrait de vanille*. Traces de gluten, de soja, de lait et de fruits à coque. * ingrédients issus de l'agriculture biologique. Chocolat pur beurre de cacao (cacao : 74% minimum)., Valeur énergétique en Joules :  2239kj, Valeur énergétique en Kcal : 539kcal, Glucides : 32g, Lipides : 42g, Protides :8,3g, A conserver à l'abri de l'humidité et de la chaleur à une température idéale de 18 a 20°C.]|"
17,20€ / Kg"|"
1,72 €"
3902|Chocolat noir de Saint Domingue, Max Havelaar|La tablette de 100g|[Origine : FRANCE, CHOCOLAT NOIR SUPÉRIEUR   cette tablette a été réalisée  à partir de fèves, de cacao  provenant de la république    Dominicaine. La qualité    des matières premières etle savoir-faire des producteurs  s'unissent pour le plaisir des plus gourmets despalais.Pâ, te de cacao* (origine St-Domingue), sucre de canne*, beurre de cacao*, cacao maigre en poudre* (origine St-Domingue),  émulsifiant : lécithine de soja.  Traces de céréales contenant du gluten,  fruits à coque, lait et oeuf. * lssu(e)  du commerce équitable (99% du poids total).  Cacao : 72% minimum dans le chocolat., Valeur énergétique en Kcal : 537KCal, Glucides : 30g, Lipides : 43g, Protides :7,5g, À conservez à l'abri de l'humidité et de la chaleur  à une température idéale de 18 à 20°C.]|"
13,90€ / Kg"|"
1,39 €"
3903|Chocolat noir de Saint Domingue, Max Havelaar|La tablette de 100g|[Origine : FRANCE, CHOCOLAT NOIR SUPÉRIEUR   cette tablette a été réalisée  à partir de fèves, de cacao  provenant de la république    Dominicaine. La qualité    des matières premières etle savoir-faire des producteurs  s'unissent pour le plaisir des plus gourmets despalais.Pâ, te de cacao* (origine St-Domingue), sucre de canne*, beurre de cacao*, cacao maigre en poudre* (origine St-Domingue),  émulsifiant : lécithine de soja.  Traces de céréales contenant du gluten,  fruits à coque, lait et oeuf. * lssu(e)  du commerce équitable (99% du poids total).  Cacao : 72% minimum dans le chocolat., Valeur énergétique en Kcal : 537KCal, Glucides : 30g, Lipides : 43g, Protides :7,5g, À conservez à l'abri de l'humidité et de la chaleur  à une température idéale de 18 à 20°C.]|"
13,90€ / Kg"|"
1,39 €"
3904|Chocolat noir pâtissier dessert|La tablette de 200g|[Origine : FRANCE, Pâte de cacao, sucre, beurre de cacao, matière grasse de lait anhydre, émulsifiant : lécithine de colza. Traces de fruits à coque, gluten, soja et oeufs., Valeur énergétique en Joules :  2177kj, Valeur énergétique en Kcal : 522kcal, Glucides : 51g, Lipides : 30g, Protides :7,8g, Pour préserver toute la saveur de votre chocolat, conservez-le à l'abri de l'humidité et de la chaleur (température idéale de 18°C à 20°C)]|"
6,15€ / Kg"|"
1,23 €"
3905|Chocolat noir supérieur|Les 3 tablettes de 100g|[Origine : FRANCE, Pâte de cacao, sucre, lactose, matière grasse de lait anhydre, émulsifiants : lécithine de colza, polyricinoléate de polyglycerol. Traces de céréales contenant du gluten, fruit à coque, oeuf et soja. Cacao : 50% minimum., Valeur énergétique en Joules :  2174kj, Valeur énergétique en Kcal : 521kcal, Glucides : 55g, Lipides : 29g, Protides :6g, Pour préserver toute la saveur de votre chocolat, conservez-le à l'abri de l'humidité et de la chaleur à 18°C - 20° C.]|"
4,47€ / Kg"|"
1,34 €"
3906|Chocolat sup{rieur au lait et aux morceaux de noix de pécan caramélisées|La tablette de 200g|[Origine : FRANCE, Cette tablette de chocolat Monoprix allie la finesse du chocolat au lait au croquant des noix de pécan caramélisées. Dégustez-la sans tarder pour votre plus grand plaisir., Sucre, éclats de noix de pécan caramélisées 20% (noix de pécan, sucre, sirop de glucose de blé, miel), poudre de lait entier, beurre de cacao, pâte de cacao, matière grasse de lait anhydre, émulsifiant : lécithine de colza, arôme. Traces de céréalescontenant du gluten, autres fruits à coque, oeuf et soja. Cacao : 32% minimum dans le chocolat., Valeur énergétique en Joules :  2362kj, Valeur énergétique en Kcal : 567kcal, Glucides : 50g, Lipides : 37g, Protides :7g, Pour préserver toute la saveur de votre chocolat, conservez-le dans son étui refermable à l'abri de l'humidité et de la chaleur entre +18°C à +20°C.]|"
10,40€ / Kg"|"
2,08 €"
3907|Chocolat supérieur au lait et aux céréales croustillantes|Le lot de 2 tablettes de 100g|[Origine : FRANCE, Sucre, poudre de lait entier, céréales croustillantes 15% (farine de riz 65%, sucre, malt de blé, farine de maïs, gluten de blé, dextrose de blé, sel), beurre de cacao, pâte de cacao, lactosérum en poudre, matière grasse de lait anhydre, émulsifiant: lécithine de tournesol, arôme vanille. Traces de fruits à coque. Cacao : 30% minimum dans le chocolat au lait., Valeur énergétique en Joules :  2137kj, Valeur énergétique en Kcal : 511kcal, Glucides : 60g, Lipides : 26g, Protides :8,1g, Pour préserver toute la saveur de ce chocolat, conservez-le à l'abri de l'humidité et de la chaleur, à une température idéale de 18°C à 20°C.]|"
11,80€ / Kg"|"
1,18 €"
3908|Chocolat supérieur au lait et aux noisettes entières|La tablette de 200g|[Origine : FRANCE, Cette tablette de chocolat Monoprix allie la finesse du chocolat au lait au croquant des noisettes entières. Dégustez-la sans tarder pour votre plus grand plaisir., Sucre, noisettes entières torréfiées 25%, poudre de lait entier, beurre de cacao, pâte de cacao, matière grasse de lait anhydre, émulsifiant : lécithine de colza, arôme. Traces de céréales contenant du gluten, autres fruits à coque, oeuf et soja. Cacao : 32% minimum dans le chocolat., Pour préserver toute la saveur de votre chocolat, conservez-le dans son étui refermable à l'abri de l'humidité et de la chaleur entre +18°C à +20°C.]|"
9,55€ / Kg"|"
1,91 €"
3909|Chocolat aux éclats de menthe|La tablette de 100 g|[Origine : FRANCE, Ses cristaux croquants de menthe s'accordent parfaitement au caractère et à l'intensité des fèves de cacao de la coopérative Acopagro.Pour obtenir cette intensité, la culture du cacao demande beaucoup de patience  et beaucoup de fraîcheur., Pâte de cacao* (Pérou), sucre de canne* (Paraguay), beurre de cacao* (Rép. Dominicaine), cristaux de menthe (sucre de canne* (Paraguay), essence naturelle de menthe poivrée) : 10%, extrait naturel de vanille* (Madagascar). Cacao : 60% minimum. Peut contenir du lait, noisettes et amandes. 100% des ingrédients agricoles issus de l'agriculture biologique. *Ingrédients issus du commerce équitable (99,9% du volume total). Sans arôme artificiel, sans lécithine de soja, sans utilisation de Pesticide niOGM. Chocolat fabriqué en Suisse., A conserver dans un endroit frais (16-18°C) et sec.]|"
26,80€ / Kg"|"
2,68 €"
3910|Chocolat aux éclats de menthe|La tablette de 100 g|[Origine : FRANCE, Ses cristaux croquants de menthe s'accordent parfaitement au caractère et à l'intensité des fèves de cacao de la coopérative Acopagro.Pour obtenir cette intensité, la culture du cacao demande beaucoup de patience  et beaucoup de fraîcheur., Pâte de cacao* (Pérou), sucre de canne* (Paraguay), beurre de cacao* (Rép. Dominicaine), cristaux de menthe (sucre de canne* (Paraguay), essence naturelle de menthe poivrée) : 10%, extrait naturel de vanille* (Madagascar). Cacao : 60% minimum. Peut contenir du lait, noisettes et amandes. 100% des ingrédients agricoles issus de l'agriculture biologique. *Ingrédients issus du commerce équitable (99,9% du volume total). Sans arôme artificiel, sans lécithine de soja, sans utilisation de Pesticide niOGM. Chocolat fabriqué en Suisse., A conserver dans un endroit frais (16-18°C) et sec.]|"
26,80€ / Kg"|"
2,68 €"
3911|Chocolat noir 75% cacao|Le paquet de 100g|[Origine : FRANCE, Le cacao de cette tablette provient de la coopérative Acopagro, située en plein coeur de l'Amazonie péruvienne dans la région de San Martin. Fruité et intense, avec une pointe cacaotée aromatique, notes de fruits secs et caramel., Pâte de cacao (Pérou), sucre de canne, beurre de cacao, extrait naturel de vanille. Cacao : 75% minimum. 100% des ingrédients sont issus de l'agriculture biologique et du commerce équitable. Peut contenir des traces de lait, de noisettes et d'amandes. Chocolat fabriqué en Suisse., Conserver dans un endroit frais (16-18°C) et sec.]|"
28,90€ / Kg"|"
2,89 €"
3912|Chocolat noir 90% cacao|Le paquet de 100g|[Origine : FRANCE, Le cacao de cette tablette provient de la coopérative Acopagro, située en plein coeur de l'Amazonie péruvienne dans la région de San Martin. Puissant, mariant subtilement l'amertume du cacao avec des notes épicées et boisées., Pâte de cacao (Pérou), beurre de cacao, sucre de canne, extrait naturel de vanille. Cacao : 90% minimum. 100% des ingrédients sont issus de l'agriculture biologique et du commerce équitable. Peut contenir des traces de lait, de noisettes et d'amandes. Sans arôme artificiel. Sans lécithine de soja. Chocolat fabriqué en Suisse., Conserver dans un endroit frais (16-18°C) et sec.]|"
28,70€ / Kg"|"
2,87 €"
3913|Chocolat noir absolu, coopérative El Ceibo|La tablette de 100g|[Origine : FRANCE, Le chocolat biologique Noir Absolu Alter Eco est un pur chocolat d'exception recherché par les amateurs de sensations fortes. Toute la puissance du cacao de Bolivie est restitué tuée dans ce chocolat aux saveurs amères, intenses et raffinées. La coopérative El Ceibo s'est constituée historiquement autour de la ville de Sapecho en Bolivie, dans une zone tropicale proche de l'Amazonie. Elle regroupe aujourd'hui 38 coopératives, soit un total de plus de 800 membres. Grâce au prix d'achat Commerce Équitable et à la prime de développement versée par Alter Eco, El Ceibo peut offrir de nombreuses garanties à ses membres, parmi lesquelles des formations aux techniques agricoles et un fonds d'urgence dédié à la santé., pâte de cacao*(Bolivie/Costa-Rica), beurre de cacao*(Bolivie/Rép.   Dominicaine),   sucre   de    canne* (Paraguay).Cacao :85% minimum.100% des ingrédients agricoles issus de l'agriculture biologique.* produits issus du commerce équitable (100 % du volume total).Peut contenir des traces de lait, noisettes, noix de cajou et amandes., Conserver au frais (16-18°C), au sec et à l'abri de la lumière.]|"
26,80€ / Kg"|"
2,68 €"
3914|Chocolat noir absolu, coopérative El Ceibo|La tablette de 100g|[Origine : FRANCE, Le chocolat biologique Noir Absolu Alter Eco est un pur chocolat d'exception recherché par les amateurs de sensations fortes. Toute la puissance du cacao de Bolivie est restitué tuée dans ce chocolat aux saveurs amères, intenses et raffinées. La coopérative El Ceibo s'est constituée historiquement autour de la ville de Sapecho en Bolivie, dans une zone tropicale proche de l'Amazonie. Elle regroupe aujourd'hui 38 coopératives, soit un total de plus de 800 membres. Grâce au prix d'achat Commerce Équitable et à la prime de développement versée par Alter Eco, El Ceibo peut offrir de nombreuses garanties à ses membres, parmi lesquelles des formations aux techniques agricoles et un fonds d'urgence dédié à la santé., pâte de cacao*(Bolivie/Costa-Rica), beurre de cacao*(Bolivie/Rép.   Dominicaine),   sucre   de    canne* (Paraguay).Cacao :85% minimum.100% des ingrédients agricoles issus de l'agriculture biologique.* produits issus du commerce équitable (100 % du volume total).Peut contenir des traces de lait, noisettes, noix de cajou et amandes., Conserver au frais (16-18°C), au sec et à l'abri de la lumière.]|"
26,80€ / Kg"|"
2,68 €"
3915|Chocolat noir amandes éclats croquants bio, coopérative el ceibo, Bolivie,|La tablette de 100g|[Origine : FRANCE, Le chocolat Noir Amande Bio Alter Eco est un chocolat 100% naturel sans additifs ni arôme artificiel. Né d'une alliance savoureuse entre les notes corsées et authentiques du chocolat noir intense de Bolivie et le croquant des éclats d'amandes, il séduira les gourmets les plus exigeants., Pâte de cacao* (Bolivie/Pérou), sucre de canne entier* (Philippines), amandes : 12%, beurre de cacao* (Bolivie/République Dominicaine). Cacao : 58% minimum. *conforme aux standards Max Havelaar. 100% des ingrédients agricoles issus de l'agriculture biologique. Sans additif ni arôme artificiel. Peut contenir des traces de lait et fruits secs., Conserver dans un endroit frais (16-18°C) et sec.]|"
26,90€ / Kg"|"
2,69 €"
3916|Chocolat noir amandes éclats croquants bio, coopérative el ceibo, Bolivie,|La tablette de 100g|[Origine : FRANCE, Le chocolat Noir Amande Bio Alter Eco est un chocolat 100% naturel sans additifs ni arôme artificiel. Né d'une alliance savoureuse entre les notes corsées et authentiques du chocolat noir intense de Bolivie et le croquant des éclats d'amandes, il séduira les gourmets les plus exigeants., Pâte de cacao* (Bolivie/Pérou), sucre de canne entier* (Philippines), amandes : 12%, beurre de cacao* (Bolivie/République Dominicaine). Cacao : 58% minimum. *conforme aux standards Max Havelaar. 100% des ingrédients agricoles issus de l'agriculture biologique. Sans additif ni arôme artificiel. Peut contenir des traces de lait et fruits secs., Conserver dans un endroit frais (16-18°C) et sec.]|"
26,90€ / Kg"|"
2,69 €"
3917|Chocolat noir intense, force brut, coopérative El Ceibo|La tablette de 100g|[Origine : FRANCE, Le chocolat Noir Intense Bio Alter Eco vous offre toute la force brut d'un chocolat noir fabriqué dans le respect des traditions. Pour qu'il puisse dégager toute la richesse de ses arômes, les ingrédients sont malaxés pendant près de 70h (soit 3 à 6fois plus que pour un chocolat classique) dans une conche traditionnelle., Pâte de cacao* (Bolivie/Pérou), sucre de canne non raffiné* (Philippines), beurre de cacao* (Bolivie/République Dominicaine). Cacao : 58% minimum. *conforme aux standards Max Havelaar. 100% des ingrédients agricoles issus de l'agriculture biologique.Peut contenir des traces de fruits secs, d'amandes et de produits laitiers., Conserver dans un endroit frais (16-18°C) et sec.]|"
26,00€ / Kg"|"
2,60 €"
3918|Chocolat noir intense, force brut, coopérative El Ceibo|La tablette de 100g|[Origine : FRANCE, Le chocolat Noir Intense Bio Alter Eco vous offre toute la force brut d'un chocolat noir fabriqué dans le respect des traditions. Pour qu'il puisse dégager toute la richesse de ses arômes, les ingrédients sont malaxés pendant près de 70h (soit 3 à 6fois plus que pour un chocolat classique) dans une conche traditionnelle., Pâte de cacao* (Bolivie/Pérou), sucre de canne non raffiné* (Philippines), beurre de cacao* (Bolivie/République Dominicaine). Cacao : 58% minimum. *conforme aux standards Max Havelaar. 100% des ingrédients agricoles issus de l'agriculture biologique.Peut contenir des traces de fruits secs, d'amandes et de produits laitiers., Conserver dans un endroit frais (16-18°C) et sec.]|"
26,00€ / Kg"|"
2,60 €"
3919|Bloc lait biscuits sablés|La tablette de 180g|[Origine : FRANCE, Depuis 1883, Côte d'Or crée son chocolat dans le pur respect de la tradition pour lui donner un goût puissant et authentique. Côte d'Or vous garantit un chocolat de haute qualité., Sucre, pâte de cacao, poudre de lait entier, farine de blé, beurre de cacao, beurre, lactosérum en poudre, beurre concentrée, émulsifiant (lécithine de soja), cacao en poudre fortement dégraissé, sel (0,1%), arômes. Cacao 33% minimum dans le chocolatau lait. Contient : blé, gluten, soja, lait. Peut contenir des traces d'oeuf, sésame et fruits secs à coque., Valeur énergétique en Joules :  2220kj, Valeur énergétique en Kcal : 530kcal, Glucides : 57,0g, Lipides : 29,5g, Protides :7,7g, A conserver au sec et à l'abri de la chaleur.]|"
16,33€ / Kg"|"
2,94 €"
3920|Chocolat au lait|Les 3 tablettes de 100g|[Origine : FRANCE, Sucre, poudre de lait entier, pâte de cacao, beurre de cacao, lactosérum en poudre, émulsifiant (lécithine de soja), cacao en poudre maigre, arômes, beurre concentré. Cacao : 33% minimum. Contient : lait, soja. Peut contenir des traces de fruits secsà coque., Valeur énergétique en Joules :  2230kj, Valeur énergétique en Kcal : 533,5kc, Glucides : 54g, Lipides : 31,5g, Protides :8,2g, A conserver au sec et à l'abri de la chaleur.]|"
12,90€ / Kg"|"
3,87 €"
3921|Chocolat au lait et noisettes feuilleté praliné|La tablette de 180g|[Origine : FRANCE, Valeur énergétique en Joules :  2350kj, Valeur énergétique en Kcal : 565kcal, Glucides : 49,5g, Lipides : 36g, Protides :8,7g]|"
15,06€ / Kg"|"
2,71 €"
3922|Chocolat au lait extra fin, aux noisettes entières et aux raisins|La tablette de  200g|[Origine : FRANCE, Côte d'Or, la certitude d'un chocolat de qualité supérieur pour beurre de cacao. Depuis 1883, Côte d'Or crée son chocolat dans le pur respect de la tradition pour lui donner un goût puissant et authentique. Côte d'Or sélectionne ses fèves nobles en Amérique du Sud et apporte le plus grand soin au choix des fèves africaines et d'autres origines. Se basant sur un savoir-faire ancestral (torréfaction, affinage et couchage), Côte d'Or vous garantit ainsi un chocolat de haute qualité., Sucre, noisettes (15%), raisins (14%) (contiennent de l'huile végétale), pâte de cacao, poudre de lait entier, beurre de cacao, lactosérum en poudre, beurre concentré, cacao fortement dégraissé en poudre, émulsifiant (lécithine de soja), arômes, cacao : 33% minimum. Peut contenir des traces d'autres fruits secs à coque. A, Valeur énergétique en Joules :  2165, Valeur énergétique en Kcal : 520, Glucides : 49,5g, Lipides : 32g, Protides :8,3g, A conserver au sec et à l'abri de la chaleur.]|"
14,25€ / Kg"|"
2,85 €"
3923|Chocolat au lait extra-fin et aux noisettes entières|La tablette de 200g|[Origine : FRANCE, Sucre, noisettes 27%, pâte de cacao, poudre de lait entier, beurre de cacao, lactosérum en poudre, beurre concentré, cacao fortement dégraissé, émulsifiant : lécithine de soja, arômes. Cacao : 33% minimum. Peut contenir des traces d'autres fruits secs à coque. Contient : lait, noisettes et soja., Valeur énergétique en Joules :  2390kj, Valeur énergétique en Kcal : 571kcal, Glucides : 42,5g, Lipides : 40,5g, Protides :10g, A conserver au sec et à l'abri de la chaleur.]|"
11,10€ / Kg"|"
2,22 €"
3924|Chocolat au lait fourré au praliné|La tablette de 200g|[Origine : FRANCE, Savourez le croquant du chocolat au lait puis succombez au fondant d'un délicieux fourrage praliné., Sucre, praliné (20%) (sucre, noisettes, amandes), poudre de lait entier, pâte de cacao, beurre de cacao, graisses végétales hydrogénées, noix de cajou 3%, lactosérum en poudre, émulsifiant : lécithine de soja, cacao fortement dégraissé, poudre de lait écrémé, arômes, beurre concentré. Peut contenir des traces d'autres fruits secs à coque. Contient : lait, noisettes, amandes, noix de cajou, soja., Valeur énergétique en Joules :  2230Kj, Valeur énergétique en Kcal : 533,5Kc, Glucides : 57.5g, Lipides : 31g, Protides :6.7g, A conserver au sec et à l'abri de la chaleur.]|"
14,65€ / Kg"|"
2,93 €"
3925|Chocolat au lait fourré au praliné noisettes, amandes, et noix de cajout et éclats de noisettes|Le paquet de 200g|[Origine : FRANCE, Chocolat au lait fourré (39%) au praliné noisettes, amandes et noix de cajou avec éclats de noisettes (7%)., Sucre, lait en poudre, pâte de cacao**, praliné 10% (noisettes 5%, sucre), beurre de cacao**, éclats de noisettes 7%, graisses végétales (graisse de palmiste totalement hydrogénée, graisses de noix de coco de palmiste partiellement hydrogénées en proportions variables), amandes, lactosérum en poudre (de lait), noix de cajou, émulsifiants (lécithine de soja, lécithine de colza), cacao maigre en poudre, arômes, lait écrémé en poudre, beurre pâtissier. Peut contenir d'autres fruits à coque. **Minimum 30% du cacao issu de fermes vérifiées Rainforest Alliance, appliquant des principes de développement durable., Valeur énergétique en Joules :  2275kj, Valeur énergétique en Kcal : 545kcal, Glucides : 54,5g, Lipides : 32,5g, Protides :7,5g, Conserver au sec et à l'abri de la chaleur.]|"
15,50€ / Kg"|"
3,10 €"
3926|Chocolat aux lait extra-fin|La tablette de 200g|[Origine : FRANCE, Sucre, poudre de lait entier, pâte de cacao, beurre de cacao, lactosérum en poudre, émulsifiant : lécithine de soja, arômes. Peut contenir des traces de fruits secs à coque. Cacao : 34% minimum. Contient : lait et soja., Valeur énergétique en Joules :  2210, Valeur énergétique en Kcal : 530, Glucides : 54,5g, Lipides : 30,5g, Protides :8,3g, A conserver au sec et à l'abri de la chaleur.]|"
12,75€ / Kg"|"
2,55 €"
3927|Chocolat double noir|La tablette de 100g|[Origine : FRANCE, Valeur énergétique en Joules :  2935kj, Valeur énergétique en Kcal : 575kcal, Glucides : 43g, Lipides : 40g, Protides :6,1g]|"
17,90€ / Kg"|"
1,79 €"
3928|Chocolat extra fin aux lait et amandes caramélisées|La tablette de 200g|[Origine : FRANCE, Sucre, amandes 19%, pâte de cacao, poudre de lait entier, beurre de cacao, sirop de glucose, lactosérum en poudre, beurre concentré, sel, émulsifiant (lécithine de soja), beurre, cacao fortement dégraissé en poudre, arômes. Cacao 34% minimum. Contient : lait, amandes, soja. Peut contenir des traces d'autres fruits secs à coque., Valeur énergétique en Joules :  2265, Valeur énergétique en Kcal : 545, Glucides : 50g, Lipides : 34g, Protides :9,5g, A conserver au sec et à l'abri de la chaleur.]|"
14,35€ / Kg"|"
2,87 €"
3929|Chocolat extra-noir|La tablette de 200g|[Origine : FRANCE, Idéal pour cuisiner : un délicieux chocolat Côte d'or, fondant et pratique à utiliser. Un allié indispensable pour réussir tous vos desserts chocolatés., Sucre, pâte de cacao, beurre de cacao, cacao en poudre fortement dégraissé, émulsifiant (lécithine de soja), arôme. Cacao 54% minimum. Contient soja. Peut contenir des traces de fruits secs à coque et de lait., Valeur énergétique en Joules :  2215kj, Valeur énergétique en Kcal : 530kcal, Glucides : 47,0g, Lipides : 35,0g, Protides :5,8g, A conserver au sec et à l'abri de la chaleur.]|"
8,70€ / Kg"|"
1,74 €"
3930|Chocolat lait biscuits speculoos.|La tablette de 180g|[Origine : FRANCE, Chocolat au lait aux éclats de spéculoos (20%)., Sucre, lait entier en poudre, pâte de cacao**, beurre de cacao**, farine de blé, lactosérum en poudre, graisse végétale, beurre concentré, sirop de sucre inverti, émulsifiant (lécithine de soja), cannelle, poudre à lever (E500), sirop de candi, sel,sucre caramélisé, arômes. Cacao : 33% minimum dans le chocolat au lait. Contient : lait, blé, gluten, soja. Peut contenir : oeuf, graines de sésame et fruits secs à coque. **minimum 30% du cacao issu de fermes vérifiées Rainforest Alliance, appliquant des principes de développement durable., Valeur énergétique en Joules :  2210kj, Valeur énergétique en Kcal : 530kcal, Glucides : 57,0g, Lipides : 29,0g, Protides :7,5g, A conserver au sec et à l'abri de la chaleur.]|"
16,06€ / Kg"|"
2,89 €"
3931|Royal des lys - chocolats a la liqueur|La boîte de 20 chocolats|[Origine : FRANCE]|"
28,80€ / Kg"|"
7,20 €"
3932|Royal des lys - chocolats a la liqueur|La boîte de 20 chocolats|[Origine : FRANCE]|"
28,80€ / Kg"|"
7,20 €"
3933|Chocolats @ l'orange|La boîte de 300g|[Origine : ALLEMAGNE]|"
17,83€ / Kg"|"
5,35 €"
3934|Chocolats @ l'orange|La boîte de 300g|[Origine : ALLEMAGNE]|"
17,83€ / Kg"|"
5,35 €"
3935|Bonbons de chocolats fin fourrés cerise et liqueur|La boîte cube de 8 pièces|[Origine : POLOGNE]|"
40,36€ / Kg"|"
3,39 €"
3936|Bonbons de chocolats fin fourrés cerise et liqueur|La boîte cube de 8 pièces|[Origine : POLOGNE]|"
40,36€ / Kg"|"
3,39 €"
3937|Fines gaufrettes fourrées et enrobées de chocolat au lait et noisettes|La boîte cube de 6|[Origine : ITALIE]|"
45,20€ / Kg"|"
3,39 €"
3938|Fines gaufrettes fourrées et enrobées de chocolat au lait et noisettes|La boîte cube de 6|[Origine : ITALIE]|"
45,20€ / Kg"|"
3,39 €"
3939|Gauffrettes four{es et enrob{es de coco avec une amende enti}re|La boîte de 75g|[Origine : ITALIE]|"
45,20€ / Kg"|"
3,39 €"
3940|Gauffrettes four{es et enrob{es de coco avec une amende enti}re|La boîte de 75g|[Origine : ITALIE]|"
45,20€ / Kg"|"
3,39 €"
3941|Kinder schokobons|Le sachet de 140g|[Origine : FRANCE]|"
28,21€ / Kg"|"
3,95 €"
3942|Kinder schokobons|Le sachet de 140g|[Origine : FRANCE]|"
28,21€ / Kg"|"
3,95 €"
3943|Boules de chocolat au lait|Le cornet de 200g|[Origine : ITALIE]|"
29,45€ / Kg"|"
5,89 €"
3944|Boules de chocolat au lait|Le cornet de 200g|[Origine : ITALIE]|"
29,45€ / Kg"|"
5,89 €"
3945|Chocolats au lait tendre|Le sachet de 105g|[Origine : FRANCE]|"
28,48€ / Kg"|"
2,99 €"
3946|Chocolats au lait tendre|Le sachet de 105g|[Origine : FRANCE]|"
28,48€ / Kg"|"
2,99 €"
3947|Chewing-gum sans sucre avec édulcorants aux goûts menthol fort et menthe|Le paquet de 5 tablettes de 14g, soit 70g|[Origine : FRANCE, Chewing-gum sans sucres avec édulcorants aux goût menthol fort et menthe., Une consommation excessive peut avoir des effets laxatifs., Edulcorants sorbitol, isomalt, sirop de maltitol, aspartame, acesulfame-K, gomme base, arômes, agent d'enrobage carbonate de calcium, épaississant gomme arabique, émulsifiant lécithine de soja, agent d'enrobage cire de carnauba, colorant E171, antioxygène bha, colorants E171, E100. Contient une source de phénylalanine., Valeur énergétique en Joules :  597kj, Valeur énergétique en Kcal : 143kcal, Glucides : 59,7g, Lipides : 0g, Protides :0g]|"
48,57€ / Kg"|"
3,40 €"
3948|Chewing gum sans sucres avec édulcorants aux goûts menthol fort et écalyptus|Les 50 dragées, 70g|[Origine : FRANCE, Airwaves Menthol Extreme, une vague de menthol intense et saisissante pour les défis les plus extrêmes. Airwaves, mâchez, respirez !, Une consommation excessive peut avoir des effets laxatifs., Edulcorants isomalt, sorbitol, sirop de maltitol, mannitol, aspartame, acesulfame-k, gomme base, agent d'enrobage carbonate de calcium, aromes, épaississant gomme arabique, maltodextrine, colorant E171, émulsifiant lécithine de soja, agent d'enrobagecire de carnauba, colorant E133, antioxygène bha, colorant E160a. Contient une source de phénylalanine., Valeur énergétique en Joules :  643Kj, Valeur énergétique en Kcal : 154Kcal, Glucides : 60,5g, Lipides : 0g, Protides :0g]|"
47,71€ / Kg"|"
3,34 €"
3949|Chewing gums sans sucres avec édulcorants aux goûts menthol anis et eucalyptus|Le paquet de 70g|[Origine : FRANCE, La vague de menthol intense et rafraîchissante dans une nouvelle formule. Un goût encore meilleur et une fraîcheur plus longue durée, pour les défis quotidiens., Une consommation excessive peut avoir des effets laxatifs., Edulcorants, sorbitol, isomalt, mannitol, sel d'aspartame, acesulfame, aspartame, acesulfame-k, gomme base (contient de la lécithine de soja), aromes, agent d'enrobage carbonate de calcium, épaississant gomme arabique, colorant E171, agent d'enrobagecire de carnauba, antioxygène bha, colorants E133, E141. Contient une source de phénylalanine., Valeur énergétique en Joules :  601kj, Valeur énergétique en Kcal : 144kcal, Glucides : 60,1g, Lipides : 0g, Protides :0g]|"
44,57€ / Kg"|"
3,12 €"
3950|Chewing gums sans sucres avec édulcorants aux goûts menthol et cassis|Le paquet de 70g|[Origine : FRANCE, La vague de menthol intense et rafraîchissante d'Airwaves dans une nouvelle formule. Un goût encore meilleur et une fraîcheur plus longue durée, pour les défis quotidiens., Une consommation excessive peut avoir des effets laxatifs., Edulcorants sorbitol, isomalt, sirop de maltitol, aspartame, mannitol, sel d'aspartame, acesulfame, acesulfame-k, sucralose, gomme base (contient de la lécithine de soja), aromes, épaississant gomme arabique, humectant glycérol, colorant E171, agentd'enrobage cire de carnauba, antioxygène bha, colorant E163. Contient une source de phénylalanine., Valeur énergétique en Joules :  627kj, Valeur énergétique en Kcal : 151kcal, Glucides : 62,7g, Lipides : 0g, Protides :0g]|"
44,00€ / Kg"|"
3,08 €"
3951|Chewing gums sans sucres avec édulcorants aux goûts menthol et eucalyptus|Le paquet de 70g|[Origine : FRANCE, La vague de menthol intense et rafraîchissante dans une nouvelle formule. Un goût encore meilleur et une fraîcheur plus longue durée, pour les défis quotidiens., Une consommation excessive peut avoir des effets laxatifs., Edulcorants, sorbitol, isomalt, sirop de maltitol, aspartame, mannitol, sel d'aspartame, acesulfame, acesulfame-k, gomme base (contient de la lécithine de soja), aromes, agent d'enrobage carbonate de calcium, épaississant gomme arabique, humectant glycérol, colorant E171, agent d'enrobage cire de carnauba, antioxygène bha, colorants E133, E160a. Contient une source de phénylalanine., Valeur énergétique en Joules :  604kj, Valeur énergétique en Kcal : 145kcal, Glucides : 60,4g, Lipides : 0g, Protides :0g]|"
44,57€ / Kg"|"
3,12 €"
3952|Chewing gums sans sucres avec édulcorants aux goûts menthol et menthe|Le paquet de 70g|[Origine : FRANCE, La vague de menthol intense et rafraîchissante d'Airwaves dans une nouvelle formule. Un goût encore meilleur et une fraîcheur plus longue durée, pour les défis quotidiens., Une consommation excessive peut avoir des effets laxatifs., Edulcorants sorbitol, isomalt, sirop de maltitol, aspartame, mannitol, sel d'aspartame, acesulfame, acesulfame-k, sucralose, gomme base (contient de la lécithine de soja), aromes, agent d'enrobage carbonate de calcium, épaississant gomme arabique, colorant E171, agent d'enrobage cire de carnauba, antioxygène bha, colorants E133, E141, E160a. Contient une source de phénylalanine., Valeur énergétique en Joules :  606kj, Valeur énergétique en Kcal : 145kcal, Glucides : 60,6g, Lipides : 0g, Protides :0g]|"
44,57€ / Kg"|"
3,12 €"
3953|Chewing-gum, Chlorophylle, sans sucres|Les 5 paquets, 70g|[Origine : FRANCE, Goût plus longue durée. Freedent, pour des dents belles et fortes., Mâcher après avoir mangé et bu. Une consommation excessive peut avoir des effets laxatifs., Edulcorants sorbitol isomalt, aspartame, mannitol, sel d'aspartame-acesulfame, acesulfame K, gomme base (contient de la lécithine de soja), arômes, agent d'enrobage carbonate de calcium, humectant glycerol, épaississant gomme arabique, colorant : E171, agent d'enrobage cire de carnauba, antioxygène bha, colorants E141, E101, E133. Contient une source de phénylalanine., Valeur énergétique en Joules :  611kj, Valeur énergétique en Kcal : 147kcal, Glucides : 61,1g, Lipides : 0g, Protides :0g, Tenir à l'abri de l'humidité et de la chaleur.]|"
44,14€ / Kg"|"
3,09 €"
3954|Chewing-gum à la menthe|Les 5 paquets, 70g|[Origine : ROYAUME UNI, Valeur énergétique en Kcal : 144 kcal, Glucides : 60.1, Lipides : 0, Protides :0, INGREDIENTS: EDULCORANTS XYLITOL, SORBITOL, ASPARTAME, MANNITOL, ACESULFAME-K, SUCRALOSE  GOMME BASE, EPAISSISSANT GOMME ARABIQUE, HUMECTANT GLYCEROL, AROMES, AGENT DE CHARGE PHOSPHATES DE CALCIUM, COLORANT E171, EMULSIFIANTLECITHINE DE SOJA, CORRECTEUR D'ACIDITE CARBONATE ACIDE DE SODIUM, AGENT D'ENROBAGE CIRE DE CARNAUBA, ANTIOXYDANT BHA, COLORANT E133.]|"
50,57€ / Kg"|"
3,54 €"
3955|Chewing-gum menthe forte sans sucres en sticks|Le paquet de 5 tablettes|[Origine : FRANCE, Valeur énergétique en Kcal : 171 kcal, Glucides : 71.3, Lipides : 0, Protides :0, CHEWING-GUM SANS SUCRES AVEC EDULCORANTS AU GOUT MENTHE INGREDIENTS: EDULCORANTS SORBITOL, MANNITOL, ASPARTAME, ACESULFAME-K  GOMME BASE, HUMECTANT GLYCEROL, AROMES, EMULSIFIANT LECITHINE DE SOJA, ANTIOXYDANT BHA.]|"
44,46€ / Kg"|"
2,89 €"
3956|Chewing-gum menthe verte sans sucres en sticks|Le paquet de 5 tablettes|[Origine : FRANCE, Valeur énergétique en Kcal : 168 kcal, Glucides : 69.8, Lipides : 0, Protides :0, CHEWING-GUM SANS SUCRES AVEC EDULCORANTS AU GOUT MENTHE INGREDIENTS: EDULCORANTS SORBITOL, MANNITOL, SIROP DE MALTITOL, ASPARTAME  GOMME BASE, HUMECTANT GLYCEROL, AROMES, EMULSIFIANT LECITHINE DE SOJA, ANTIOXYDANT BHA.]|"
44,46€ / Kg"|"
2,89 €"
3957|Chewing gum sans sucre avec édulcorant au goût menthe|Le paquet de 5x10 dragées|[Origine : FRANCE, Mâcher au moins 20 minutes après avoir manger et bu. Une consommation excessive peut avoir des effets laxatifs., Edulcorants sorbitol, sirop de maltitol, maltitol, aspartame, mannitol, acesulfame-k, gomme base (contient de la lécithine de soja), épaississant gomme / arabique, agent d'enrobage carbonate de calcium, arômes, humectant glycerol, colorant E171, agent d'enrobage cire de carnauba, antioxygène bha. Contient une source de phenylalanine., Valeur énergétique en Joules :  654kj, Valeur énergétique en Kcal : 157kcal, Glucides : 65,4g, Lipides : 0g, Protides :0g]|"
45,00€ / Kg"|"
3,15 €"
3958|Chewing gum sans sucre avec édulcorant au goût myrtille|Les 50 dragées, 70g|[Origine : FRANCE, Pour des dents propres et saines. Mâcher un chewing-gum Freedent sans sucres après chaque repas aide à stopper les attaques acides., Mâcher pendant au moins 20 minutes après avoir mangé et bu. Une consommation excessive peut avoir des effets laxatifs., Edulcorants sorbitol, maltitol, aspartame, acesulfame-k, gomme base, humectant glycerol, épaississant (gomme arabique, arômes, acidifiant acide citrique, colorant E171, émulsifiant lécithine de soja, acidifiant acide fumarique, agent d'enrobage cirede carnauba, antioxygène BHA. Contient une source de phénylalanine. Sans sucres., Valeur énergétique en Joules :  706Kj, Valeur énergétique en Kcal : 169Kcal, Glucides : 68,7g, Lipides : 0g, Protides :0g]|"
46,29€ / Kg"|"
3,24 €"
3959|Chewing-gum sans sucre avec édulcorants au goût menthe|La box de 84g|[Origine : ROYAUME UNI, Valeur énergétique en Kcal : 143 kcal, Glucides : 59,5g, Lipides : 0g, Protides :0g, CHEWING-GUM SANS SUCRES AVEC EDULCORANTS AU GOUT MENTHE. INGREDIENTS: EDULCORANTS SORBITOL, MALTITOL, SIROP DE MALTITOL, XYLITOL, MANNITOL, ASPARTAME, ACESULFAME-K  GOMME BASE (CONTIENT DE LA LECITHINE DE SOJA), EPAISSISSANT GOMME ARABIQUE, AGENT D'ENROBAGE CARBONATE DE CALCIUM, HUMECTANT GLYCEROL, AROMES, AGENT DE CHARGE PHOSPHATES DE CALCIUM, COLORANT E171, CORRECTEUR D'ACIDITE CARBONATE ACIDE DE SODIUM, AGENT D'ENROBAGE CIRE DE CARNAUBA, ANTIOXYDANT BHA, COLOR E133.]|"
47,14€ / Kg"|"
3,96 €"
3960|Chewing-gum sans sucre parfum menthe réglisse black mint|Le paquet de 5 tablettes, soit 70g|[Origine : FRANCE, Une consommation excessive peut avoir des effets laxatifs., Edulcorants xylitol, sorbitol, mannitol, aspartame, gomme base (contient de la lécithine de soja), humectant glycérol, épaississant gomme arabique, arômes, colorant E171, agent d'enrobage, cire de carnauba, antioxygène BHA. Contient de la réglisse. Contient une source de phénylalanine., Valeur énergétique en Joules :  626kj, Valeur énergétique en Kcal : 150kcal, Glucides : 62,6g, Lipides : 0g, Protides :0g]|"
49,29€ / Kg"|"
3,45 €"
3961|Chewing gum sans sucres, avec édulcorants, Menthe givrée|Les 5 étuis, 70g|[Origine : FRANCE, Mâcher un chewing-gum Freedent sans sucres après chaque repas aide à stopper les attaques acides. Pour des dents propres et saines., Mâcher pendant au moins 20 minutes après avoir mangé et bu. Une consommation excessive peut avoir des effets laxatifs., Edulcorants sorbitol, maltitol, sirop de maltitol, mannitol, aspartame, acesulfame k, gomme base (contient de la lécithine de soja), arômes, épaississant gomme arabique, humectant glycérol, agent d'enrobage carbonate de calcium, colorant E171, agentd'enrobage cire de carnauba, antioxygène BHA. Contient une source de phénylalanine., Valeur énergétique en Joules :  600kj, Valeur énergétique en Kcal : 144kcal, Glucides : 60g, Lipides : 0g, Protides :0g]|"
49,14€ / Kg"|"
3,44 €"
3962|Chewing gum sans sucres, Fruit|Les 5 étuis, 70g|[Origine : FRANCE, Mâcher Freedent White après chaque repas aide à préserver la blancheur naturelle de vos dents., Une consommation excessif peut avoir des effets laxatifs., Edulcorant sorbitol, mannitol, maltitol, aspartame, acesulfame-k, gomme base, arômes humectant glycerol, épaississant gomme arabique, colorant E171, acidifiant acide citrique, correcteur d'acidité carbonate acide de sodium, émulsifiant lécithine de soja, agent d'enrobage cire de carnauba, antioxygène bha, phénylamine, contient de la réglisse. Contient une source de phénylalanine., Valeur énergétique en Joules :  740kj, Valeur énergétique en Kcal : 178kcal, Glucides : 74g, Lipides : 0g, Protides :0g, Tenir à l'abri de l'humidité et de la chaleur.]|"
50,00€ / Kg"|"
3,50 €"
3963|Chewing-gum sans sucres, Menthe douce|Les 5 étuis, 70g|[Origine : FRANCE, Mâcher Freedent White après chaque repas aide à préserver la blancheur naturelle de vos dents., Mâchez après avoir mangé et bu. Une consommation excessive peut avoir des effets laxatifs., Edulcorants sorbitol, maltitol, sirop de maltitol, aspartame, mannitol, acésulfame K, gomme base (contient de la lécithine de soja), épaississant gomme arabique, agent d'enrobage carbonate de calcium, arômes, humectant glycérol, colorant E171, correcteur d'acidité carbonate acide de sodium, agent d'enrobage cire de carnauba, antioxygène BHA. Contient une source de phénylalanine., Valeur énergétique en Joules :  635kj, Valeur énergétique en Kcal : 152kcal, Glucides : 63,4g, Lipides : 0g, Protides :0g]|"
47,57€ / Kg"|"
3,33 €"
3964|Chewing gum sans sucres, Menthe forte|Les 5 étuis, 70g|[Origine : FRANCE, Mâcher Freedent White après chaque repas aide à préserver la blancheur naturelle de vos dents., Mâchez après avoir mangé et bu. Une consommation excessive peut avoir des effets laxatifs., Edulcorants sorbitol, maltitol, sirop de maltitol, mannitol, aspartame, sel d'aspartame, acésulfame, acésulfame K, gomme base (contient de la lécithine de soja), humectant glycérol, arômes, épaississant gomme arabique, agent d'enrobage carbonate de calcium, colorant E171, correcteur d'acidité carbonate acide de sodium, agent d'enrobage cire de carnauba, antioxygène BHA. Contient une source de phénylalanine., Valeur énergétique en Joules :  605kj, Valeur énergétique en Kcal : 145kcal, Glucides : 60,6g, Lipides : 0g, Protides :0g]|"
47,14€ / Kg"|"
3,30 €"
3965|Chewing gum sans sucres, Menthe verte|Les 5 étuis, 70g|[Origine : PORTUGAL, Freedent White sans sucres contient des microcristaux, il aide à enlever les taches et à préserver la blancheur naturelle de vos dents., Mâchez au moins 20 minutes après avoir mangé et bu. Une consommation excessive peut avoir des effets laxatifs., Edulcorants isomalt, sorbitol, sirop de sorbitol, xylitol, aspartame, sel d'aspartame, acésulfame, acésulfame K, gomme base (contient de la lécithine de soja), arômes, agent d'enrobage carbonate de calcium, agent de charge phosphates de calcium, humectant glycérol, épaississant gomme arabique, colorant E171, stabilisant E464, correcteur d'acidité carbonate acide de sodium, agent d'enrobage cire de carnauba, antioxygène BHA, colorant E133. Contient une source de phénylalanine., Valeur énergétique en Joules :  620kj, Valeur énergétique en Kcal : 149kcal, Glucides : 59,1g, Lipides : 0g, Protides :0g]|"
50,57€ / Kg"|"
3,54 €"
3966|Chewing-gum saveurs d'automne sans sucres en sticks|Le paquet de 5 tablettes|[Origine : FRANCE, Valeur énergétique en Kcal : 152, Glucides : 61.2, Lipides : 0, Protides :0, CHEWING-GUM SANS SUCRES AVEC EDULCORANTS AUX GOUTS POMME ET POIRE. EDULCORANTS SORBITOL, XYLITOL, MANNITOL, SIROP DE MALTITOL, SUCRALOSE, ACESULFAME-K, ASPARTAME  GOMME BASE, AROMES, HUMECTANT GLYCEROL, ACIDIFIANTS ACIDE MALIQUE, ACIDE CITRIQUE  EMULSIFIANT LECITHINE DE SOJA, ANTIOXYDANT BHA.]|"
43,69€ / Kg"|"
2,84 €"
3967|Chewing-gum saveurs d'été sans sucres en sticks|Le paquet de 5 tablettes|[Origine : FRANCE, Valeur énergétique en Kcal : 157, Glucides : 63, Lipides : 0, Protides :0, CHEWING-GUM SANS SUCRES AVEC EDULCORANTS AU GOUT FRAISE EDULCORANTS SORBITOL, XYLITOL, MANNITOL, SIROP DE MALTITOL, SUCRALOSE, ACESULFAME-K, ASPARTAME  GOMME BASE, AROMES, HUMECTANT GLYCEROL, ACIDIFIANTS ACIDE CITRIQUE, ACIDE MALIQUE  EMULSIFIANT LECITHINE DE SOJA, ANTIOXYDANT BHA.]|"
42,46€ / Kg"|"
2,76 €"
3968|Freedent mp kids bubble 5x5 tablettes|Les 5 étuis de 5 tablettes|[Origine : FRANCE, Chewing-gum sans sucres avec édulcorants au goût fruit., Une consommation excessive peut avoir des effets laxatifs., Edulcorant, sorbitol, mannitol, sirop de maltitol, sucralose, acesulfame-k, gomme base (contient de la lecithine de soja), humectant glycerol, arômes, antioxydant bha., Valeur énergétique en Joules :  592kj, Valeur énergétique en Kcal : 142kcal, Glucides : 59,2g, Lipides : 0, Protides :0]|"
44,00€ / Kg"|"
2,86 €"
3969|Freedent mp kids tropical 5x5 tablettes|Les 5 étuis de 5 tablettes|[Origine : FRANCE, Chewing-gum sans sucres avec édulcorants au goût fruit., Une consommation excessive peut avoir des effets laxatifs., Edulcorant, sorbitol, mannitol, sucralose, acesulfame-k, gomme base (contient de la lecithine de soja), humectant glycerol, arômes, acidifiant : acide citrique, acide malique, acide fumarique, antioxydant bha., Valeur énergétique en Joules :  656kj, Valeur énergétique en Kcal : 157kcal, Glucides : 63,4g, Lipides : 0, Protides :0]|"
44,15€ / Kg"|"
2,87 €"
3970|Goût fraise, chewing-gum sans sucres, goût longue durée|Les 5 paquets, 70g|[Origine : FRANCE, Mâchez après avoir mangé et bu. Une consommation excessive peut avoir des effets laxatifs., Edulcorants sorbitol, maltitol, mannitol, sirop de maltitol, aspartame, acesulfame K, gomme base (contient de la lécithine de soja), arômes, épaississant gomme arabique, acidifiant acide citrique, humectant glycerol, maltodextrine, colorant E171, agent d'enrobage cire de carnauba, amidon modifié, antioxygène bha, jus de cassis concentré. Contient une source de phénylalanine., Valeur énergétique en Joules :  705kj, Valeur énergétique en Kcal : 169kcal, Glucides : 68,3g, Lipides : 0g, Protides :0g]|"
49,43€ / Kg"|"
3,46 €"
3971|Chewing gum, 2 Fresh sans sucres, Menthe Fraîche, Menthe Forte|La sphère de 40 dragées, 88g|[Origine : FRANCE, Une consommation excessive peut avoir des effets laxatifs., Édulcorants (maltitol, sorbitol, sirop de maltitol, aspartame, acésulfame k), gomme base, arômes, humectant : E422, gélatine, émulsifiant (lécithine de tournesol), colorants : E171, E133, agent d'enrobage : E903, épaississant : E466. Peut contenir des graines de sésame et des traces de fruits à coque. Contient une source de phénylalanine. Sans sucres., Valeur énergétique en Joules :  710kj, Valeur énergétique en Kcal : 170kcal, Glucides : 67,8g, Lipides : 0,1g, Protides :1,6g, A conserver dans un endroit frais et sec.]|"
57,84€ / Kg"|"
5,09 €"
3972|Chewing gum, 2 fresh sans sucres, Menthe verte et chlorophylle|La sphère de 40 dragées, 88g|[Origine : FRANCE, Association du meilleur produit sur le marché (coeur liquide Hollywood) dans un conditionnement innovant.Conditionnement complémentaire au tripack pour une consommation sédentaire (bureau, voiture, maison)., Une consommation excessive peut avoir des effets laxatifs., Edulcorants : maltitol, sorbitol, sirop de maltitol, aspartame, acésulfame k, gomme base, arômes, humectant : E422, gélatine, émulsifiant : lécithine de soja, colorants : E171, E141, agent d'enrobage : E903, épaississant : E466. Peut contenir des graines de sésame et des traces de fruits à coque. Contient une source de phénylalanine., Valeur énergétique en Joules :  705kj, Valeur énergétique en Kcal : 170kcal, Glucides : 67,2g, Lipides : 0,2g, Protides :1,6g, A conserver dans un endroit frais et sec.]|"
54,77€ / Kg"|"
4,82 €"
3973|Chewing gum, Chlorophylle|Les 5 étuis, 155g|[Origine : FRANCE, Maxi plaisir. Fraîcheur de vivre., Sucre, gomme base, sirop de glucose, arômes, humectant (E422), stabilisant (E420), émulsifiant (lécithine de tournesol), antioxygène (E321), suc de réglisse, colorant (E141), A conserver dans un endroit frais et sec.]|"
19,10€ / Kg"|"
2,96 €"
3974|Chewing gum, Menthe polaire, sans sucres|Les 5 étuis, 72,5g|[Origine : FRANCE, Parce que votre sourire est important Hollywood a crée Blancheur Parfum menthe polaire., Une consommation excessive peut avoir des effets laxatifs., Edulcorants (sorbitol, maltitol, mannitol, sirop de maltitol, aspartame, acésulfame k, sucralose), gomme de base, arômes, agent de charge (carbonate de calcium), arômes, épaississant (gomme arabique), émulsifiant (stéarate de sodium), colorant (E171), agent d'enrobage (cire de carnauba), antioxygène (E321). Peut contenir des traces de soja. Contient une source de phénylalanine. Sans sucres., Valeur énergétique en Joules :  845kj, Valeur énergétique en Kcal : 205kcal, Glucides : 84,1g, Lipides : 0g, Protides :0,2g, A conserver dans un endroit frais et sec.]|"
46,99€ / Kg"|"
3,43 €"
3975|Chewing gum, Sweet gum sans sucres, Citron vert et fraise|La sphère de 40 dragées, 88g|[Origine : FRANCE, Une consommation excessive peut avoir des effets laxatifs., Edulcorants : maltitol, sorbitol, sirop de maltitol, aspartame, acésulfame k, gomme base, arômes, humectant : E422, gélatine, acidifiants : acide malique, acide citrique,  émulsifiant : lécithine de soja, colorants : E171, E104, E133, agent d'enrobage : E903, épaississant : E466. Peut contenir des graines de sésame et des traces de fruits à coque. Contient une source de phénylalanine. Sans sucres., Valeur énergétique en Joules :  725kj, Valeur énergétique en Kcal : 175kcal, Glucides : 67,4g, Lipides : 0,3g, Protides :1,6g, A conserver dans un endroit frais et sec.]|"
60,24€ / Kg"|"
5,06 €"
3976|Chewing gum blancheur sans sucres, Menthe|Les 2 étuis, 54g|[Origine : FRANCE, Une consommation excessive peut avoir des effets laxatifs., Édulcorants, sorbitol, mannitol, sirop de maltitol, aspartame, sucralose, acésulfame K, gomme base, agent de charge : E170, arôme, humectant : glycérol, émulsifiant : stéarate de sodium, lécithine de tournesol, colorants : E171, E163, E131, antioxygène E321. Peut contenir des traces de soja. Contient une source de phénylalanine., Valeur énergétique en Joules :  580kj, Valeur énergétique en Kcal : 140kcal, Glucides : 55,8g, Lipides : 0,4g, Protides :0,5g, A conserver dans un endroit frais et sec.]|"
68,52€ / Kg"|"
3,70 €"
3977|Chewing gum parfum menthe extra forte|Les 3 boîtes, 60g|[Origine : FRANCE, Découvrez Hollywood 2 fresh menthe Extra-forte, et voyagez au coeur de la fraîcheur., Une consommation excessive peut avoir des effets laxatifs., Édulcorants (maltitol, sorbitol, sirop de maltitol, aspartame, acésulfame k), gomme base, arômes, humectant (E422), gélatine, colorant (E171), émulsifiant (lécithine de soja), agent d'enrobage (E903), épaississant (E466). Peut contenir des traces desésame et des traces de fruits à coque. Contient une source de phénylalanine. Sans sucre avec édulcorants., Valeur énergétique en Joules :  700Kj, Valeur énergétique en Kcal : 165Kcal, Glucides : 66,8g, Lipides : 0,1g, Protides :1,5g]|"
56,50€ / Kg"|"
3,39 €"
3978|Chewing gum parfum menthe verte|Le lot de 5 paquets de 28g|[Origine : FRANCE, Sucre, gomme de base, sirop de glucose, arômes, humectant (E422), gélatine, émulsifiant (lécithine de tournesol), agent d'enrobage (E903), exhausteur de goût (aspartame), colorant (E141), antioxygène (E321). Peut contenir : soja. Contient une sourcede phénylalanine., Valeur énergétique en Joules :  1310kj, Valeur énergétique en Kcal : 310kcal, Glucides : 76,3g, Lipides : 0,2g, Protides :0,6g, A conserver dans un endroit frais et sec.]|"
26,43€ / Kg"|"
3,70 €"
3979|Chewing-gum sans sucre avec édulcorant, parfum menthe verte|Le paquet de 84g|[Edulcorant (sorbitol, isomalt, maltitol, sirop de maltitol, aspartame, sucralose, acésulfame k), gomme base, agent de charge (E170), arômes, épaississant (E414), humectant (E422), colorants (E171, E161b, E141, E133), émulsifiant (lécithine de tournesol), agent d'enrobage (E903), antioxydant (E321). Une consommation excessive peut avoir des effets laxatifs. Contient une source de phénylalanine.]|"
40,36€ / Kg"|"
3,39 €"
3980|Chewing gum sans sucres, Fraise onctueuse|Les 2 étuis, 54g|[Origine : FRANCE, Découvrez une expérience de plaisir unique et subtile., Une consommation excessive peut avoir des effets laxatifs., Edulcorants (sorbitol, xylitol, maltitol, sirop de maltitol, aspartame, sucralose, acésulfame k), gomme base, humectant (glycérol), arômes, acidifiants (acide citrique, acide malique), émulsifiants (lécithine de tournesol, E472a), huile végétale, colorant (anthocyanes), antioxygène E321. Contient une source de phénylalanine., Valeur énergétique en Joules :  700kj, Valeur énergétique en Kcal : 170kcal, Glucides : 64,9g, Lipides : 0,6g, Protides :0,5g, A conserver dans un endroit frais et sec.]|"
64,26€ / Kg"|"
3,47 €"
3981|Chewing gum sans sucres, Menthe forte, Power fresh|Les 5 étuis, 72,5g|[Origine : FRANCE, Envie de fraîcheur ? Laissez-vous tenter par Hollywood Powerfresh aux cristaux de menthe., Une consommation excessive peut avoir des effets laxatifs., Edulcorants (sorbitol, maltitol, sirop de maltitol, xylitol, aspartame, acésulfame k), gomme base, arômes, épaississant (gomme arabique), colorants (E171, E133), agent d'enrobage (cire de carnauba), antioxydant (E321). Contient une source de phénylalanine., Valeur énergétique en Joules :  650kj, Valeur énergétique en Kcal : 155kcal, Glucides : 64,5g, Lipides : 0g, Protides :0,2g, A conserver dans un endroit frais et sec.]|"
48,28€ / Kg"|"
3,50 €"
3982|Chewing gum sans sucres, Menthe fraîche, Ice fresh|Les 5 étuis, 72,5g|[Origine : FRANCE, Envie de fraîcheur ? Laissez-vous tenter par Hollywood Icefresh et son parfum menthe fraîche., Une consommation excessive peut avoir des effets laxatifs., Edulcorants (sorbitol, maltitol, sirop de maltitol, mannitol, aspartame, acésulfame K), gomme base, agent de charge (carbonate de calcium), arômes, humectant (glycérol), épaississant (gomme arabique), émulsifiants (E472a, lécithine de tournesol), colorant (E171), agent d'enrobage (cire de carnauba), antioxydant (E321)., Valeur énergétique en Joules :  670kj, Valeur énergétique en Kcal : 160kcal, Glucides : 65,8g, Lipides : 0,1g, Protides :0,4g, A conserver dans un endroit frais et sec.]|"
42,62€ / Kg"|"
3,09 €"
3983|Chewing gum sans sucres, Menthe Fraîche/Menthe Forte|Les 3 boîtes, 66g|[Origine : FRANCE, Découvrez Hollywood 2 Fresh parfum menthe fraîche menthe forte pour une double sensation de fraîcheur !, Une consommation excessive peut avoir des effets laxatifs., Edulcorants (maltitol, sorbitol, sirop de maltitol, aspartame, acésulfame K), gomme base, arômes, humectant (E422), gélatine, émulsifiant (lécithine de tournesol), colorants (E171, E133), agent d'enrobage (E903), épaississant (E466). Contient une source de phénylalanine. Peut contenir des graines de sésame et des traces de fruits à coque., A conserver dans un endroit frais et sec.]|"
41,67€ / Kg"|"
2,75 €"
3984|Chewing gum sans sucres, Menthe fraîche/Réglisse|Les 3 boîtes, 66g|[Origine : FRANCE, Découvrez Hollywood 2 Fresh parfum menthe fraîche réglisse pour une double sensation de fraîcheur !, Une consommation excessive peut avoir des effets laxatifs., Edulcorants (maltitol, sorbitol, sirop de maltitol, aspartame, acésulfame k), gomme base, arômes, humectant (E422), gélatine, émulsifiant (lécithine de tournesol), colorants (E171, E150d), agent d'enrobage (E903), épaississant (E466). Peut contenir des graines de sésame et des traces de fruits à coque. Contient une source de phénylalanine. Sans sucres., Valeur énergétique en Joules :  710kj, Valeur énergétique en Kcal : 170kcal, Glucides : 67,6g, Lipides : 0,3g, Protides :1,5g, A conserver dans un endroit frais et sec.]|"
54,39€ / Kg"|"
3,59 €"
3985|Chewing gum sans sucres, Menthe Verte|Les 5 étuis, 72,5g|[Origine : FRANCE, Parce que votre sourire est important Hollywood a créé Blancheur parfum menthe verte., Une consommation excessive peut avoir des effets laxatifs., Edulcorants (sorbitol, mannitol, xylitol, sirop de maltitol, aspartame, acésulfame k), gomme de base, arômes, agent de charge : carbonate de calcium, épaississant (gomme arabique), émulsifiant (stéarate de sodium), colorant (E171), agent d'enrobage (cire de carnauba), antioxygène (E321). Peut contenir des traces de soja. Contient une source de phénylalanine., Valeur énergétique en Joules :  665kj, Valeur énergétique en Kcal : 160kcal, Glucides : 65,9g, Lipides : 0g, Protides :0,4g, A conserver dans un endroit frais et sec.]|"
49,52€ / Kg"|"
3,59 €"
3986|Chewing gum sans sucres, Menthe verte, Green fresh|Les 5 étuis, 72,5g|[Origine : FRANCE, Envie de fraîcheur ? Laissez-vous tenter par Hollywood Greenfresh et son parfum menthe verte., Une consommation excessive peut avoir des effets laxatifs., Edulcorants (sorbitol, maltitol, mannitol, xylitol, aspartame, acésulfame k, sucralose), gomme base, agent de charge (carbonate de calcium), humectant (glycérol), arômes, épaississant (gomme arabique), émulsifiant (lécithine de tournesol), colorants(E171, E100, E133, E141), agent d'enrobage (cire de carnauba), antioxydant (E321). Contient une source de phénylalanine., Valeur énergétique en Joules :  655kj, Valeur énergétique en Kcal : 155kcal, Glucides : 64,1g, Lipides : 0,1g, Protides :0,4g, A conserver dans un endroit frais et sec.]|"
48,00€ / Kg"|"
3,48 €"
3987|Bonbons caramels enrobés de chocolat noir|Le sachet de 280g|[Origine : FRANCE, Découvrez le subtil mélange du chocolat corsé avec la douceur du caramel. A déguster pour des instants de plaisir., Caramel 75 % : sirop de glucose-fructose de blé, sucre, lait écrémé concentré, graisse végétale (palme), sel, émulsifiants : mono et diglycérides d'acides gras, lécithine de soja, arôme. Chocolat noir d'enrobage 25 % (cacao : 43 % minimum) : sucre, pâte de cacao, beurre de cacao, matière grasse de lait, émulsifiant : lécithine de soja. Traces de fruits à coque., Valeur énergétique en Joules :  1891kj, Valeur énergétique en Kcal : 450kcal, Glucides : 70g, Lipides : 17g, Protides :3,1g, A conserver à l'abri de l'humidité et de la chaleur à une température idéale de 18°C à 20°C.]|"
8,93€ / Kg"|"
2,50 €"
3988|Caramel à tartiner au sel de guerande|Le flacon de 285g|[Origine : FRANCE, Pour des goûters, petits déjeuners. A napper sur un yaourt nature, un fromage blanc ou une faisselle ou bien sur une crêpe, une gaufre, du pain, de la brioche. A mélanger à de la crème anglaise ou à d'autres préparations. En Topping sur des glaces, des sorbets ou des Cupcakes. Lorsque le squeezer est presque terminé, ôtez le bouchon et passer le flacon 10 secondes au micro-ondes afin de le vider complètement., crème fraiche liquide, sucre, sirop de glucose de blé, sel de Guérande 0.4%, arome naturel de vanille. Traces éventuelles de fruits à coque., A conserver à moins de 25 C. / Store at a temperature under 25 C.]|"
15,58€ / Kg"|"
4,44 €"
3989|Chocolat au lait|Le paquet de 280g|[Origine : FRANCE, Une recette unique née d'un mariage surprenant entre un caramel tendre et un chocolat au lait très onctueux., Caramel : 77% (sirop de glucose, sucre, lait écrémé concentré sucré, huile de coprah hydrogénée, émulsifiant E471, sel arôme), chocolat au lait : 23% (sucre, beurre de cacao, lait entier en poudre, pâte de cacao, lactose et protéines de lait, beurreconcentré, arôme, émulsifiant : lécithine de soja). Trace d'arachide, fruits à coque, oeuf, gluten., A conserver dans un endroit frais et sec.]|"
11,14€ / Kg"|"
3,12 €"
3990|Mi-cho-ko, caramels tendres enrobés de chocolat noir|Le sachet de 280g|[Origine : FRANCE, Une recette unique, née d'un mariage surprenant entre un caramel tendre et un chocolat noir intense à 64% de cacao., Caramel : 75% (sirop de glucose, sucre, lait écrémé concentré sucré, huile de coprah hydrogénée, émulsifiant E471, sel), chocolat noir : 25% (pâte de cacao, sucre, beurre de cacao, cacao maigre en poudre, beurre concentré, arôme, émulsifiant (lécithine de soja). Peut contenir des traces de fruits à coque et de blé., Valeur énergétique en Joules :  1925, Valeur énergétique en Kcal : 460, Glucides : 62.2, Lipides : 21.7, Protides :3.7, A conserver dans un endroit frais et sec.]|"
11,68€ / Kg"|"
3,27 €"
3991|Bonbons au beurre et a la crème fraîche|Le sachet de 175g|[Origine : ALLEMAGNE, Depuis des générations, Werther's' original offre des moments exceptionnels, empreints de chaleur et de gourmandise, grâce à ses confiseries de caramel à la qualité largement reconnue. le sachet de 175g offre aux gourmands des bonbons savoureux  au bon goût de caramel, réalisés avec du vrai beurre et de la crème fraîche. les bonbons sont emballés dans des papillotes individuelles, ce sachet est donc idéal pour un partage en famille ou entres amis, Sucre, sirop de glucose, crème (7%), lactosérum concentré sucré, beurre (4,5%), sirop de sucre de canne, sel, graisse butyrique, émulsifiant (lécithine de soja), arôme : vanilline, Protéger de la chaleur et de l'humidité]|"
13,03€ / Kg"|"
2,28 €"
3992|Bonbons au coeur tendre au caramel|Le sachet de 160g|[Origine : FRANCE, Valeur énergétique en Joules :  1715kj, Valeur énergétique en Kcal : 406kcal, Glucides : 81,7g, Lipides : 8,5g, Protides :0,7g]|"
14,94€ / Kg"|"
2,39 €"
3993|Bonbons sans sucres à la crème,goût pomme caramelisée|Le paquet de 42g|[Origine : ALLEMAGNE, Bonbons sans sucres à la crème avec arôme pomme et édulcorants., Une consommation excessive peut avoir des effets laxatifs., IngrÍdients: Isomalt, beurre (7,9%), crÈme (7%), ar«me, acidifiant: acide lactique  Ímulsifiant: lÍcithine  de soja  correcteur d'aciditÍ: lactate de sodium  extrait de plantes (curcuma, paprika), Ídulcorant: acÍsulfame-K. Une consommation excessivepeut avoir des effets laxatifs., Valeur énergétique en Joules :  1214kj, Valeur énergétique en Kcal : 292kcal, Glucides : 87,5g, Lipides : 8,8g, Protides :0,2g, Protéger de la chaleur et de l'humidité.]|"
52,86€ / Kg"|"
2,22 €"
3994|Bonbons sans sucres à la crème avec édulcorants|Le paquet de 42g|[Origine : FRANCE, Peut avoir des effets laxatifs en cas de consommation excessive., Edulcorants (isomalt et acésulfame-k), beurre (7,9%), crème (7%), sel, arôme, émulsifiants (lécithine de soja)., Valeur énergétique en Joules :  1201kj, Valeur énergétique en Kcal : 289kcal, Glucides : 87g, Lipides : 8,8g, Protides :0,2g, Protéger de la chaleur et de l'humidité.]|"
55,48€ / Kg"|"
2,33 €"
3995|Werther's original sans sucre cappuccino|La boîte de 42g|[Origine : ALLEMAGNE, Bonbons sans sucres à la crème et au café avec édulcorants., Une consommation excessive peut avoir des effets laxatifs., IngrÍdients: Isomalt, beurre (5,4%), crÈme (4,7%), ar«me, sel, colorant: caramel ammoniacal  extrait de cafÍ  Ímulsifiant: lÍcithine de soja  Ídulcorant: acÍsulfame-K. Une consommation excessive peut avoir des effets laxatifs., A protéger de la chaleur et de l'humidité.]|"
52,86€ / Kg"|"
2,22 €"
3996|Mini bonbons menthe|Le paquet de 110g|[Origine : FRANCE, Bonbons sans sucres avec édulcorants et aux arômes naturels de menthe.    Même en prenant soin de sa ligne, il faut savoir se faire plaisir. C'est pourquoi Monoprix a développé pour vous des bonbons à teneur réduite en calories., Edulcorants : sirop de maltitol, sucralose - arômes naturels de menthe - colorant : indigotine. Traces de lait et de fruits à coque., Valeur énergétique en Joules :  972 kJ, Valeur énergétique en Kcal : 233 kcal, Glucides : 97.1g, Lipides : 0g, Protides :0g, A conserver à l'abri de la chaleur et de l'humidité.]|"
16,55€ / Kg"|"
1,82 €"
3997|Mini Bonbons Réglisse Sans sucre|Le paquet de 110g|[Origine : FRANCE, Edulcorant : sirop de maltitol, sucralose, arôme naturel, colorant : charbon végétal médicinal, chlorure d'ammonium, Valeur énergétique en Joules :  958Kj, Valeur énergétique en Kcal : 230Kcal, Glucides : 95,6g, Lipides : 0g, Protides :0g]|"
17,45€ / Kg"|"
1,92 €"
3998|Menthe forte, Micro-pastilles parfum menthe sans sucres avec édulcorants|Le paquet 5,7g|[Origine : FRANCE, Micro-pastilles parfum menthe sans sucres., Une consommation excessive peut avoir des effets laxatifs. contient une source de phénylalanine, Edulcorant (sorbitol, aspartame, acésulfame k), arôme, antiagglomérants (e551, e470b). Contient une source de phénylalanine., Valeur énergétique en Joules :  950kj, Valeur énergétique en Kcal : 228kcal, Glucides : 95g, Lipides : 0g, Protides :0g]|"
226,67€ / Kg"|"
1,36 €"
3999|Bonbons sans sucres avec édulcorants, parfum menthe forte|Le lot de 2 boîtes de 17g, soit 34g|[Origine : TURQUIE, Bonbons sans sucres avec édulcorants., Ne convient pas aux enfants de moins de 4 ans. Une consommation excessive peut avoir des effets laxatifs., Edulcorants (isomalt, sucralose, acésulfame k), arômes, colorant (E133)., Valeur énergétique en Joules :  970kj, Valeur énergétique en Kcal : 235kcal, Glucides : 97,1g, Lipides : 0g, Protides :0g, A conserver dans un endroit frais et sec.]|"
62,06€ / Kg"|"
2,11 €"
4000|Bonbons aromatisés à la menthe|Le sachet de 360g|[Quel est le secret du bonbon glaçon Menthe Claire ? Une essence de menthe savoureuse qui vous procurera une véritable sensation de sensation de fraîcheur., Sirop de glucose, sucre, arôme naturel de menthe. Menthe naturelle.  Sans colorant.]|"
5,33€ / Kg"|"
1,92 €"
4001|Gom's à la menthe et eucalyptus|Le sachet de 300g|[Origine : FRANCE, L'association de cette texture irrésistible et des saveurs subtiles de plantes et de fruits procure un goût et une douceur unique.La Pie qui Chante a tiré profit de plus de 30 ans de savoir-faire pour créer Gom's, un bonbon composé de gomme d'acacia,un ingrédient d'origine naturelle., Sirop de glucose, sucre, gélifiant (Gomme d'acacia (10%)), Gélatine, colorants (E161b, E133), arômes., Valeur énergétique en Joules :  1385, Valeur énergétique en Kcal : 325, Glucides : 72,2g, Lipides : 0g, Protides :9,3g, A conserver dans un endroit frais et sec.]|"
6,90€ / Kg"|"
2,07 €"
4002|Luttimint sans sucre|Le paquet de 70g|[Origine : FRANCE, Découvrez LuttiMint sans sucres, un délicieux bonbon fraîcheur unique avec seulement 10 calories par bonbon. Même goût, même plaisir mais sans sucres !, Edulcorants : sirop de maltitol, maltitol, arômes naturels, édulcorants : acésulfame K, sucralose, colorants : E120, E132. Une consommation excessive peut avoir des effets laxatifs.]|"
23,57€ / Kg"|"
1,65 €"
4003|Bonbons suisses aux plantes sans sucres avec édulcorants|Le paquet de 50g|[Origine : SUISSE, Ricola Menthe des Montagnes contient le fameux et délicieux mélange de 13 plantes des montagnes suisses., Une consommation excessive peut avoir des effets laxatifs., Isomalt, extraits (0,4%) de menthe et du mélange de 13 plantes Ricola, sorbitol, édulcorants (aspartame, acésulfame-k), menthol, arôme naturel de menthe douce, colorant (E141). Contient une source de phénylalanine., Valeur énergétique en Joules :  980kj, Valeur énergétique en Kcal : 235kcal, Glucides : 98g, Lipides : 0g, Protides :0g]|"
39,80€ / Kg"|"
1,99 €"
4004|Bonbon suisse aux plantes sans sucre avec extrait de plante de stévia, un édulcorant d'origine naturelle|La boîte de 50g|[Origine : SUISSE, Avec extrait de Stevia pour un goût naturellement sucré. L'extrait de plante de Stevia a un haut pouvoir sucrant, environ 300 fois supérieur à celui du sucre et naturellement sans calorie. Gourmand, rafraîchissant., Isomalt, extrait (2,1%) de réglisse, sorbitol, extrait (0,5%) du mélange de 13 plantes Ricola, graisse végétale hydrogénée, chlorure dammonium, colorant (caramel ordinaire), édulcorant (glycosides de stéviol), arôme naturel danis étoilé, émulsifiant (lécithine de soja), menthol, arôme naturel de menthes.  Sans sucres.]|"
45,80€ / Kg"|"
2,29 €"
4005|Pastille à la menthe|La sachet de 230g|[Origine : FRANCE, La pastille Vichy contient des sels minéraux extraits des eaux de Vichy. Délicatement parfumée à la menthe, la pastille Vichy vous apporte une agréable sensation de fraîcheur., Sucre, agent d'enrobage (sel de magnésium d'acides gras), sels minéraux des eaux de Vichy 0,3%, arôme naturel, sirop de glucose.]|"
6,65€ / Kg"|"
1,53 €"
4006|Pastilles à la menthe sans sucres, avec édulcorants|Le paquet de 3 étui de 19g, soit 57g|[Origine : FRANCE, Valeur énergétique en Joules :  990kj, Valeur énergétique en Kcal : 240kcal, Glucides : 99g, Lipides : 0g, Protides :0,1g]|"
42,11€ / Kg"|"
2,40 €"
4007|Bonbons acidulés multifruits au cassis, citron, fraise, poire et orange|Le paquet de 250g|[Origine : FRANCE, Parfums cassis, citron, fraise, poire, orange., Sirop de glucose de blé (dont conservateur : anhydride sulfureux), sucre, acidifiant : acide lactique, correcteur d'acidité : lactate de sodium, arômes, colorants : complexes cuivre-chlorophyllines, extrait de paprika, lutéine, anthocyanes. Traces defruits à coque et de lait., Valeur énergétique en Joules :  1581Kj, Valeur énergétique en Kcal : 372Kcal, Glucides : 93g, Lipides : <0,1g, Protides :0g, A conserver à l'abri de l'humidité et de la chaleur.]|"
8,40€ / Kg"|"
2,10 €"
4008|Bonbons tendres multifruits, parfums cassis, citron, fraise, framboise et orange|Le paquet de 250g|[Origine : FRANCE, Parfums : cassis, citron, fraise, framboise, orange., Sirop de glucose de blé, sucre, graisse végétale hydrogénée, gélatine de porc, acidifiant : acide citrique, émulsifiants : lécithine de colza, mono et diglycérides d'acide gras, arômes, colorants : anthocyanes, extrait de paprika, curcumine., Valeur énergétique en Joules :  1663Kj, Valeur énergétique en Kcal : 393Kcal, Glucides : 81g, Lipides : 6,9g, Protides :1,8g, A conserver à l'abri de l'humidité et de la chaleur.]|"
6,40€ / Kg"|"
1,60 €"
4009|Confiseries gélifiées aromatisées|Le paquet de 200g|[Origine : FRANCE, Confiseries gélifiées aromatisées., Sucre, sirop de glucose de blé, amidons de maïs et de pomme de terre, gélatine de boeuf, acidifiants : acide citrique et acide malique, correcteur d'acidité : malates de sodium, colorants : bleu patenté v et anthocyanes, arôme naturel, arôme, amidonde blé., Valeur énergétique en Joules :  1496kj, Valeur énergétique en Kcal : 352kcal, Glucides : 86g, Lipides : 0g, Protides :2g, A conserver à l'abri de la chaleur et de l'humidité.]|"
6,15€ / Kg"|"
1,23 €"
4010|Les colas, confiserie gélifiée aromatisée|Le paquet de 200g|[Origine : FRANCE, Sirop de glucose, sucre, eau, gélatine de porc, acidifiants : acide citrique, acide lactique, amidon transformé, arôme, colorant : caramel ordinaire, amidon de blé., Valeur énergétique en Joules :  1425kj, Valeur énergétique en Kcal : 335kcal, Glucides : 79g, Lipides : 0g, Protides :4,8g, A conserver à l'abri de la chaleur et de l'humidité.]|"
6,35€ / Kg"|"
1,27 €"
4011|Les dinozors, confiserie gélifiée aromatisée|Le paquet de 200g|[Origine : FRANCE, Sirop de glucose, sucre, eau, gélatine de porc, acidifiant : acide citrique, arôme, huile végétale, agent d'enrobage : cire de carnauba, colorants : chlorophylles, curcumine, extrait de paprika, anthocyanes, amidon de blé., Valeur énergétique en Joules :  1403kj, Valeur énergétique en Kcal : 330kcal, Glucides : 77g, Lipides : 0,1g, Protides :5,3g, A conserver à l'abri de la chaleur et de l'humidité.]|"
4,00€ / Kg"|"
0,80 €"
4012|Les fraises, confiseries gélifiées aromatisées|Le sachet de 200g|[Origine : FRANCE, Sucre, sirop de glucose, eau, gélatine de porc, acidifiant : acide citrique, arôme, colorants : extrait de paprika, anthocyanes, amidon de blé., Valeur énergétique en Joules :  1459kj, Valeur énergétique en Kcal : 343kcal, Glucides : 83g, Lipides : 0g, Protides :2,8g, A conserver à l'abri de la chaleur et de l'humidité.]|"
3,40€ / Kg"|"
0,68 €"
4013|Les frites, confiseries gélifiées aromatisées|Le paquet de 200g|[Origine : FRANCE, Sirop de glucose, sucre, eau, gélatine de porc, acidifiant : acide citrique, arômes, colorants : chlorophylles, curcumine, extrait de paprika, anthocyanes, amidon de blé., Valeur énergétique en Joules :  1435kj, Valeur énergétique en Kcal : 338kcal, Glucides : 78g, Lipides : 0g, Protides :6,4g, A conserver à l'abri de la chaleur et de l'humidité.]|"
6,15€ / Kg"|"
1,23 €"
4014|Les oursons, confiseries gélifiée aromatisée|Le paquet de 200g|[Origine : FRANCE, Sirop de glucose, sucre, eau, gélatine de porc, acidifiant : acide citrique, arômes, huile végétale, agent d'enrobage : cire de carnauba, colorants : chlorophylles, curcumine, cochenille, caramel ordinaire, extrait de paprika, amidon de blé., Valeur énergétique en Joules :  1403kj, Valeur énergétique en Kcal : 330kcal, Glucides : 77g, Lipides : 0,1g, Protides :5,3g, A conserver à l'abri de la chaleur et de l'humidité]|"
5,30€ / Kg"|"
1,06 €"
4015|Les oursons guimauves fantaisies enrobées de chocolat au lait|Le sachet de 200g|[Origine : FRANCE, Chocolat au lait 33% (sucre, beurre de cacao, poudre de lait entier, pâte de cacao, poudre de lait écrémé, émulsifiant : lécithine de soja), sirop de glucose-fructose de blé, sucre, eau, gélatine de porc, stabilisant : sorbitol de blé, protéines de lait hydrolysées, arôme. Cacao : 30% minimum dans le chocolat., Valeur énergétique en Joules :  1660kj, Valeur énergétique en Kcal : 394kcal, Glucides : 68g, Lipides : 11g, Protides :5,4g, A conserver à l'abri de l'humidité et de la chaleur à une température idéale de +18°C à +20°C.]|"
7,80€ / Kg"|"
1,56 €"
4016|Mini biscuits en forme d'animaux nappés de chocolat au lait|Le paquet de 110g|[Origine : ROYAUME UNI]|"
17,36€ / Kg"|"
1,91 €"
4017|Carambar atomic|Le sachet de 220g|[Origine : FRANCE, Confiseries aromatisées - parfums assortis., Sucre, sirop de glucose, graisse de coprah totalement hydrogénée, acidifiants (acide citrique, acide tartrique), gélatine, arômes, émulsifiant (E473), colorants (E163, E161b, E133). Peut contenir noisettes et lait., Valeur énergétique en Joules :  1665kj, Valeur énergétique en Kcal : 395kcal, Glucides : 84g, Lipides : 6,3g, Protides :0,5g, A conserver dans un endroit frais et sec.]|"
13,41€ / Kg"|"
2,95 €"
4018|Carambar family|Le sachet de 450g|[Origine : FRANCE, Confiseries aromatisées - Parfums assortis., Sirop de glucose, sucre, lait écrémé concentré sucré, huile de noix de coprah totalement hydrogénée, acide (acide citrique), gélatine, cacao fortement dégraissé, colorants (E150d, E163, E161b), noisettes, correcteur d'acidité (E500), sel, émulsifiant(E471), arômes. Peut contenir des fruits à coque., Valeur énergétique en Joules :  1655kj, Valeur énergétique en Kcal : 390kcal, Glucides : 82,5g, Lipides : 5,9g, Protides :1,5g, A conserver dans un endroit frais et sec.]|"
6,91€ / Kg"|"
3,11 €"
4019|Confiserie aromatisées|Le sachet de 220g|[Confiserie aromatisées : parfum pomme., Sucre, sirop de glucose, huile de coprah totalement hydrogénée, acidifiants (acide citrique, acide tartrique), gélatine, arôme, colorants (E161b, E133), émulsifiants (E471, E473), huile de colza., Valeur énergétique en Joules :  1665kj, Valeur énergétique en Kcal : 395kcal, Glucides : 85g, Lipides : 5,2g, Protides :0,7g, A conserver dans un endroit frais et sec.]|"
12,45€ / Kg"|"
2,74 €"
4020|Confiserie aromatisées atomic fruizz|Le sachet de 220g|[Confiseries aromatisées - Parfums assortis., Sucre, sirop de glucose, huile de coprah totalement hydrogénée, acidifiants (acide citrique, acide tartrique), gélatine, colorants (E163, E160c, E161b, E133), arômes, émulsifiant (E473), huile de colza., Valeur énergétique en Joules :  1695kj, Valeur énergétique en Kcal : 400kcal, Glucides : 84g, Lipides : 6,2g, Protides :0,5g, A conserver dans un endroit frais et sec.]|"
12,45€ / Kg"|"
2,74 €"
4021|Fruits, confiserie aromatisée citron, fraise, orange, framboise|Le sachet de 320g|[Origine : FRANCE, Arômes naturels., Sirop de glucose, sucre, huile de coprah hydrogénée, acidifiant : acide citrique, gélatine, arômes, émulsifiant : E471, colorants : E163, E161b, E160c, E153. Peut contenir : noisettes, lait., A conserver dans un endroit frais et sec.]|"
7,91€ / Kg"|"
2,53 €"
4022|Mystery, parfums assortis|Le sachet de 220g|[Origine : FRANCE, Confiseries aromatisées - parfums assortis., Sucre, sirop de glucose, huile de coprah totalement hydrogénée, acidifiants (acide citrique, acide tartrique), gélatine, émulsifiants (E471, E473), arômes, colorants (E163, E160c, E161b, E133), huile de tournesol. Peut contenir noisettes, lait., Valeur énergétique en Joules :  1675kj, Valeur énergétique en Kcal : 395kcal, Glucides : 85g, Lipides : 5,2g, Protides :0,6g, A conserver dans un endroit frais et sec.]|"
12,95€ / Kg"|"
2,85 €"
4023|Guimauve fantaisie enrobée de chocolat au lait|Le sachet de 180g|[Origine : FRANCE, Retrouvez le plaisir de la véritable recette du Petit Ourson en guimauve enrobée d'une fine couche de bon chocolat au lait.C'est le complice de notre enfance que l'on achète à la sortie de l'école., Sirop de glucose-fructose, sucre, eau, beurre de cacao, poudre de lait (4,2%), pâte de cacao, gélatine, lactosérum en poudre, émulsifiant : lécithine de soja, arômes. Peut contenir des traces de gluten et de fruits à coque., Valeur énergétique en Joules :  1521Kj, Valeur énergétique en Kcal : 361Kc, Glucides : 66g, Lipides : 9.4g, Protides :3.9g]|"
11,17€ / Kg"|"
2,01 €"
4024|Guimauve ourson fantaisie enrobée de chocolat au lait|Le pot de 170g|[Origine : FRANCE, Ce mini ourson tendre, avec sa délicieuse guimauve enrobée d'un bon chocolat au lait, vous fera fondre de plaisir., Sirop de glucose-fructose, sucre, eau, beurre de cacao, poudre de lait entier 4,2%, pâte de cacao, gélatine, stabilisant : sirop de sorbitol, lactosérum en poudre, pectine, émulsifiant : lécithine de tournesol, arômes., Valeur énergétique en Joules :  1306kj, Valeur énergétique en Kcal : 310kcal, Glucides : 53g, Lipides : 9,4g, Protides :3,1g, A conserver à l'abri de l'humidité et de la chaleur (18°C à 20°C).]|"
18,24€ / Kg"|"
3,10 €"
4025|Assortiment de sucettes|Le sachet de 180g|[Origine : FRANCE, Sucettes aux gouts assortis: fraise, pomme, orange et cola -  Ingrédients (pour sucettes gouts fraise, pomme, et orange) :  Sucre, sirop de glucose, purée de fruits (3%) (pomme, cerise, framboise, ananas, citron vert, citron, fraise, pêche, banane, orange, myrtille, mure, mangue, pastèque, kiwi), acidifiants (acide citrique, acide malique, acide lactique) aromes, colorants (E162, E100, E160c). Peut contenir des traces de lait.  Ingrédients (pour sucettes gout cola) :  Sucre, sirop de glucose, acidifiants (acide citrique, acide malique, acide lactique), aromes, colorant ( E150d). Peut contenir des traces de lait., Valeur énergétique en Joules :  390, Valeur énergétique en Kcal : 1656, Glucides : 96,3, Lipides : 0,02]|"
17,44€ / Kg"|"
3,14 €"
4028|Assortiment de sucettes au cola, lait et fruits, 0% de mat. Gr.|Le sachet de 192g|[Origine : FRANCE, Assortiment : pomme, fraise, coca, lait fraise., Ingrédients (pour sucettes gout fraise et pomme): sucre, sirop de glucose, purée de fruit (pomme, cerise, framboise, ananas, citron vert, citron, fraise, pêche, banane, orange, myrtille, mure, mangue, pastèque, kiwi) (3%), acidifiants (acide lactique, acide malique, acide citrique), aromes, colorants (E100,E162) Ingrédients (pour sucette gout cola) : sucre, sirop de glucose, acidifiants (acide lactique, acide malique, acide citrique), aromes, extrait de malt (d'orge) Ingrédients (pour sucette gout lait fraise) : sucre, sirop de glucose, lactosérum en poudre,  purée de fruit (pomme, cerise, framboise, ananas, citron vert, citron, fraise,pêche, banane, orange, myrtille, mure, mangue, pastèque, kiwi) (3%), lait en poudre écrémé (2%), inuline,aromes, sel, colorant (E162), Valeur énergétique en Joules :  386, Valeur énergétique en Kcal : 1640, Glucides : 96, Lipides : 0,3]|"
14,53€ / Kg"|"
2,79 €"
4029|Bonbons super acides aux goûts fruits et cola|Le sachet de 220g|[Origine : FRANCE, Confiserie gélifiée acidulée. Avec Lolly, retrouve tes sucettes préférées en bonbons super acides aux goûts fruits et cola., Sucre, sirop de glucose, amidon modifié, gélatine, acidifiants (acide citrique, acide malique, acide lactique), jus de citron 3%, huile végétale hydrogénée, sirop de sucre caramélisé, extrait d'épinard et d'ortie, arômes naturels, colorants (carmins,curcumine). Contient des sulfites., Valeur énergétique en Joules :  1415kj, Valeur énergétique en Kcal : 335kcal, Glucides : 75g, Lipides : 0,4g, Protides :5g]|"
10,68€ / Kg"|"
2,35 €"
4030|Confiserie gélifiée|Le paquet de 220g|[Origine : FRANCE, Les mini sucettes extra tendres pour voir la vie en rose ! Goût fraise., Sirop de glucose, sucre, gélatine, jus de fraise (3%), acidifiant (acide citrique), gélifiant (pectine), concentrés de fruits et plantes (carotte, violette, cassis), arômes naturels. Contient des sulfites. Couleurs d'origine naturelle., Valeur énergétique en Joules :  1445kj, Valeur énergétique en Kcal : 340kcal, Glucides : 80g, Lipides : 0g, Protides :4g]|"
10,23€ / Kg"|"
2,25 €"
4031|Confiserie gélifiée goût fraise, citron framboise, poire, orange , pêche|Le paquet de 250g|[Origine : FRANCE, C'est nous M. et Mme Patate avec nos accessoires préférés : des mini bonbons goûts fruits pour les plus petits. Goûts fraise, citron, framboise, orange, poire, pêche., Sirop de glucose, sucre, gélatine, jus de fruits (citron, pêche, orange, framboise, fraise) (3%), acidifiant (acide citrique), concentrés de fruits et plantes (citron, carthame), arômes naturels, colorants (chlorophylles, carmins, curcumine, anthocyanes), agents d'enrobage (huile végétale, cire de carnauba). Contient des sulfites. Couleurs d'origine naturelle., Valeur énergétique en Joules :  1380kj, Valeur énergétique en Kcal : 325kcal, Glucides : 73g, Lipides : 0,2g, Protides :7g]|"
9,00€ / Kg"|"
2,25 €"
4032|Mini sucettes colors|Le sachet 180g|[Origine : ESPAGNE, Mini sucettes qui colorent la langue aux couleurs d'origine naturelle., Sucre, sirop de glucose, acidifiants (acide citrique, acide malique, acide lactique), purée de fruit (pomme, citron vert, fraise, cerise, ananas, orange, citron, pêche, myrtille, framboise, banane, mûre, pastèque, kiwi, mangue) (3%), colorants (carmins, E100, E153), arômes, émulsifiant (lécithine de soja). Peut contenir des traces de lait., Valeur énergétique en Joules :  1628kj, Valeur énergétique en Kcal : 383kcal, Glucides : 94,5g, Lipides : 0g, Protides :0g]|"
17,11€ / Kg"|"
3,08 €"
4033|Mini sucettes goût orange, fraise et cola|Le paquet de 5|[Origine : FRANCE, Goût fraise et orange : sucre, sirop de glucose, purée de fruit (pomme, cerise, framboise, ananas, citron vert, citron, fraise, pêche, banane, orange, myrtille, mûre, mangue, pastèque, kiwi (3%), acidifiants (acide lactique, acide malique, acide citrique), arômes, colorants (E160c, E162). Goût cola : sucre, sirop de glucose, acidifiants (acide lactique, acide malique, acide citrique), arômes, colorant (E150d).]|"
42,67€ / Kg"|"
1,28 €"
4034|Sucettes goût fruits pomme-orange, cerise-cola, fraise-citron|Le sachet de 192g|[Origine : ESPAGNE, Sucettes goûts fruits assortis : pomme-orange, cerise-cola et fraise-citron., Malgré tous les soins que Chupa Chups apporte à la fabrication de ce produit, lassortiment de parfums dans ce sachet ne peut pas être garanti à 100%.]|"
16,04€ / Kg"|"
3,08 €"
4035|Blanc de poulet, doré au four|Les 4 tranches, 160g|[Origine : FRANCE, Lait pasteurisÍ, sel, Penicillium roqueforti, ferments lactiques, Valeur énergétique en Joules :  448kj, Valeur énergétique en Kcal : 106kcal, Glucides : 1g, Lipides : 2g, Protides :21g]|"
15,75€ / Kg"|"
2,52 €"
4036|Mini pastille du mineur, sans sucres, aux extraits naturels de plantes|Le paquet de 100g|[Origine : FRANCE, Sans sucres, toujours aussi rafraîchissante, la mini pastille du Mineur conserve son goût d'origine. Alors régalez vous et dégustez-la en toute circonstance !A la fois gourmandes et créatives, ces confiseries sont le fruit d'un savoir-faire unique animé par la passion du métier, la générosité et le plaisir partagé., Une consommation excessive peut avoir des effets laxatifs, Edulcorants : sirop de maltitol (blé), sucralose, extraits de plantes, arômes naturels, colorant : charbon végétal médicinal. Peut contenir lait, fruits à coque., Valeur énergétique en Joules :  970kj, Valeur énergétique en Kcal : 235kcal, Glucides : 96,9g, Lipides : 0g, Protides :0g]|"
21,80€ / Kg"|"
2,18 €"
4037|Mini violettes sans sucres|Le paquet de 100g|[Origine : FRANCE, Découvrez toute la douceur et le raffinement des saveurs acidulées de votre enfance avec ce mini bonbon sans sucres au goût violette. Toujours aussi pétillante & acidulée, la mini Violette sans sucres conserve son goût d'origine. Sa composition sanssucres et son mini format la rendent peu calorique, seulement 6 kcal par bonbon. La nouvelle recette est à base de maltitol qui n'abime pas les dents. Et de plus, elle est formulée sans aspartame., Edulcorants, sirop de maltitol (blé), sucralose, acidifiant : acide citrique, arôme, colorants : E151, E163. Peut contenir : lait, fruits à coque., Valeur énergétique en Joules :  976kj, Valeur énergétique en Kcal : 234kcal, Glucides : 95,3g, Lipides : 0g, Protides :0g]|"
20,40€ / Kg"|"
2,04 €"
4038|Bonbons Happy Box|La boîte de 600g|[Origine : FRANCE, Avec tes stars préférées !, Sirop de glucose, sucre, dextrose, gélatine, amidon, acidifiant : acide citrique, arômes, concentrés de fruits et de plantes (pomme, kiwi, épinard, ortie, carthame, spiruline), extrait de fruit (caroube), sirop de sucre inverti, sirop de caramel, correcteur d'acidité : citrate monosodique, colorants : curcumine, carmins, charbon végétal, carotènes mélangés, lutéine, anthocyanes, bleu patenté V, agents d'enrobage : cire d'abeille, cire de carnauba., Valeur énergétique en Joules :  1470Kj, Valeur énergétique en Kcal : 345Kcal, Glucides : 81,3g, Lipides : 0g, Protides :4,1g]|"
8,83€ / Kg"|"
5,30 €"
4039|Chamallows, confiserie guimauve|Le paquet de 200g|[Origine : FRANCE, Haribo, qui aime les grands et les petits, recommande aux mamans de tenir ce sachet hors de portée des enfants de moins de trois ans car ces gros bonbons tendres peuvent être dangereux pour de petites bouches., Valeur énergétique en Joules :  0, Valeur énergétique en Kcal : 0, Glucides : 0, Lipides : 0, Protides :0, Sirop de glucose, sucre, eau, gélatine, stabilisant : sirop de sorbitol, maltodextrine, amidon, acidifiant : acide citrique, arôme, colorants : E120, E122.]|"
13,90€ / Kg"|"
2,78 €"
4040|Confiserie assortie|Le sachet de 275g|[Origine : FRANCE, Confiserie assortie., Sirop de glucose, sucre, dextrose, gélatine, amidon, acidifiants : acide citrique, acide malique, arômes, concentré de fruits et de plantes (pomme, kiwi, épinard, ortie), extrait de fruit (caroube), sirop de sucre inverti, sirop de caramel, correcteurs d'acidité : citrate monosodique, malates de sodium, colorants : curcumine, carmins, charbon végétal, carotènes mélangés, lutéine, anthocyanes, bleu patenté v, agents d'enrobage : cire d'abeille, cire de carnauba., Valeur énergétique en Joules :  1470kj, Valeur énergétique en Kcal : 345kcal, Glucides : 81,3g, Lipides : 0g, Protides :4,1g]|"
7,31€ / Kg"|"
2,01 €"
4041|Confiserie fantaisie|Le sachet de 275g|[Origine : FRANCE, Maxi sensations ! Haribo, pour les grands et les petits., Sirop de glucose, sucre, gélatine, dextrose, acidifiants : acide citrique, acide malique, agent d'enrobage : cire de carnauba, correcteurs d'acidité : citrates de calcium, malates de sodium, arôme, colorants : carmins, bleu patenté V, lutéine., Valeur énergétique en Joules :  1460kj, Valeur énergétique en Kcal : 340kcal, Glucides : 80g, Lipides : 0g, Protides :6,0g]|"
7,56€ / Kg"|"
2,08 €"
4042|Confiserie fantaisie acidifiée|Le paquet 275g|[Origine : FRANCE, Confiserie fantaisie acidifiée., Sirop de glucose, sucre, gélatine, dextrose, acidifiants : acide citrique, acide malique, agent d'enrobage : cire de carnauba, correcteurs d'acidité : citrates de calcium, malates de sodium, arômes, concentré de fruits et de plantes (citron, carthame), sirop de sucre inverti, colorants : carmins, bleu patenté V, carotènes mélangés, lutéine, anthocyanes., Valeur énergétique en Joules :  1460kj, Valeur énergétique en Kcal : 340kcal, Glucides : 80g, Lipides : 0g, Protides :6g]|"
8,04€ / Kg"|"
2,21 €"
4043|Confiserie fantaisie croco|Le sachet de 275g|[Origine : FRANCE, Pulpe de tomates fraîches avec morceaux et purées de tomates fraîches (83%), légumes frais 9% (carottes fraîches, oignons frais), plantes aromatiques, sel, huile d'olive vierge extra, huile de tournesol, sucre, amidon de riz, ail. Sans conservateur,ni colorant., Valeur énergétique en Joules :  1460kj, Valeur énergétique en Kcal : 340kcal, Glucides : 80g, Lipides : 0g, Protides :6g]|"
7,09€ / Kg"|"
1,95 €"
4044|Confiserie gélifiée acidifiée|Le paquet de 250g|[Origine : FRANCE, Confiserie gélifiée acidifiée., Sirop de glucose, sucre, gélatine, dextrose, acidifiants : acide citrique, acide malique, agent d'enrobage : cire de carnauba, correcteurs d'acidité : citrates de calcium, malates de sodium, arômes, concentré de fruits et de plantes (pomme, kiwi, épinard, ortie), extrait de fruit  (caroube), sirop de sucre inverti, colorant : carmins., Valeur énergétique en Joules :  1460kj, Valeur énergétique en Kcal : 340kcal, Glucides : 80g, Lipides : 0g, Protides :6,0g]|"
8,08€ / L"|"
2,02 €"
4045|Confiserie gélifié fantaisie|Le sachet de 300g|[Origine : FRANCE, Confiserie gélifiée fantaisie., Sucre, sirop de glucose, gélatine, acidifiant : acide citrique, arôme, concentré de fruits et de plantes (citron, carthame), sucre inverti., Valeur énergétique en Joules :  1550kj, Valeur énergétique en Kcal : 360kcal, Glucides : 88g, Lipides : 0g, Protides :3g]|"
6,03€ / Kg"|"
1,81 €"
4046|Confiserie gélifié fantaisie croco|La boîte de 210 pièces|[Origine : FRANCE, Sirop de glucose, sucre, dextrose, gélatine, acidifiant : acide citrique, concentrés de fruits et de plantes (carthame, spiruline, pomme), sirop de sucre inverti, arômes, colorants : carmins, lutéine, agents denrobages : cire d'abeille, cire de carnauba.  Colorants d'origine naturelle.]||"
7,17 €"
4047|Confiserie gélifié fantaisie tagada l'originale|La boîte de 210 pièce|[Origine : FRANCE, Sucre, sirop de glucose, gélatine, acidifiant : acide citrique, arôme, colorants : curcumine, carmins, carotènes végétaux.  Colorants d'origine naturelle.]||"
7,17 €"
4048|Menthe extra frais sans sucres, Pastille avec édulcorants|Le paquet de 3 sachets, 75g|[Origine : FRANCE, Ne pas donner aux enfants de moins de 5 ans Contient une source de phénylalanine. Une consommation excessive peut avoir des effets laxatifs., Edulcorants : sorbitol, aspartame, arôme : huile de menthe naturelle, antiagglomérant : stéarate de magnésium. Contient une source de phénylalanine., Valeur énergétique en Joules :  1005kj, Valeur énergétique en Kcal : 241kcal, Glucides : 98,41g, Lipides : 0,57g, Protides :0g]|"
51,60€ / Kg"|"
3,87 €"
4049|Original Extra Fort, Pastilles eucalyptus menthol|Le paquet de 3 sachets, 75g|[Origine : FRANCE, Bienfaisantes et efficaces., Ne pas donner aux enfants de moins de 5 ans., Sucre, arômes : poudre de réglisse, menthol, huile d'eucalyptus, capsantéine, dextrine : épaississant : gomme adragante., Valeur énergétique en Joules :  1580kj, Valeur énergétique en Kcal : 380kcal, Glucides : 95g, Lipides : traces, Protides :traces]|"
52,13€ / Kg"|"
3,91 €"
4050|Original extra fort sans sucres ajoutés, Pastilles Eucalyptus menthol|La boite de 3 sachet, 75g|[Origine : FRANCE, Valeur énergétique en Joules :  1041kj, Valeur énergétique en Kcal : 249kcal, Glucides : 96,93g, Lipides : 0,69g, Protides :0,32g]|"
50,00€ / Kg"|"
3,75 €"
4051|Réglisse extra fort, Pastilles sans sucres, avec édulcorants|La boite de 3 sachets, 75g|[Origine : FRANCE, Valeur énergétique en Joules :  1044kj, Valeur énergétique en Kcal : 250kcal, Glucides : 96,57g, Lipides : 1,32g, Protides :0,26g]|"
53,73€ / Kg"|"
4,03 €"
4052|Menthe extra forte, Micro-pastilles parfum menthe forte sans sucres avec édulcorants|Le paquet de 5,7g|[Origine : FRANCE, Valeur énergétique en Joules :  945kj, Valeur énergétique en Kcal : 227kcal, Glucides : 94,5g, Lipides : 0g, Protides :0g]|"
253,33€ / Kg"|"
1,52 €"
4053|Refreshing power mints, peppermint|Le paquet de 100 mints|[Origine : FRANCE, Une consommation excessive peut avoir des effets laxatifs., Edulcorants (sorbitol, aspartame, acésulfame K), arômes, antiagglomérants (dioxyde de silicium, sel de magnésium d'acides gras). Contient une source de phénylalanine. Sans sucre., Valeur énergétique en Joules :  950kj, Valeur énergétique en Kcal : 230kcal, Glucides : 94g, Lipides : 0g, Protides :0g]|"
205,00€ / Kg"|"
2,87 €"
4054|Expresso, Bonbons au café avec édulcorants, Sans sucres|Le paquet de 49g|[Origine : FRANCE, Découvrez la saveur intense d'un bonbon au vrai café. 33% de calories en moins comparé aux bonbons traditionnels.Confectionné à base d'isomalt : l'origine naturelle de l'isomalt est la betterave à sucre. N'abime pas les dents. Contient du vrai café., Une consommation excessive peut avoir des effets laxatifs, Edulcorants : isomalt, acesulfame k, crème, beurre, café (2,5%), agent de charge : polydextrose, émulsifiant : lécithine (de soja), sel, colorant : e150d, arômes. Sans sucres., Valeur énergétique en Joules :  1143kj, Valeur énergétique en Kcal : 275kcal, Glucides : 86,8g, Lipides : 7,2g, Protides :0,1g]|"
50,20€ / Kg"|"
2,46 €"
4055|Confiserie fantaisie acidifiée|Le sachet de 200g|[Origine : FRANCE]|"
9,85€ / Kg"|"
1,97 €"
4056|Confiserie fantaisie acidifiée the pik box|La boîte de 600g|[Origine : FRANCE]|"
9,25€ / Kg"|"
5,55 €"
4057|Confiserie guimauve  fantaisie|Le sachet de 175g|[Origine : FRANCE, Confiserie guimauve fantaisie contenant 16% de préparation à la framboise., Haribo qui aime les grands et les petits, recommande de tenir ce sachet hors de portée des enfants de moins de trois ans car ces gros bonbons tendres peuvent être dangereux pour de petites bouches., Tenir à l'abri de la chaleur et de l'humidité.]|"
11,54€ / Kg"|"
2,02 €"
4058|Dragibus, bonbons dragéifiés|Le sachet de 250g|[Origine : FRANCE, Haribo, c'est beau la vie, pour les grands et les petits !Colorants d'origine naturelle., Sucre, sirop de glucose, amidon, acidifiant : acide citrique, correcteur d'acidité : citrate monosodique, arômes, concentré de fruits et de plantes (carthame, spiruline),  colorants : anthocyanes, caroténoïdes mélangés, charbon végétal, curcumine, sucre inverti, agent d'enrobage : cire de carnauba.]|"
7,72€ / Kg"|"
1,93 €"
4059|Dragibus, bonbons dragéifiés|Le sachet de 250g|[Origine : FRANCE, Mix de couleurs, max de saveurs., Sirop de glucose, sucre, amidon, dextrose, acidifiant : acide citrique, correcteur d'acidité : citrate monosodique, arômes, colorants : curcumine, carmins, bleu patenté V, anthocyanes, agent d'enrobage : cire de carnauba., Valeur énergétique en Joules :  1610kj, Valeur énergétique en Kcal : 380kcal, Glucides : 94g, Lipides : 0g, Protides :0,5g]|"
7,36€ / Kg"|"
1,84 €"
4060|Dragibus soft, confiserie dragéifiée fantaisie|Le sachet de 300g|[Origine : FRANCE, Haribo, c'est beau la vie, pour les grands et les petits.Colorants d'origine naturelle., Sirop de glucose, sucre, amidon, dextrose, acidifiant : acide citrique, correcteur d'acidité : citrate monosodique, arômes, concentré de fruits et de plantes (carthame, spiruline). Colorants: anthocyanes, caroténoïdes mélangés, charbon végétal, curcumine, sucre inverti, agents d'enrobage : cire de carnauba. Colorants d'origine naturelle.]|"
4,13€ / Kg"|"
1,24 €"
4061|Miami pik|Le paquet de 200g|[Origine : FRANCE, 4 goûts : fraise, mûre, pomme et citron., Sucre, sirop de glucose fructose, amidon de maïs, humectant : sirop de sorbitol, farine de blé, acidifiants : acide citrique, acide malique, agent d'enrobage : cire de carnauba, émulsifiant : mono- et di glycérides d'acides gras, concentrés de fruitset plantes (cassis, baie de sureau, aronie, raisin), extrait de baie de sureau, colorants : curcumine, bleu patente V, arômes., Valeur énergétique en Joules :  1386kj, Valeur énergétique en Kcal : 326kcal, Glucides : 73,8g, Lipides : 0,88g, Protides :0,7g]|"
8,80€ / Kg"|"
1,76 €"
4062|Tagada purple intense|Le paquet de 250g|[Origine : FRANCE, Goût intense & envoûtant., Sucre, sirop de glucose, gélatine, acidifiant : acide citrique, arôme, concentrés de fruits et de plantes (patate douce, cerise, pomme, radis, spiruline), sirop de sucre inverti. Sans colorant, coloré naturellement avec des concentrés de fruits et deplantes., Valeur énergétique en Joules :  1550kj, Valeur énergétique en Kcal : 360kcal, Glucides : 88g, Lipides : 0g, Protides :3g]|"
7,64€ / Kg"|"
1,91 €"
4063|Zanzigliss, confiserie assortie|Le sachet de 300g|[Origine : FRANCE, Confiserie assortie., Sirop de sucre mélassé, sirop de glucose, farine de blé, sucre, amidon, extrait de réglisse, maltodextrine, graisse végétale, dextrose, sel, lactose, protéines du lait, gélatine, acidifiant : acide citrique, concentré de fruits et de plantes (carthame, spiruline), sirop de sucre inverti, arômes, colorants : curcumine, carmins, carotènes mélangés, agents d'enrobage: cire d'abeille, cire de carnauba. Colorant d'origine., Valeur énergétique en Joules :  1480kj, Valeur énergétique en Kcal : 350kcal, Glucides : 81g, Lipides : 1,5g, Protides :3g]|"
6,20€ / Kg"|"
1,86 €"
4064|Cachou, confiserie à la réglisse|Les 2 boîtes de 6g|[Origine : FRANCE, Cachou Lajaunie, un goût inimitable, procure une saine et agréable fraicheur., Les personnes souffrant d'hypertension doivent éviter toute consommation excessive., Réglisse, sucre, amidon de mais, lactose, poudre de cachou, poudre d'iris, arôme naturel de menthe, colorant ( E153), graisse végétale, résine de lentisque, gélatine, agent d'enrobage (cire de carnauba). Contient de la réglisse., À conserver dans un endroit frais et sec.]|"
219,17€ / Kg"|"
2,63 €"
4065|Confiserie aromatisées parfums citron, orange, framboise|La boîte de 125g|[Origine : FRANCE, Valeur énergétique en Joules :  1645Kj, Valeur énergétique en Kcal : 385Kcal, Glucides : 95,5g, Lipides : 0g, Protides :0,1g]|"
21,60€ / Kg"|"
2,70 €"
4066|Séve de pin, Bonbons, Arômes naturels|La boîte de 125g|[Origine : FRANCE, La Vosgienne Sève de Pin, c'est un goût unique et intense, une alliance d'essence de pin et de miel qui procure une douce sensation de fraîcheur gourmande.Déguster un bonbon La Vosgienne, c'est retrouver tous le plaisirs d'une escapade en forêt., Sucre, sirop de glucose, miel, suc de réglisse, menthol, huiles essentielles., Valeur énergétique en Joules :  1665kj, Valeur énergétique en Kcal : 390kcal, Glucides : 97,9g, Lipides : 0g, Protides :0g]|"
18,24€ / Kg"|"
2,28 €"
4067|Bonbons au chocolat|Les 3 rouleaux, 114g|[Origine : FRANCE, Caramel fourré au chocolat.]|"
21,05€ / Kg"|"
2,40 €"
4068|Bonbons au chocolat blanc|Les 3 rouleaux, 114g|[Origine : FRANCE, Caramel tendre fourré au chocolat blanc.]|"
20,18€ / Kg"|"
2,30 €"
4069|Bonbons tendres dragéifiés acidulés goûts citron vert, cerise, pomme et fraise|Le paquet de 4 rouleaux de 37,5g, soit 150g|[Origine : PAYS-BAS, Bonbon tendres dragéifiés acidulés, goûts citron vert, cerise, pomme et fraise., Valeur énergétique en Joules :  1640kj, Valeur énergétique en Kcal : 385kcal, Glucides : 91g, Lipides : 2g, Protides :0g]|"
15,26€ / Kg"|"
2,32 €"
4070|Fruit, Bonbons tendres dragéifiés arômes et colorants naturels|Le paquet de 4 rouleaux, 152g|[Origine : FRANCE, Sucre, sirop de glucose, huile végétale hydrogénée, acidifiant (acide citrique), fécule, gélifiants (E414, E418), émulsifiant (sucroesters d'acides gras), arômes, colorants (bêta-carotène, rouge de betterave), agents d'enrobage (cire de carnauba, cire d'abeille)., Valeur énergétique en Joules :  1645kj, Valeur énergétique en Kcal : 390kcal, Glucides : 92g, Lipides : 2g, Protides :0g]|"
15,00€ / Kg"|"
2,28 €"
4071|Mint, Bonbons tendres dragéifiés aromatisés menthe|Le paquet de 4 rouleaux, 152g|[Origine : FRANCE, Sucre, sirop de glucose, huile végétale hydrogénée, fécule, gélifiants (E414, E418), émulsifiant (sucroesters d'acides gras), arôme, agents d'enrobage (cire de carnauba, cire d'abeille)., Valeur énergétique en Joules :  1650kj, Valeur énergétique en Kcal : 390kcal, Glucides : 93g, Lipides : 2g, Protides :0g]|"
14,87€ / Kg"|"
2,26 €"
4072|Sticks de fruits à base de jus de pommes|Le paquet de 40g|[Origine : BELGIQUE, Jus de pommes concentrÍs (51%), purÍe de pommes concentrÍe (45%), gÍlifiant : pectinede fruits, ar«me naturel de pomme, fibres de fruits. Peut contenir des traces de gluten et de lait., Valeur énergétique en Kcal : 1300, Glucides : 72.8, Protides :1]|"
47,00€ / Kg"|"
1,88 €"
4073|Sticks de fruits à base de jus de pommes et de fruits concentrés fraise|Le paquet de 40g|[Origine : FRANCE, Le plaisir du fruit dans la poche ! Le snack malin pour tous les moments de la journée. Contient de la pomme pour ses fibres et sa texture, et de la fraise pour son goût unique.Super gourmands, ces Fruit Sticks sont obtenus grâce à un procédé uniquede concentration du fruit : il a fallu 2 pommes 1/2 et 18g de fraises pour élaborer ce paquet de 40g, à emporter partout., Jus de pommes concentré (52%), purée de pommes concentrée (5%), jus de baies de sureau concentré, fibres de fruits, gélifiant : pectine de fruits, arôme naturel de fraise. Peut contenir des traces de gluten et de lait., Valeur énergétique en Joules :  1280kj, Valeur énergétique en Kcal : 302kcal, Glucides : 69,9g, Lipides : 0,3g, Protides :1,3g]|"
45,00€ / Kg"|"
1,80 €"
4074|Sticks de fruits à base de jus de pommes et de fruits concentrés Framboise|Le paquet de 40g|[Origine : FRANCE, 100% issu de fruit ! Sticks de fruits à base de jus et purées de fruits concentrés. Framboise à base de pommes & framboise. (N.A!), le snack malin pour tous les moments de la journée !Le plaisir du fruit dans la poche ! Super gourmands, ces Fruits Sticks sont obtenus grâce à un procédé unique de concentration du fruit : il a fallu 2 pommes 1/2 et 20g de framboises pour élaborer ce paquet de 40g, à emporter partout ! Naturellement source de fibres., Jus de pommes concentré (52%), purée de pommes concentrée (39%), purée de framboises concentrées (5%), jus de baies de sureau concentré, fibres de fruits, gélifiant : pectine de fruits, arôme naturel de framboise. Peut contenir des traces de gluten et de lait. Sans sucres ajoutés*, sans édulcorants, sans colorants, sans conservateurs. *Sucres naturellement présents dans les fruits., Valeur énergétique en Joules :  1274kj, Valeur énergétique en Kcal : 310kcal, Glucides : 69,3g, Lipides : 0,5g, Protides :1,4g]|"
43,50€ / Kg"|"
1,74 €"
4076|Sticks de fruits à base de jus de pommes et de fruits concentrés mangue et fuits de la passion|Le paquet de 40g|[Origine : FRANCE, Le plaisir du fruit dans la poche ! Le snack malin pour tous moments de la journée. Contient de la pomme pour ses fibres et sa texture, de la mangue et fruit de la passion pour leur goût unique.Super gourmands, ces Fruit Sticks sont obtenus grâce à un procédé unique de concentration du fruit : il a fallu 2 pommes 1/2, 30g de mangues et 12g de fruits de la passion pour élaborer ce paquet de 40g, à emporter partout., Jus de pommes concentré (45%), purée de pommes concentrée (31%), purée de mangues concentrée (16%), jus de fruits de la passion concentré (5%), fibres de fruits, gélifiant : pectine de fruits, arômes naturels de mangue et de fruit de la passion. Peutcontenir des traces de gluten et de lait., Valeur énergétique en Joules :  1203kj, Valeur énergétique en Kcal : 284kcal, Glucides : 67,1g, Lipides : 0g, Protides :1,6g]|"
45,00€ / Kg"|"
1,80 €"
4077|Bonbons à saveur de fruits|Le paquet de 4,2g|[Origine : FRANCE, Bonbons à saveur aux fruits., Ce jouet ne convient pas aux enfants de moins de 36 mois : présence de petits éléments détachables. Veuillez nettoyer le distributeur avant utilisation. Contient un jouet. La surveillance d'un adulte est recommandée., Sucre, sirop de glucose, acidifiant (acide citrique), correcteur d'acidité (citrate trisodique), huile végétale hydrogénée, émulsifiant (mono- et diglycérides d'acides gras), arômes. Sans colorant. Sans lactose et gluten.]|"
81,43€ / Kg"|"
3,42 €"
4078|Bonbons à saveur de fruits|Le paquet de 68g|[Origine : FRANCE, Sucre, sirop de glucose, acidifiant (acide citrique), correcteur d'acidité (citrate trisodique), huile végétale hydrogénée, émulsifiant (mono- et diglycérides d'acides gras), arômes. Sans colorant. Sans lactose et gluten., Valeur énergétique en Joules :  1697kj, Valeur énergétique en Kcal : 144kcal, Glucides : 94,6g, Lipides : 1,6g, Protides :0g, Conserver à l'abri de l'humidité.]|"
25,74€ / Kg"|"
1,75 €"
4079|Bonbons parfums fruits|Le paquet de 34g|[Origine : FRANCE, Attention ! Ce jouet ne convient pas aux enfants de moins de 36 mois : présence de petits éléments détachables. Veuillez nettoyer le distributeur avant utilisation. Contient un jouet. La surveillance d'un adulte est recommandée., Sucre, sirop de glucose, acidifiant (acide citrique), correcteur d'acidité (citrate trisodique), huile végétale hydrogénée, émulsifiant (mono- et diglycérides d'acides gras), arômes, concentrés de fruits et de plantes : citron (concentré de carthame), jus de citron concentré, orange (concentré de paprika), cerise (concentré de raisins, cassis et des carottes noires), fraise (concentré de cassis et des carottes noires). Sans colorant. Sans lactose et gluten., Valeur énergétique en Joules :  1697kj, Valeur énergétique en Kcal : 400kcal, Glucides : 94,6g, Lipides : 1,6g, Protides :0g, Conserver à l'abri de l'humidité.]|"
69,41€ / Kg"|"
2,36 €"
4080|Alpin fresh, Bonbons suisses aux plantes, Sans sucres et avec édulcorants|La boite de 50g|[Origine : FRANCE, Le mélange de 13 plantes Ricola des montagnes suisses : un bienfait de la nature., Une consommation excessive peut avoir des effets laxatifs., Isomalt, sorbitol, menthol, extrait (0,3%) du mélange de 13 plantes Ricola, édulcorants (aspartame, acesulfame-k), arômes naturels, acidifiant (acide citrique), arôme naturel de menthes, colorant (chlorophylle). Contient une source de phénylalanine., Valeur énergétique en Joules :  980kj, Valeur énergétique en Kcal : 235kcal, Glucides : 97g, Lipides : 0g, Protides :0g, Tenir au sec et au frais.]|"
35,40€ / Kg"|"
1,77 €"
4081|Argousier, Bonbons suisses aux plantes, Sans sucres et avec édulcorants|La boite de 50g|[Origine : FRANCE, Le mélange de plantes Ricola des montagnes suisses associé au concentré de jus d'argousier : un bienfait rafraîchissant de la nature., Contient une source de phénylalanine, une consommation excessive peut avoir des effets laxatifs., Isomalt, acidifiant (acide citrique), concentré de jus d'argousier (0,6%), extrait (0,5%)  du mélange de plantes ricola, arômes naturels, édulcorants (aspartame, acésulfame-k), colorant (paprika). Contient une source de phénylalanine. Sans sucres avec édulcorants., Valeur énergétique en Joules :  990kj, Valeur énergétique en Kcal : 235kcal, Glucides : 96g, Lipides : 0g, Protides :0g, Tenir au sec et au frais.]|"
39,40€ / Kg"|"
1,97 €"
4082|Aux Plantes, bonbons suisses sans sucres et avec édulcorants|La boite de 50g|[Origine : FRANCE, Le mélange de 13 plantes Ricola des montagnes suisses : un bienfait rafraîchissant de la nature., Contient une source de phénylalanine, une consommation excessive peut avoir des effets laxatifs., Isomalt, colorant (caramel), extrait (1%) du mélange de 13 plantes Ricola, sorbitol, arômes naturels, édulcorants (aspartame, acésulfame-k). Contient une source de phénylalanine. Sans sucres avec édulcorants., Valeur énergétique en Joules :  990kj, Valeur énergétique en Kcal : 237kcal, Glucides : 98g, Lipides : 0g, Protides :0g, Tenir au sec et au frais.]|"
41,40€ / Kg"|"
2,07 €"
4083|Bonbons suisses aux plantes|Le sachet de 116g|[Origine : FRANCE, Valeur énergétique en Joules :  1670kj, Valeur énergétique en Kcal : 400kcal, Glucides : 98g, Lipides : 0g, Protides :0g]|"
23,53€ / Kg"|"
2,73 €"
4084|Bonbons suisses aux plantes, eucalyptus|Le sachet de 70g|[Origine : FRANCE, Elaboré à partir du fameux mélange de plates Ricola des montagne suisses et d'eucalyptus : un bienfait de la nature., Une consommation excessive peut avoir des effets laxatifs., Isomalt, sorbitol, arômes naturels, extrait (0,2%) d'eucalyptus et du mélange de plantes Ricola, édulcorants (aspartame, acésulfame-k), colorant naturel (chlorophylle). Contient une source de phénylalanine., Valeur énergétique en Joules :  980, Valeur énergétique en Kcal : 235, Glucides : 97g, Lipides : 0g, Protides :0g]|"
26,43€ / Kg"|"
1,85 €"
4085|Bonbons suisses aux plantes, sans sucres et avec édulcorants,    orange menthe|La boite de 50g|[Origine : FRANCE, Le mélange de 13 plantes Ricola des montagnes suisses : un bienfait de la nature., Une consommation excessive peut avoir des effets laxatifs., Isomalt, acidifiant (acide citrique), extrait (0,3%) d'orange menthe et du mélange de 13 plantes Ricola, arômes naturels, édulcorants (aspartame, acésulfame-k), menthol, arôme naturel de menthes, colorant (extrait de paprika). Contient une source dephénylalanine., Valeur énergétique en Joules :  980kj, Valeur énergétique en Kcal : 235kcal, Glucides : 96g, Lipides : 0g, Protides :0g]|"
36,60€ / Kg"|"
1,83 €"
4086|Bonbons suisses aux plantes eucalyptus, sans sucres avec édulcorants|La boite de 50g|[Origine : FRANCE, Sans sucres avec édulcorants. Bienfaisant et extra fort. Le mélange de 13 plantes Ricola des montagnes suisses : un bienfait de la nature., Une consommation excessive peut avoir des effets laxatifs., Isomalt, sorbitol, arômes naturels, extrait (0,2%) d'eucalyptus et du mélange de 13 plantes Ricola, édulcorants (aspartame, acésulfame-k), colorant naturel (chlorophylle). Contient une source de phénylalanine., Valeur énergétique en Joules :  980kj, Valeur énergétique en Kcal : 235kcal, Glucides : 97g, Lipides : 0g, Protides :0g]|"
34,40€ / Kg"|"
1,72 €"
4087|Bonbons suisses aux plantes miel et mille fleurs pour le confort de la gorge|Le sachet de 116g|[Origine : SUISSE, Le seul bonbon qui allie les vertus du miel et des plantes (mille fleurs)., Sucre, sirop de glucose, miel (5%), extrait (1%) du mélange de plantes Ricola : plantain, guimauve, menthe, thym, sauge, alchémille, achillée, pimprenelle, mauve, fleurs de sureau, primevère, véronique et marrube, arômes naturels, colorant (caramel ordinaire)., Valeur énergétique en Joules :  1660Kj, Valeur énergétique en Kcal : 395Kcal, Glucides : 98g, Lipides : 0g, Protides :0g, A conserver à l'abri de la chaleur.]|"
25,34€ / Kg"|"
2,94 €"
4088|Compote allégée pomme framboise|Les 4 pots de 100g|[Origine : FRANCE, Meilleure servie fraîche., Purée de pommes 75%, purée de framboises 20%, sucre 5%, antioxygène : acide ascorbique., Valeur énergétique en Joules :  283Kj, Valeur énergétique en Kcal : 67KCal, Glucides : 16g, Lipides : 0,1g, Protides :0,4g, A conserver à l'abri de la chaleur et de l'humidité.]|"
2,50€ / Kg"|"
1,00 €"
4089|Compotes pomme, allégées en sucre|Les 4 gourdes de 90g|[Origine : FRANCE, Ne pas laisser les enfants de moins de 36 mois sans surveillance avec le bouchon dévissable., Purée de pommes 95%, sucre, antioxydant : acide ascorbique, acidifiant : acide citrique., Valeur énergétique en Joules :  277kj, Valeur énergétique en Kcal : 66kcal, Glucides : 15g, Lipides : 0,1g, Protides :0,3g, Après ouverture, à conserver au réfrigérateur et à consommer dans les 24 heures.]|"
3,42€ / Kg"|"
1,23 €"
4090|Compotes pomme, allégées en sucres, certifié Agriculture biologique|Les 4 gourdes de 90g|[Origine : FRANCE, Monoprix a sélectionné pour vous, avec des entreprises partenaires, des produits issus de l'agriculture biologique.Leurs modes de production et de transformation sont contrôlés et certifiés par un organisme indépendant conformément à la réglementation en vigueur., Pomme** 95%, sucre de canne** 4%, antioxydant : acide ascorbique. **Ingrédients issus de l'agriculture biologique., Valeur énergétique en Joules :  266kj, Valeur énergétique en Kcal : 63kcal, Glucides : 15g, A conserver à température ambiante. A conserver au frais après ouverture et à consommer très rapidement.]|"
6,83€ / Kg"|"
2,46 €"
4091|Compotes pomme, allégées en sucres, certifié Agriculture biologique|Les 4 gourdes de 90g|[Origine : FRANCE, Monoprix a sélectionné pour vous, avec des entreprises partenaires, des produits issus de l'agriculture biologique.Leurs modes de production et de transformation sont contrôlés et certifiés par un organisme indépendant conformément à la réglementation en vigueur., Pomme** 95%, sucre de canne** 4%, antioxydant : acide ascorbique. **Ingrédients issus de l'agriculture biologique., Valeur énergétique en Joules :  266kj, Valeur énergétique en Kcal : 63kcal, Glucides : 15g, A conserver à température ambiante. A conserver au frais après ouverture et à consommer très rapidement.]|"
6,83€ / Kg"|"
2,46 €"
4092|Compotes pomme, certifié AB|Les 4 pots de 95g|[Origine : FRANCE, Purée de pommes* 99,9%, antioxygène : acide ascorbique. *Ingrédient issu de l'agriculture biologique. Sans sucres ajoutés., Valeur énergétique en Joules :  260Kj, Valeur énergétique en Kcal : 61Kcal, Glucides : 13g, Lipides : 0,6g, Protides :0,3g, A conserver à l'abri de la chaleur de l'humidité.]|"
5,84€ / Kg"|"
2,22 €"
4093|Compotes pomme, certifié AB|Les 4 pots de 95g|[Origine : FRANCE, Purée de pommes* 99,9%, antioxygène : acide ascorbique. *Ingrédient issu de l'agriculture biologique. Sans sucres ajoutés., Valeur énergétique en Joules :  260Kj, Valeur énergétique en Kcal : 61Kcal, Glucides : 13g, Lipides : 0,6g, Protides :0,3g, A conserver à l'abri de la chaleur de l'humidité.]|"
5,84€ / Kg"|"
2,22 €"
4094|Compotes pomme allégée, 30% de sucres en moins|Les 8 pots de 100g, 800g|[Origine : FRANCE, Compote de pommes allégée en sucres (30% de sucres en moins)., Meilleur servi frais., Purée de pommes 95,5%- sucre 4,5%- antioxygéne: acide ascorbique- correcteur d'acidité: acide citrique., Valeur énergétique en Joules :  265kj, Valeur énergétique en Kcal : 63kcal, Glucides : 14g, Lipides : 0,2g, Protides :0,2g, A conserver à l'abri de la chaleur et de l'humidité. Après ouverture, à conserver au réfrigérateur et à consommer dans les 24 heures.]|"
2,30€ / Kg"|"
1,84 €"
4095|Compotes pomme et banane, allégées en sucre|Les 4 pots de 100g|[Origine : FRANCE, Compote de pommes et de bananes allégée en sucres (30% de sucres en moins)., Meilleur servi frais., Purée de pommes 77,7% , purée de bananes 20% , sucre 2,3% , antioxygène : acide ascorbique , correcteur d'acidité : acide citrique., Valeur énergétique en Joules :  268Kj, Valeur énergétique en Kcal : 63Kcal, Glucides : 14g, Lipides : 0,2g, Protides :0,4g, A conserver à l'abri de la chaleur et de l'humidité. Après ouverture, à conserver au réfrigérateur et à consommer dans les 24 heures.]|"
2,43€ / Kg"|"
0,97 €"
4096|Compotes pomme et fraise, 30% de sucres en moins|Les 4 pots de 100g|[Origine : FRANCE, Purée de pommes 72% , purée de fraises 22% , sucre  , jus d'aronia concentré    , antioxydant : acide ascorbique - acidifiant : acide citrique., Valeur énergétique en Joules :  267Kj, Valeur énergétique en Kcal : 63Kcal, Glucides : 14g, Lipides : 0,2g, Protides :0,3g, A conserver à l'abri de la chaleur et de l'humidité. Après ouverture, à conserver au réfrigérateur et à consommer dans les 24 heures.]|"
2,50€ / Kg"|"
1,00 €"
4097|Compotes pomme et pêche, allégées en sucres|Les 4 pots de 100g|[Origine : FRANCE, Purée de pommes 65,5% , purée de pêches 30% , sucre 4,5% , antioxygène : acide ascorbique., Valeur énergétique en Joules :  268Kj, Valeur énergétique en Kcal : 63Kcal, Glucides : 14g, Lipides : 0,2g, Protides :0,4g, A conserver à l'abri de la chaleur et de l'humidité. Après ouverture, à conserver au réfrigérateur et à consommer dans les 24 heures.]|"
2,50€ / Kg"|"
1,00 €"
4098|Compotes pomme et poire, allégées en sucre|Les 4 pots de 100g|[Origine : FRANCE, Compote de pommes et de poires allégée en sucres (30% de sucres en moins)., Meilleur servi frais., Purée de pommes 68,5% , purée de poires 27% , antioxygène : acide ascorbique , correcteur d'acidité : acide citrique., Valeur énergétique en Joules :  256Kj, Valeur énergétique en Kcal : 60Kcal, Glucides : 14g, Lipides : 0g, Protides :0g, A conserver à l'abri de la chaleur et de l'humidité. Après ouverture, à conserver au réfrigérateur et à consommer dans les 24 heures.]|"
2,48€ / Kg"|"
0,99 €"
4099|Compotes pomme et poire, allégées en sucres, certifié AB|Les 4 gourdes de 90g|[Origine : FRANCE, Monoprix a sélectionné pour vous, avec des entreprises partenaires, des produits issus de l'agriculture biologique.Leurs modes de production et de transformation sont contrôlés et certifiés par un organisme indépendant conformément à la réglementation en vigueur., Pomme** 60%, poire** 35%, sucre de canne** 4,5%, antioxydant : acide ascorbique. **Ingrédients issus de l'agriculture biologique., Valeur énergétique en Joules :  254kj, Valeur énergétique en Kcal : 60kcal, Glucides : 14g, A conserver à température ambiante. A conserver au frais après ouverture et à consommer très rapidement.]|"
7,44€ / Kg"|"
2,68 €"
4100|Compotes pomme et poire, allégées en sucres, certifié AB|Les 4 gourdes de 90g|[Origine : FRANCE, Monoprix a sélectionné pour vous, avec des entreprises partenaires, des produits issus de l'agriculture biologique.Leurs modes de production et de transformation sont contrôlés et certifiés par un organisme indépendant conformément à la réglementation en vigueur., Pomme** 60%, poire** 35%, sucre de canne** 4,5%, antioxydant : acide ascorbique. **Ingrédients issus de l'agriculture biologique., Valeur énergétique en Joules :  254kj, Valeur énergétique en Kcal : 60kcal, Glucides : 14g, A conserver à température ambiante. A conserver au frais après ouverture et à consommer très rapidement.]|"
7,44€ / Kg"|"
2,68 €"
4101|Compotes pomme et poire, certifié AB|Les 4 pots de 95g|[Origine : FRANCE, Purée de pommes* 68%, purée de poires* 32%, antioxygène : acide ascorbique. *Ingrédients issus de l'agriculture biologique. Sans sucres ajoutés., Valeur énergétique en Joules :  277Kj, Valeur énergétique en Kcal : 66Kcal, Glucides : 14g, Lipides : 0,5g, Protides :0,4g, A conserver à l'abri de la chaleur de l'humidité.]|"
6,37€ / Kg"|"
2,42 €"
4102|Compotes pomme et poire, certifié AB|Les 4 pots de 95g|[Origine : FRANCE, Purée de pommes* 68%, purée de poires* 32%, antioxygène : acide ascorbique. *Ingrédients issus de l'agriculture biologique. Sans sucres ajoutés., Valeur énergétique en Joules :  277Kj, Valeur énergétique en Kcal : 66Kcal, Glucides : 14g, Lipides : 0,5g, Protides :0,4g, A conserver à l'abri de la chaleur de l'humidité.]|"
6,37€ / Kg"|"
2,42 €"
4103|Compotes pomme et pruneaux|Les 4 pots de 90g|[Origine : FRANCE, Meilleur servi frais., Purée de pommes 70%, purée de pruneaux 30%, antioxygène : acide ascorbique. Sans sucres ajoutés. Sans conservateurs., Valeur énergétique en Joules :  257Kj, Valeur énergétique en Kcal : 61Kcal, Glucides : 13g, Lipides : 0g, Protides :0,8g, A conserver à l'abri de la chaleur et de l'humidité. Après ouverture, à conserver au réfrigérateur et à consommer dans les 24 heures.]|"
5,00€ / Kg"|"
1,80 €"
4104|Compotes pomme fraise et pomme vanille, allégées en sucre|Les 4 gourdes de 90g|[Origine : FRANCE, Meilleur servi frais. Ne pas laisser les enfants de moins de 36 mois sans surveillance avec le bouchon dévissable., Compote pommes-fraises : purée de pommes 74,8%, purée de fraises 19,7%, sucre, antioxygène : acide ascorbique. Compote pommes-vanille : purée de pommes 95,4%, sucre, arôme naturel de vanille, antioxygène : acide ascorbique., Valeur énergétique en Joules :  296Kj, Valeur énergétique en Kcal : 70Kcal, Glucides : 15,2g, Lipides : 0.6g, Protides :0.4g, Après ouverture, à conserver au frais et à consommer dans les 24h.]|"
5,69€ / Kg"|"
2,05 €"
4105|Compotes pommes, fraise, abricot et banane, allégées en sucres|Les 12 gourdes de 90g|[Origine : FRANCE, Tes gourdes de compote allégée en sucres, y'a pas mieux pour le goûter., Meilleures servies fraîches. Ne pas laisser les enfants de moins de 36 mois sans surveillance avec le bouchon dévissable., Pomme : pommes 95,5%, sucre, antioxydant : acide ascorbique. Pomme abricot : pommes 69,8%, abricots 25,6%, sucre, antioxydant : acide ascorbique. Pomme fraise : pommes 74,8%, fraises 19,7%, sucre, antioxydant : acide ascorbique. Pomme banane : pommes77,4%, bananes 20,4%, sucre, antioxydant : acide ascorbique, acidifiant : acide citrique., Valeur énergétique en Joules :  291kj, Valeur énergétique en Kcal : 70kcal, Glucides : 15,1g, Lipides : 0,5g, Protides :0,4g, Après ouverture, à conserver au frais et à consommer dans les 24 heures.]|"
3,83€ / Kg"|"
4,14 €"
4106|Dessert de pomme|Le pot de 730g|[Origine : FRANCE, Meilleur servi frais., Purée de pommes 88%, sucre, sirop de glucose, fructose de blé, acidifiant : acide citrique, antioxygène : acide ascorbique., Valeur énergétique en Joules :  350Kj, Valeur énergétique en Kcal : 83KCal, Glucides : 16g, Lipides : 0,2g, Protides :0,2g, A conserver à température ambiante à l'abri de la chaleur. Après ouverture, à conserver au réfrigérateur et à consommer rapidement.]|"
2,18€ / Kg"|"
1,59 €"
4107|Purée de pommes|Le lot de 4 compotes de 90g, soit 360g|[Origine : FRANCE, Purée de pommes sans sucres ajoutés* *contient des sucres naturellement présents dans les fruits., Meilleur servi frais., Purée de pommes 100%, antioxygéne: acide ascorbique, correcteur d'acidité: acide citrique. Meilleure servie fraîche., Valeur énergétique en Joules :  199kj, Valeur énergétique en Kcal : 47kcal, Glucides : 10g, Lipides : 0,2g, Protides :0,3g, A conserver à l'abri de la chaleur et de l'humidité. Après ouverture, à conserver au réfrigérateur et à consommer dans les 24 heures.]|"
3,58€ / Kg"|"
1,29 €"
4108|Compote pomme, allégée en sucre|Le pot de 730g|[Origine : FRANCE, Andros vous propose une large gamme de produits savoureux qui vous apportent tous les bienfaits des fruits. Andros, parce que les fruits sont bons pour la vie., pommes (92%), sucre, sirop de glucose-fructose, antioxydant : acide ascorbique. Sans colorant, sans conservateur, sans arôme artificiel., Valeur énergétique en Joules :  296Kj, Valeur énergétique en Kcal : 70KCal, Glucides : 15g, Lipides : 0,5g, Protides :16g, Après ouverture, conserver au frais et consommer dans les 5 jours.]|"
1,85€ / Kg"|"
1,35 €"
4109|Compote pomme, fraise et banane|Les 8 gourdes de 100g|[Origine : FRANCE, Dans une gourde de 100 g P'tit Dros Pomme Fraise Banane, il y a l'équivalent d'une pomme. On y retrouve des atouts nutritionnels comparables à ceux contenus dans une portion de fruit frais., Tenir le bouchon revissable hors de portée des enfants de moins de 36 mois., Pommes 62%, fraises 22%, bananes 11%, sucre, cassis, antioxydant : acide ascorbique. Sans colorant. Sans conservateur. Conformément à la réglementation en vigueur., Valeur énergétique en Joules :  268, Valeur énergétique en Kcal : 63, Glucides : 14, Lipides : 0,2, Protides :0,4, A consommer dans les 24 heures après ouverture.]|"
4,78€ / Kg"|"
3,82 €"
4110|Compote pomme et poire|Le pot de 750g|[Origine : FRANCE, pommes 62%, poires 27%, sucre, antioxydant : acide ascorbique. Sans colorant. Sans conservateur. Sans arôme artificiel., Valeur énergétique en Joules :  394Kj, Valeur énergétique en Kcal : 93Kcal, Glucides : 22g, Lipides : 0,4g, Protides :0,3g, Après ouverture, conserver au frais et consommer dans les 5 jours.]|"
2,41€ / Kg"|"
1,81 €"
4111|Compote pomme nature, sans sucres ajoutés|Le pot de 695g|[Origine : FRANCE, Andros vous propose une large gamme de produits savoureux qui vous apportent les bienfaits d'une portion de fruit. Andros, parce que les fruits sont bons pour la vie., Pommes (100%), antioxydant : acide ascorbique. Sans colorant. Sans conservateur. Sans arôme artificiel., Valeur énergétique en Joules :  248Kj, Valeur énergétique en Kcal : 59Kcal, Glucides : 13g, Lipides : 0,6g, Protides :0,3g, Après ouverture, conserver au frais et consommer dans les 5 jours.]|"
3,44€ / Kg"|"
2,39 €"
4112|Compote pomme nature                                             Allégé en sucres|Les 8 gourdes de 100g|[Origine : FRANCE, Dans une gourde de 100 g P'tit Dros Pomme, il y a l'équivalent d'une pomme. On y retrouve des atouts nutritionnels comparables à ceux contenus dans une portion de fruit frais., Tenir le bouchon revissable hors de portée des enfants de moins de 36 mois., Pommes 96%, sucre, antioxydant : acide ascorbique. Sans colorant, sans conservateur. Conformément à la réglementation., Valeur énergétique en Joules :  265, Valeur énergétique en Kcal : 63, Glucides : 14, Lipides : 0,2, Protides :0,2, A consommer dans les 24 heures après ouverture.]|"
4,66€ / Kg"|"
3,73 €"
4113|Compote pommes, en morceaux|Le pot de 740g|[Origine : FRANCE, Andros vous propose une large gamme de produits savoureux qui vous apportent tous les bienfaits d'une portion de fruits .Andros, parce que les fruits sont bons pour la vie., Pommes 85% , sucre , antioxydant : acide ascorbique. Sans colorant , sans conservateur , sans arôme artificiel. Conformément à la réglementation., Valeur énergétique en Joules :  424Kj, Valeur énergétique en Kcal : 100Kcal, Glucides : 24g, Lipides : 0,3g, Protides :0,3g, Après ouverture à conserver au frais et consommer dans les 5 jours.]|"
2,92€ / Kg"|"
2,16 €"
4114|Compotes pomme et framboise|Les 4 pots de100g|[Origine : FRANCE, Andros vous propose une large gamme de produits savoureux qui vous apportent tous les bienfaits d'une portion de fruit.Andros a élaboré une recette de Dessert Fruitier particulièrement gourmande et savoureuse, avec de bons fruits et juste ce qu'il faut de sucre : une délicieuse façon de découvrir chaque jour de nouveaux goûts  Savoureux le Réflexe Fruitier !, Pommes (68%), framboises (24%), sucre, antioxydant : acide ascorbique. Sans colorant, sans conservateur, sans arôme artificiel., Valeur énergétique en Joules :  350Kj, Valeur énergétique en Kcal : 83Kcal, Glucides : 19g, Lipides : 0,5g, Protides :0,5g, Température conseillée +6°C. A consommer dans les 12h après ouverture.]|"
2,93€ / Kg"|"
1,17 €"
4115|Compotes pomme nature|Les 8 pots de 100g|[Origine : FRANCE, Retrouvez toute la saveur des fruits cueillis à maturité dans un dessert au goût intense  Des morceaux de fruits fondants pour des sensations gustatives incomparables.Craquez, croquez, fondez pour les nouveaux Délices Fruitiers. Une délicieuse façonde consommer du fruit à tout moment de la journée., Pommes (93%), sucre, antioxydant : acide ascorbique. Sans colorant. Sans conservateur. Sans arôme artificiel., Température conseillée +6°C. A consommer dans les 12 heures après ouverture.]|"
2,44€ / Kg"|"
1,95 €"
4116|Compote abricots|Le pot de 600g|[Origine : FRANCE, Fruits choisis., Malgré tous nos soins, cette compote peut contenir un noyau., Abricots (80%) , sucre , gélifiant : pectine de fruits. Antioxydant : acide ascorbique. Teneur totale en sucres  : 26g pour 100 g., Après ouverture, se conserve 48h au frais.]|"
4,57€ / Kg"|"
2,74 €"
4117|Compote pêches|Le pot de 600g|[Origine : FRANCE, Malgré tous nos soins, cette compote peut contenir un noyau., Pêches (80%), sucre, gélifiant : pectine de fruits, antioxydant : acide ascorbique. Teneur total en sucres : 26g pour 100g., Après ouverture se conserve au 48H au frais.]|"
4,63€ / Kg"|"
2,78 €"
4118|Compote rhubarbe|Le pot de 600g|[Origine : FRANCE, Rhubarbe (80%), sucre. Teneur totale en sucres : 26g pour 100g., Après ouverture se conserve au 48H au frais.]|"
4,57€ / Kg"|"
2,74 €"
4119|Dessert Biofruits, Pomme Vanille|Le Bocal de 680g|[Origine : FRANCE, Purée de pommes à la vanille bio., A consommer comme une compote, au goûter ou au dessert., Pommes* 99,97%, vanille* en poudre 0,03%. *Produits issus de l'agriculture biologique. Sans sucres ajoutés*. *Contient des sucres naturellement présents., Valeur énergétique en Joules :  226kj, Valeur énergétique en Kcal : 54kcal, Glucides : 12g, Lipides : 0,1g, Protides :0,3g, A conserver au frais après ouverture et à consommer rapidement.]|"
5,26€ / Kg"|"
3,58 €"
4120|Dessert Biofruits, Pomme Vanille|Le Bocal de 680g|[Origine : FRANCE, Purée de pommes à la vanille bio., A consommer comme une compote, au goûter ou au dessert., Pommes* 99,97%, vanille* en poudre 0,03%. *Produits issus de l'agriculture biologique. Sans sucres ajoutés*. *Contient des sucres naturellement présents., Valeur énergétique en Joules :  226kj, Valeur énergétique en Kcal : 54kcal, Glucides : 12g, Lipides : 0,1g, Protides :0,3g, A conserver au frais après ouverture et à consommer rapidement.]|"
5,26€ / Kg"|"
3,58 €"
4121|Cool Fruits|La boite de 4 gourdes de 90g|[Origine : FRANCE, Valeur énergétique en Joules :  268kj, Valeur énergétique en Kcal : 63kcal, Glucides : 14g, Lipides : 0,2g, Protides :0,5g]|"
10,44€ / Kg"|"
3,76 €"
4122|Cool Fruits|La boite de 4 gourdes de 90g|[Origine : FRANCE, Valeur énergétique en Joules :  268kj, Valeur énergétique en Kcal : 63kcal, Glucides : 14g, Lipides : 0,2g, Protides :0,5g]|"
10,44€ / Kg"|"
3,76 €"
4123|Cool Fruits Acerola, Pomme, Fraise, Myrtille|Les 4 gourdes de 90G|[Origine : FRANCE, Dessert de fruits bio au concentré de fruits : pomme fraise myrtille jus d'acérola., Ne pas laisser les enfants de moins de 3 ans jouer avec le bouchon., Pommes* 67%, fraises* 20%, concentré de fruits* (concentré de raisin*, concentré de citron*), myrtilles* 3%, jus d'acérola. *Ingrédients issus de l'agriculture biologique. Sans colorant, sans conservateur., Valeur énergétique en Joules :  270kj, Valeur énergétique en Kcal : 64kcal, Glucides : 15g, Protides :0,25g, A consommer rapidement après ouverture. Conditionné sous atmosphère protectrice.]|"
10,67€ / Kg"|"
3,84 €"
4124|Cool Fruits Acerola, Pomme, Fraise, Myrtille|Les 4 gourdes de 90G|[Origine : FRANCE, Dessert de fruits bio au concentré de fruits : pomme fraise myrtille jus d'acérola., Ne pas laisser les enfants de moins de 3 ans jouer avec le bouchon., Pommes* 67%, fraises* 20%, concentré de fruits* (concentré de raisin*, concentré de citron*), myrtilles* 3%, jus d'acérola. *Ingrédients issus de l'agriculture biologique. Sans colorant, sans conservateur., Valeur énergétique en Joules :  270kj, Valeur énergétique en Kcal : 64kcal, Glucides : 15g, Protides :0,25g, A consommer rapidement après ouverture. Conditionné sous atmosphère protectrice.]|"
10,67€ / Kg"|"
3,84 €"
4125|Cool Fruits Acerola, Pomme, Mangue, Ananas|Les 4 gourdes de 90G|[Origine : FRANCE, Dessert de fruits bio : pomme mangue ananas jus d'acérola., Ne pas laisser les enfants de moins de 3 ans jouer avec le bouchon., Pommes* 40%, mangues* 35%, jus d'ananas* 22%, jus d'acérola. *Ingrédients issus de l'agriculture biologique. Sans colorant, sans conservateur., A consommer rapidement après ouverture. Conditionné sous atmosphère protectrice.]|"
10,81€ / Kg"|"
3,89 €"
4126|Cool Fruits Acerola, Pomme, Mangue, Ananas|Les 4 gourdes de 90G|[Origine : FRANCE, Dessert de fruits bio : pomme mangue ananas jus d'acérola., Ne pas laisser les enfants de moins de 3 ans jouer avec le bouchon., Pommes* 40%, mangues* 35%, jus d'ananas* 22%, jus d'acérola. *Ingrédients issus de l'agriculture biologique. Sans colorant, sans conservateur., A consommer rapidement après ouverture. Conditionné sous atmosphère protectrice.]|"
10,81€ / Kg"|"
3,89 €"
4127|Cool Fruits Acerola Pomme Williams|Les 4 gourdes de 90g|[Origine : FRANCE, Dessert de fruits bio : pomme poire jus d'acérola., Ne pas laisser les enfants de moins de 3 ans jouer avec le bouchon., Pommes* 57%, poires Williams* 40%, jus d'acérola*. *Ingrédients issus de l'agriculture biologique. Sans colorant, sans conservateur., Valeur énergétique en Joules :  224kj, Valeur énergétique en Kcal : 53kcal, Glucides : 11,5g, Lipides : 0,2g, Protides :0,4g, A consommer rapidement après ouverture. Conditionné sous atmosphère protectrice.]|"
10,33€ / Kg"|"
3,72 €"
4128|Cool Fruits Acerola Pomme Williams|Les 4 gourdes de 90g|[Origine : FRANCE, Dessert de fruits bio : pomme poire jus d'acérola., Ne pas laisser les enfants de moins de 3 ans jouer avec le bouchon., Pommes* 57%, poires Williams* 40%, jus d'acérola*. *Ingrédients issus de l'agriculture biologique. Sans colorant, sans conservateur., Valeur énergétique en Joules :  224kj, Valeur énergétique en Kcal : 53kcal, Glucides : 11,5g, Lipides : 0,2g, Protides :0,4g, A consommer rapidement après ouverture. Conditionné sous atmosphère protectrice.]|"
10,33€ / Kg"|"
3,72 €"
4129|Cool Fruits Pomme|Les 4 gourdes de 90g|[Origine : FRANCE, Dessert de fruits bio au concentré de fruits : pomme., Ne pas laisser les enfants de moins de 3 ans jouer avec le bouchon., Pommes* 96%, concentré de fruits* 4% (concentré de raisin*, concentré de citron*). *Ingrédients issus de l'agriculture biologique. Sans colorant, sans conservateur., Valeur énergétique en Joules :  254kj, Valeur énergétique en Kcal : 60kcal, Glucides : 14g, Protides :0,2g, A consommer rapidement après ouverture. Conditionné sous atmosphère protectrice.]|"
10,64€ / Kg"|"
3,83 €"
4130|Cool Fruits Pomme|Les 4 gourdes de 90g|[Origine : FRANCE, Dessert de fruits bio au concentré de fruits : pomme., Ne pas laisser les enfants de moins de 3 ans jouer avec le bouchon., Pommes* 96%, concentré de fruits* 4% (concentré de raisin*, concentré de citron*). *Ingrédients issus de l'agriculture biologique. Sans colorant, sans conservateur., Valeur énergétique en Joules :  254kj, Valeur énergétique en Kcal : 60kcal, Glucides : 14g, Protides :0,2g, A consommer rapidement après ouverture. Conditionné sous atmosphère protectrice.]|"
10,64€ / Kg"|"
3,83 €"
4131|Cool Fruits Pomme Pêche Abricot Acérola|Les 4 gourdes de 90g|[Origine : FRANCE, Dessert de fruits bio au concentré de fruits : pomme pêche abricot jus d'acérola., Ne pas laisser les enfants de moins de 3 ans jouer avec le bouchon., Pommes* 61%, pêches* 18%, concentré de fruits* (concentré de raisin*, concentré de citron*), abricots* 9%, jus d'acérola*. *Ingrédients issus de l'agriculture biologique., Valeur énergétique en Joules :  304kj, Valeur énergétique en Kcal : 72kcal, Glucides : 16,9g, Protides :0,3g, A consommer rapidement après ouverture. Conditionné sous atmosphère protectrice.]|"
11,33€ / Kg"|"
4,08 €"
4132|Cool Fruits Pomme Pêche Abricot Acérola|Les 4 gourdes de 90g|[Origine : FRANCE, Dessert de fruits bio au concentré de fruits : pomme pêche abricot jus d'acérola., Ne pas laisser les enfants de moins de 3 ans jouer avec le bouchon., Pommes* 61%, pêches* 18%, concentré de fruits* (concentré de raisin*, concentré de citron*), abricots* 9%, jus d'acérola*. *Ingrédients issus de l'agriculture biologique., Valeur énergétique en Joules :  304kj, Valeur énergétique en Kcal : 72kcal, Glucides : 16,9g, Protides :0,3g, A consommer rapidement après ouverture. Conditionné sous atmosphère protectrice.]|"
11,33€ / Kg"|"
4,08 €"
4133|Jus de fruits 100% fruits|Les 3 briques de 20cl (60cl)|[Origine : FRANCE, Cocktail de fruits bio pomme orange ananas acérola., Pur jus de pomme* 66%, pur jus d'orange* 15%, pur jus d'ananas* 15%, acérola* 4%. *Ingrédients issus de l'agriculture biologique. 100% fruits, sans colorant, sans conservateur. Vitamine C naturelle grâce à l'acérola., Conserver au frais après ouverture.]|"
4,57€ / L"|"
2,74 €"
4134|Jus de fruits 100% fruits|Les 3 briques de 20cl (60cl)|[Origine : FRANCE, Cocktail de fruits bio pomme orange ananas acérola., Pur jus de pomme* 66%, pur jus d'orange* 15%, pur jus d'ananas* 15%, acérola* 4%. *Ingrédients issus de l'agriculture biologique. 100% fruits, sans colorant, sans conservateur. Vitamine C naturelle grâce à l'acérola., Conserver au frais après ouverture.]|"
4,57€ / L"|"
2,74 €"
4135|Compote pomme mangue|Le pack de 4 pots 97g, 388g|[Origine : FRANCE, Pomme 56,9%, mangue 43% (dont 34,8% de morceaux) arôme naturel, antioxydant : acide ascorbique, acidifiant : acide citrique. Sans conservateur, ni arôme ou colorant artificiels, sans sucres ajoutés., Valeur énergétique en Joules :  238,6Kj, Valeur énergétique en Kcal : 56,5Kcal, Glucides : 11,9g, Lipides : 0,5g, Protides :0,5g]|"
5,52€ / Kg"|"
2,14 €"
4136|Compote pomme nature, sans sucres ajoutés|Les 4 pots de 100G|[Origine : FRANCE, Parce que la santé passe aussi par l'alimentation , Materne s'engage à vous offrir le meilleur des fruits. Materne sans sucre ajoutés , un plaisir nature et léger., Sans conservateur , sans colorant ni arôme artificiel ., Pomme 99,7% ( purée et purée concentrée ),arôme naturel de pomme,antioxydan    t:acide ascorbique., Valeur énergétique en Joules :  230Kj, Valeur énergétique en Kcal : 54Kcal, Glucides : 11,4g, Lipides : 0,6g, Protides :0,3g]|"
5,00€ / Kg"|"
2,00 €"
4137|Compote pomme rhubarbe allégée en sucres|Le lot de 4 pots de 100g, soit 400g|[Origine : FRANCE, Compote pomme rhubarbe allégée en sucres (30% de sucres en moins)., Pomme 62,2%, rhubarbe 30,5%, sucre, antioxydant : acide ascorbique., Valeur énergétique en Joules :  292kj, Valeur énergétique en Kcal : 69kcal, Glucides : 14,7g, Lipides : 0,5g, Protides :0,5g, Toutes nos compotes et spécialités de fruits sont pasteurisées, ce qui permet d'obtenir des produits de qualité qui peuvent être maintenus à température ambiante sans conservateur.]|"
5,13€ / Kg"|"
2,05 €"
4138|Compotes de pomme allégée en sucres|Les 12 gourdes de 90g|[Origine : FRANCE, La portion de fruit à tout moment de la journée., 1 gourde : 1 portion de fruit. Ne pas laisser les enfants de moins de 36 mois sans surveillance avec le bouchon dévissable., Pomme* 95,5%, sucre de canne*, antioxydant : acide ascorbique. *Issus de l'agriculture biologique. Sans conservateur. Sans arôme artificiel. 30% de sucres en moins., Valeur énergétique en Joules :  298kj, Valeur énergétique en Kcal : 71kcal, Glucides : 15,4g, Lipides : 0,6g, Protides :0,3g, A consommer rapidement après ouverture.]|"
6,99€ / Kg"|"
7,55 €"
4139|Compotes de pomme allégée en sucres|Les 12 gourdes de 90g|[Origine : FRANCE, La portion de fruit à tout moment de la journée., 1 gourde : 1 portion de fruit. Ne pas laisser les enfants de moins de 36 mois sans surveillance avec le bouchon dévissable., Pomme* 95,5%, sucre de canne*, antioxydant : acide ascorbique. *Issus de l'agriculture biologique. Sans conservateur. Sans arôme artificiel. 30% de sucres en moins., Valeur énergétique en Joules :  298kj, Valeur énergétique en Kcal : 71kcal, Glucides : 15,4g, Lipides : 0,6g, Protides :0,3g, A consommer rapidement après ouverture.]|"
6,99€ / Kg"|"
7,55 €"
4140|Compotes Panaché 4 parfums|Le pack de 16 pots de 100g|[Origine : FRANCE, La qualité Materne, c'est un mode de fabrication qui préserve mieux les fruits associé à une sélection toujours plus rigoureuse des fruits. 25% de sucres en moins qu'une compote classique. Materne vous transmet ainsi le meilleur des fruits., Spécialité de pomme : pomme 93%, sucre, antioxydant : acide ascorbique. Spécialité de pomme fraise : pomme 71,5%, fraise 21,6%, source, concentrés (cassis, carottes), antioxydant : acide ascorbique. Spécialité  de pomme myrtille : pomme 78,6%, myrtille 15,2%, sucre, arôme naturel, antioxydant : acide ascorbique. Spécialité de pomme framboise : pomme 72,4%, framboise 20%, sucre, concentrés (cassis, carottes), antioxydant : acide ascorbique. Sans conservateur ni arôme ou colorant artificiels., Valeur énergétique en Joules :  331Kj, Valeur énergétique en Kcal : 78Kcal, Glucides : 17,4g, Lipides : 0,5g, Protides :0,3g]|"
3,72€ / Kg"|"
5,95 €"
4141|Pots gourmands au chocolat noisette|Les 3 pots de 200g|[Origine : FRANCE, Grâce à l'expertise Gayelord Hauser, savourez cette crème riche en protéines, avec ses 12 vitamines & 11 minéraux. Appréciez ce moment de plaisir, de gourmandise, tout en contrôlant votre ligne.Gayelord Hauser a conçu pour vous les repas minceur quiconviennent aussi bien aux personnes qui veulent prendre soin de leur ligne, stabiliser leur poids de forme, qu'à celles qui veulent rattraper un petit écart., Prêt à consommer. Meilleur frais ! Il est important de respecter le mode d'emploi., Lait écrémé, eau, sucre, caséinate de lait (émulsifiant : lécithine de soja), huile de colza, cacao en poudre, amidon modifié, maltodextrine, émulsifiant : E471, gélifiant (gomme guar et carraghénane), chocolat en poudre (0,5%), minéraux (citrate desodium, potassium et magnésium, calcium hydrogène phosphate, hydroxyde potassium, sulfate de fer, sulfate de zinc, cuivre et manganèse, sélénite de sodium, iodure de potassium), vitamines (C, A, E, B1, B2, B8, PP, B6,  B9, D, B12, B5), gélifiant : agar-agar, arôme, édulcorant : rébaudioside A extrait de Stévia., Valeur énergétique en Joules :  420, Valeur énergétique en Kcal : 100, Glucides : 11,5g, Lipides : 3,2g, Protides :6,3g, A conserver dans un endroit frais et sec.]|"
12,15€ / Kg"|"
7,29 €"
4142|Crème dessert à la vanille, nouvelle recette, format familial|Le pot de 570g|[Origine : FRANCE]|"
4,46€ / Kg"|"
2,54 €"
4143|Crème dessert praliné, format économique|La boîte de 570g|[Origine : FRANCE, La crème dessert Mont Blanc au praliné, c'est toute la gourmandise d'un dessert onctueux : un mélange d'amandes et de noisettes, du bon lait frais Toutes nos recettes de crème dessert contiennent 80% de lait en moyenne et moins de 5% de matières grasses., Lait (82%), sucre, sirop de glucose, praliné (2%) : sucre, noisettes, amandes, amidon transformé, maltodextrine, amidon, arôme, épaississants : alginate de sodium, carraghénanes, sel. Peut contenir des traces de blé. Sans conservateur., Valeur énergétique en Joules :  528Kj, Valeur énergétique en Kcal : 126,3Kc, Glucides : 19.7g, Lipides : 3.9g, Protides :2.9g, Après ouverture, la crème doit être placée au réfrigérateur à 4°C et consommée dans les 48h.]|"
4,68€ / Kg"|"
2,67 €"
4144|Goûters laitiers, chocolat et vanille|Les 4 gourdes de 85g|[Origine : FRANCE, Un goûter laitier équilibré, pratique qui se conserve en dehors du frigo., Ne pas laisser les enfants de moins de 36 mois sans surveillance avec le bouchon dévissable., Chocolat lait (85%) : sucre, poudre de lait écrémé, amidon transformé, fécule de manioc, 0,6% de chocolat (poudre de cacao, cacao maigre en poudre, pâte de cacao, sucre), cacao en poudre, épaississant : gomme de xanthane, arôme naturel de vanille, concentré de minéraux du lait, vitamine D. Vanille lait (85%) : sucre, maltodextrine, amidon transformé, fécule de manioc, épaississants : gomme de xanthane, carraghénanes, arôme naturel de vanille de Madagascar, concentré de minéraux du lait, vitamineD. Contient du lait. Peut contenir des traces de gluten et de fruits à coques. Sans colorant artificiel, sans arôme artificiel, sans conservateur., Valeur énergétique en Joules :  488kj, Valeur énergétique en Kcal : 116kcal, Glucides : 17,0g, Lipides : 3,5g, Protides :3,9g, Avant ouverture, se conserve à température ambiante. Après ouverture, la gourde doit être placée au réfrigérateur à 4°C et consommée dans les 24h.]|"
10,62€ / Kg"|"
3,61 €"
4145|La crème dessert au chocolat fin sans conservateur|Le pot de 570g|[Origine : FRANCE, La crème dessert au chocolat Mont Blanc, c'est toute la gourmandise d'un dessert onctueux, élaboré à partir d'ingrédients de qualité, rigoureusement sélectionnés : du bon lait frais, du chocolat. Toutes nos recettes de crèmes dessert contiennent 80%de lait en moyenne et moins de 5% de matières grasses., Lait (79%), sucre, cacao maigre en poudre (2,5%), 2% de chocolat (poudre de cacao, cacao maigre en poudre, pâte de cacao, sucre), amidon, amidon transformé, épaississant : gomme de xanthane. Contient du lait, peut contenir des traces de gluten et defruits à coques. Sans conservateur*. *Conformément à la réglementation., Valeur énergétique en Joules :  127kcal, Valeur énergétique en Kcal : 536kj, Glucides : 3,7g, Lipides : 3,4g, Protides :19,4g, Après ouverture, la crème doit être placée au réfrigérateur à 4°C et consommée dans les 48 heures.]|"
4,70€ / Kg"|"
2,68 €"
4146|Ananas en morceaux au jus d'ananas, certifié AB|Le bocal de 340g|[Origine : FRANCE, L'ananas Monoprix Bio se déguste à tout moment du repas. Afin de l'apprécier encore plus, nous vous conseillons de placer le bocal au réfrigérateur pendant 1 heure avant l'ouverture., Jus d'ananas. Contient des sucres naturellement présents, Valeur énergétique en Joules :  224Kj, Valeur énergétique en Kcal : 53Kcal, Glucides : 12g, Protides :0,53g, Avant ouverture : conserver dans un endroit sec à l'abri de la lumière  et de la chaleur. Après ouverture : conserver le bocal au réfrigérateur et consommer sous 2 à 3 jours.]|"
8,06€ / Kg"|"
2,74 €"
4147|Ananas en morceaux au jus d'ananas, certifié AB|Le bocal de 340g|[Origine : FRANCE, L'ananas Monoprix Bio se déguste à tout moment du repas. Afin de l'apprécier encore plus, nous vous conseillons de placer le bocal au réfrigérateur pendant 1 heure avant l'ouverture., Jus d'ananas. Contient des sucres naturellement présents, Valeur énergétique en Joules :  224Kj, Valeur énergétique en Kcal : 53Kcal, Glucides : 12g, Protides :0,53g, Avant ouverture : conserver dans un endroit sec à l'abri de la lumière  et de la chaleur. Après ouverture : conserver le bocal au réfrigérateur et consommer sous 2 à 3 jours.]|"
8,06€ / Kg"|"
2,74 €"
4148|Ananas en tranches au jus d'ananas|La boîte de 227g|[Origine : FRANCE, Ananas, jus d'ananas, acidifiant : acide citrique. Importé de Thaïlande., Valeur énergétique en Joules :  255kj, Valeur énergétique en Kcal : 60kcal, Glucides : 14g, Lipides : 0g, Protides :0,5g, A conserver dans un endroit frais à l'abri de la chaleur et de l'humidité .]|"
3,88€ / Kg"|"
0,88 €"
4149|Ananas en tranches au jus d'ananas|La boîte de 560g|[Origine : FRANCE, Ananas , jus d'ananas , acidifiant : acide citrique., Valeur énergétique en Joules :  255kj, Valeur énergétique en Kcal : 60kcal, Glucides : 14g, Lipides : 0g, Protides :0,5g, A conserver dans un endroit frais à l'abri de la chaleur et de l'humidité.]|"
2,50€ / Kg"|"
1,40 €"
4150|Griottes dénoyautées au sirop|Le bocal de 360g|[Origine : FRANCE, Les griottes au sirop Monoprix sont idéales pour préparer vos desserts, vos clafoutis mais peuvent également être consommées telles quelles., Griottes 61%, eau, sucre., Valeur énergétique en Joules :  293Kj, Valeur énergétique en Kcal : 69Kcal, Glucides : 16g, Lipides : 0,3g, Protides :0,6g, Après ouverture, bien refermer le bocal, le maintenir au frais et consommer rapidement.]|"
7,69€ / Kg"|"
2,77 €"
4151|Lychees au sirop|La boîte de 565g|[Origine : FRANCE, Lychees dénoyautés au sirop., Egouttez avant de servir bien frais, seuls ou dans vos salades de fruits., Lychees, eau, sucre, acidifiant : acide citrique., Valeur énergétique en Joules :  293Kj, Valeur énergétique en Kcal : 69KCal, Glucides : 16,3g, Lipides : 0,1g, Protides :0,7g, A conserver dans un endroit sec et tempéré.]|"
4,65€ / Kg"|"
2,63 €"
4152|Mangues en tranches au jus de mangue|Le bocal de 340g|[Origine : FRANCE, La mangue se déguste à tout moment de la journée. Afin de l'apprécier encore plus, nous vous suggérons de placer le bocal au réfrigérateur pendant 1heure avant l'ouverture., Monoprix a sélectionné pour vous, avec des entreprises partenaires, des produits issus de l'agriculture biologique. Leurs modes de production et de transformation sont contrôlés et certifiés par un organisme indépendant, conformément à la réglementation en vigueur. Les producteurs emploient des fertilisants respectueux de l'environnement et pratiquent la rotation des cultures afin de garder des sols vivants et une fertilité durable., Mangues*, jus de mangue*. *ingrédients d'origine agricole issus de l'agriculture  biologique., Valeur énergétique en Joules :  143kj, Valeur énergétique en Kcal : 34kcal, Glucides : 7,9g, Lipides : 0g, Protides :0,5g, Avant ouverture: conserver dans un endroit sec à l'abri de la lumière et de la chaleur. Après ouverture : conserver le bocal au réfrigérateur et consommer sous 2 à 3 jours.]|"
8,06€ / Kg"|"
2,74 €"
4153|Mangues en tranches au jus de mangue|Le bocal de 340g|[Origine : FRANCE, La mangue se déguste à tout moment de la journée. Afin de l'apprécier encore plus, nous vous suggérons de placer le bocal au réfrigérateur pendant 1heure avant l'ouverture., Monoprix a sélectionné pour vous, avec des entreprises partenaires, des produits issus de l'agriculture biologique. Leurs modes de production et de transformation sont contrôlés et certifiés par un organisme indépendant, conformément à la réglementation en vigueur. Les producteurs emploient des fertilisants respectueux de l'environnement et pratiquent la rotation des cultures afin de garder des sols vivants et une fertilité durable., Mangues*, jus de mangue*. *ingrédients d'origine agricole issus de l'agriculture  biologique., Valeur énergétique en Joules :  143kj, Valeur énergétique en Kcal : 34kcal, Glucides : 7,9g, Lipides : 0g, Protides :0,5g, Avant ouverture: conserver dans un endroit sec à l'abri de la lumière et de la chaleur. Après ouverture : conserver le bocal au réfrigérateur et consommer sous 2 à 3 jours.]|"
8,06€ / Kg"|"
2,74 €"
4154|Mirabelles avec noyaux au sirop|Le bocal de 385g|[Origine : FRANCE, Les mirabelles au sirop Monoprix sont idéales pour préparer vos desserts mais peuvent également être consommées telles quelles., Mirabelles 60%, eau, sucre, acidifiant : acide citrique., Valeur énergétique en Joules :  296Kj, Valeur énergétique en Kcal : 70KCal, Glucides : 16g, Lipides : 0,1g, Protides :0,99g, Après ouverture, bien refermer le bocal, le maintenir au frais et consommer rapidement.]|"
5,04€ / Kg"|"
1,94 €"
4155|Pêches au sirop léger|La boîte de 412g|[Origine : FRANCE, Pêches demi-fruits au sirop léger., Oreillons de pêches, eau, sirop de fructose-fructose, sucre liquide, acidifiant : acide citrique., Après ouverture, transvaser le produit dans un récipient non métallique, le conserver au réfrigérateur et consommer rapidement.]|"
2,45€ / Kg"|"
1,01 €"
4156|Poires Williams au sirop léger|La boîte de 412g|[Origine : FRANCE, Poires demi-fruits au sirop léger., Poires Williams demi-fruits, eau, sirop de glucose-fructose, sucre liquide, acidifiant : acide citrique., Après ouverture, transvaser le produit dans un récipient non métallique, le conserver au réfrigérateur et consommer rapidement.]|"
2,62€ / Kg"|"
1,08 €"
4157|Coulis de Fraise serraille|Le flacon de 215g|[Origine : FRANCE, Fraises, sucre. Préparé avec 70 g de fruit/100 g. Teneur totale en sucres : 8 g/100 g., A conserver au frais après ouverture.]|"
14,28€ / Kg"|"
3,07 €"
4158|Abricots demi-fruits au sirop|La boîte de 410g|[Origine : FRANCE, Pour une alimentation équilibrée , les experts recommandent de consommer 5 fruits et légumes par jour  qu'ils soient frais ou en conserve., Oreillons d'abricots , eau , sucre , sirop de glucose-fructose ., Valeur énergétique en Joules :  301Kj, Valeur énergétique en Kcal : 71KCal, Glucides : 17g, Lipides : 0,1g, Protides :0,5g]|"
5,15€ / Kg"|"
2,11 €"
4159|Ananas, tranches entières au sirop et jus d'ananas|La boîte de 570g|[Origine : FRANCE, Ananas (10 tranches), eau, sucre de canne, jus d'ananas, acidifiant : acide citrique. Sans conservateur., Valeur énergétique en Joules :  301Kj, Valeur énergétique en Kcal : 72KCal, Glucides : 17g, Lipides : 0,2g, Protides :0,3g]|"
4,49€ / Kg"|"
2,56 €"
4160|Ananas en morceaux au sirop léger|La boîte de 340g|[Origine : FRANCE, Sélection des fruits, respect du fruit, bienfaits nutritionnels., Ananas, eau, sucre de canne, jus d'ananas, acidifiant :acide citrique. Sans conservateur., Valeur énergétique en Joules :  340Kj, Valeur énergétique en Kcal : 80KCal, Glucides : 20g, Lipides : 0g, Protides :0g]|"
4,39€ / Kg"|"
2,46 €"
4162|Bigarreaux|La boîte de 425g|[Origine : FRANCE, Source de fibres., Bigarreaux, eau, sirop de glucose-fructose, sucre, colorant : E127. Sans conservateur., Valeur énergétique en Joules :  325kj, Valeur énergétique en Kcal : 77kcal, Glucides : 16,2g, Lipides : 0,5g, Protides :1g]|"
7,98€ / Kg"|"
3,39 €"
4163|Cocktail de fruits au sirop|La boîte de 850g|[Origine : FRANCE, Idéal frais., Pêches en cubes, poires en cubes, segments d'ananas, raisins, bigarreaux dénoyautés colorés avec E127, eau, sirop de glucose-fructose, sucre, acidifiant : acide citrique. Sans conservateur., Valeur énergétique en Joules :  298, Valeur énergétique en Kcal : 71,2, Glucides : 17, Lipides : 0,1, Protides :0,3]|"
3,55€ / Kg"|"
3,02 €"
4164|Cocktail de fruits au sirop|Le pack de 425g|[Origine : FRANCE, Cake fruits et chocolat ; 1 boîte de cocktail 1/2 St mamet, 50gr de beurre, 50gr de sucre roux, 2 oeufs, 80gr de farine, 1 sachet de levure chimique, 50gr de pépites de chocolat, 2 cuillères à soupe d'amandes effilées. Préchauffer le four th.6, battez le sucre et le beurre. Ajoutez les oeufs et mélangez jusqu'à obtenir un mélange mousseux. Ajoutez la farine et le levure, versez les pépites de chocolat et le cocktail de fruits égouttés dans la pâte, versez la préparation dans un moule à cake beurré, disposez les amandes effilées et enfournez, Pêches en cubes, poires en cubes, segments d'ananas, raisins, bigarreaux dénoyautés colorés, eau, sirop de glucose-fructose, sucre, acidifiant : acide citrique.]|"
4,31€ / Kg"|"
1,83 €"
4165|Cocktail de fruits au sirop|Les 3 boîtes, 636ml|[Origine : FRANCE, Les engagement st Mamet : sélection des fruits, respect du fruit, bienfaits nutritionnels. Le fruit par plaisir !, Pêches en cubes, poires en cubes, segments d'ananas, raisins, bigarreaux dénoyautés colorés avec E127, eau, sirop de glucose-fructose, sucre, acidifiant : acide citrique. Sans conservateur., Valeur énergétique en Joules :  298, Valeur énergétique en Kcal : 71,2, Glucides : 17, Lipides : 0,1, Protides :0,3]|"
4,94€ / Kg"|"
3,14 €"
4166|Fraises  au sirop riche en vitamine C, Sans coservateur.|La boite de 145g|[Origine : FRANCE, Les engagements St Mamet : sélection des fruits, respect du fruit, bienfaits nutritionnels. Le fruit par plaisir ! Source de fibres., Malgré tous les soins apportés à nos produits, le produit peut se tasser à la cuisson., Fraises, eau, sucre, affermissant : chlorure de calcium, colorant : E120., Valeur énergétique en Joules :  313kj, Valeur énergétique en Kcal : 74kcal, Glucides : 17,5g, Lipides : 0,1g, Protides :0,3g]|"
4,84€ / Kg"|"
2,01 €"
4167|Fruitesse sans sucre ajoutés, Cocktail au jus|Le pack de 2 boites de 220g|[Origine : FRANCE, Avec St Mamet faites le plein de moments fruités ! Les engagements St Mamet : sélection des fruits, respect du fruit, bienfaits nutritionnels. Le fruit par plaisir !, Pêches en cubes, poires en cubes, segments d'ananas, raisins, bigarreaux dénoyautés colorés avec E127, jus de raisin, acidifiant : acide citrique. Sans conservateur. Sans sucres ajoutés.]|"
5,43€ / Kg"|"
2,39 €"
4169|Poire William, demi-fruits au sirop|La boîte de 850g|[Origine : FRANCE, Pour une alimentation équilibrée les experts recommandent de consommer 5 fruits et légumes par jour qu'ils soient frais , cuits , surgelés ou en conserve., Poires William demi fruits , eau , sirop de glucose-fructose , sucre , acidifiant :acide citrique.Sans conservateur., Valeur énergétique en Joules :  296Kj, Valeur énergétique en Kcal : 70KCal, Glucides : 17g, Lipides : 0,1g, Protides :0,2g]|"
3,33€ / Kg"|"
2,83 €"
4170|Salad'ananas multivitamines|Le pot de 400g|[Origine : PHILIPPINES, Pour faire voyager vos papilles, St Mamet a sélectionné pour vous le meilleur de l'ananas., Ananas, jus d?ananas, concentrÍ d?ananas, antioxydant : acide ascorbique, vitamines : E, C, B1, B2, B3, B5, B6, B9, acidifiant : acide citrique. Le produit ne contient ni OGM, ni ingrÍdients ionisÍs., Valeur énergétique en Joules :  248, Valeur énergétique en Kcal : 59, Glucides : 13.4, Lipides : 0.1, Protides :0.5, Se conserve dans un endroit frais et sec à l'abri de la lumière. Après ouverture : se conserve 3 à 4 jours au réfrigérateur.]|"
7,60€ / Kg"|"
3,04 €"
4171|Salad'tropic multivitamines|Le pot de 400g|[Origine : PHILIPPINES, Pour faire voyager vos papilles, St Mamet a créé pour vous une recette exotique et gourmande !, Idéal dégusté frais., Morceaux de fruits en proportion variable = papayes rouges et jaunes (31%), ananas (26%), jus d?ananas et de fruits de la passion, antioxydant : acide ascorbique, vitamines : E, C, B1, B2, B3, B5, B6, B9, acidifiant : acide citrique. Le produit ne contient ni OGM, ni ingrÍdients ionisÍs., Valeur énergétique en Joules :  219, Valeur énergétique en Kcal : 52, Glucides : 11.7, Lipides : 0.1, Protides :0.5, Se conserve dans un endroit frais et sec à l'abri de la lumière. Après ouverture : se conserve 3 à 4 jours au réfrigérateur.]|"
7,60€ / Kg"|"
3,04 €"
4172|Farine de blé type 55|Le paquet de 1kg|[Origine : FRANCE, Une fois tamisée, cette farine d'excellente qualité vous permettra d'élaborer au quotidien toutes vos préparations culinaires., La farine de blé Monoprix sera l'ingrédient idéal pour toutes vos recettes : gâteaux, pâtes à crêpes, cakes ou même votre pâtisserie favorite., 100% farine de blé., Valeur énergétique en Joules :  1372Kj, Valeur énergétique en Kcal : 323KCal, Glucides : 68g, Lipides : 1g, Protides :10,5g, A conserver à l'abri de la chaleur et de l'humidité. Produit sujet à dessiccation.]|"
0,67€ / Kg"|"
0,67 €"
4173|Farine de blé type 65|Le paquet de 1kg|[Origine : ALLEMAGNE, Farine de blé type 65 issue de l'agriculture biologique., A conserver à l'abri de la chaleur et de l'humidité. Après ouverture , bien refermer le paquet.]|"
1,70€ / Kg"|"
1,70 €"
4174|Farine de blé type 65|Le paquet de 1kg|[Origine : ALLEMAGNE, Farine de blé type 65 issue de l'agriculture biologique., A conserver à l'abri de la chaleur et de l'humidité. Après ouverture , bien refermer le paquet.]|"
1,70€ / Kg"|"
1,70 €"
4175|Farine fluide|Le paquet de 1kg|[Origine : FRANCE, Par la finesse de son grain, la farine fluide Monoprix vous aidera à réussir parfaitement vos pâtisseries et facilitera votre cuisine au quotidien., Farine de blé type 45 fluide., Valeur énergétique en Joules :  1365Kj, Valeur énergétique en Kcal : 322Kcal, Glucides : 68g, Lipides : 1,5g, Protides :9g, A conserver à l'abri de la chaleur et de l'humidité. Produit sujet à dessiccation.]|"
0,70€ / Kg"|"
0,70 €"
4176|Farine à gateaux avec poudre à lever|La poche de 750g|[Origine : LUXEMBOURG, Extra moelleux, sans grumeaux, dosage pratique., Farine de blÍ avec poudre Å lever : farine de blÍ Type 45, poudre Å lever (diphosphate disodique, bicarbonate de sodium), amidon. Contient du gluten., Valeur énergétique en Joules :  1460kj, Valeur énergétique en Kcal : 344kcal, Glucides : 72g, Lipides : 1,1g, Protides :10,1g, A conserver au sec. Produit sujet à dessiccation.]|"
2,73€ / Kg"|"
2,05 €"
4177|Farine fluide sans grumeaux pour pâtisserie et cuisine|Le paquet de 750g|[Origine : LUXEMBOURG, Valeur énergétique en Joules :  1540kj, Valeur énergétique en Kcal : 340kcal, Glucides : 74g, Lipides : 1,1g, Protides :10g]|"
2,56€ / Kg"|"
1,92 €"
4178|Graines de courge|Le sachet de 250g|[Origine : LUXEMBOURG, Donnez du caractère à vos 'pains maison' en ajoutant de 50 à 75 g de ces savoureuses graines pour un pain de 500 g. Accompagne aussi merveilleusement céréales, salades, plats d'été, Graines de courge  -  AllergÈne : /  -  Traces possibles de : gluten, oeuf, soja, lait, fruits Å coque, moutarde, sÍsame, lupin et sulfites., Valeur énergétique en Joules :  2419kj, Valeur énergétique en Kcal : 583kcal, Glucides : 11g, Lipides : 47g, Protides :29g, A conserver au sec. Conditionné sous atmosphère protectrice.]|"
16,44€ / Kg"|"
4,11 €"
4179|Graines de lin brun|Le sachet de 250g|[Origine : LUXEMBOURG, Donnez du caractère à vos 'pains maison' en ajoutant de 50 à 75 g de ces savoureuses graines pour un pain de 500 g. Accompagne aussi merveilleusement céréales, salades, plats d'été, Graines de lin brun  -  AllergÈne : /  -  Traces possibles de : gluten, oeuf, soja, lait, fruits Å coque, moutarde, sÍsame, lupin et sulfites., Valeur énergétique en Joules :  2296kj, Valeur énergétique en Kcal : 552kcal, Glucides : 29g, Lipides : 47g, Protides :19g, A conserver au sec. Conditionné sous atmosphère protectrice.]|"
9,04€ / Kg"|"
2,26 €"
4180|Graines de sésame toastées|Le sachet de 250g|[Origine : LUXEMBOURG, Donnez du caractère à vos 'pains maison' en ajoutant de 50 à 75 g de ces savoureuses graines pour un pain de 500 g. Accompagne aussi merveilleusement céréales, salades, plats d'été, Graines de sÍsame toastÍes  -  AllergÈne : sÍsame  -  Traces possibles de : gluten, oeuf, soja, lait, fruits Å coque, moutarde, lupin et sulfites., Valeur énergétique en Joules :  2399kj, Valeur énergétique en Kcal : 580kcal, Glucides : 2g, Lipides : 54g, Protides :23g, A conserver au sec. Conditionné sous atmosphère protectrice.]|"
12,32€ / Kg"|"
3,08 €"
4181|Pignons de pin|Le sachet de 200g|[Origine : LUXEMBOURG, Usage: cuisine. Boulangerie. Pâtisserie : l'utilisation des pignons de pin n'a d'égale que votre créativité. Grillés ou nature, en salade, sauces, pains de viandes, mais aussi pains, biscuits, cookies, Pignons de pin  -  AllergÈne : /  -  Traces possibles de : gluten, oeuf, soja, lait, fruits Å coque, moutarde, sÍsame, lupin et sulfites., Valeur énergétique en Joules :  2874kj, Valeur énergétique en Kcal : 697kcal, Glucides : 4g, Lipides : 69g, Protides :14g, A conserver au sec. Conditionné sous atmosphère protectrice.]|"
48,85€ / Kg"|"
9,77 €"
4182|Spécialité céréalière à cuire|La boîte de 500g|[Origine : FRANCE, Floraline est une spécialité céréalière à cuire, élaborée à partir d'une sélection rigoureuse de semoules de blé dur. Floraline, votre complice au quotidien qui donne finesse et gourmandise à tous vos potages, gratins, desserts..., Valeur énergétique en Joules :  1610kj, Valeur énergétique en Kcal : 379kcal, Glucides : 77g, Lipides : 2,1g, Protides :13,5g, A conserver dans un endroit sec et frais.]|"
4,92€ / Kg"|"
2,46 €"
4183|Farine de blé|Le paquet de 1kg|[Origine : FRANCE, Francine associe tous les intérêts nutritionnels des meilleurs blés : des protéines végétales, des glucides d'assimilation lente et des fibres indispensables à notre équilibre alimentaire.]|"
1,11€ / Kg"|"
1,11 €"
4184|Farine de blé bio|Le paquet de 1kg|[Origine : FRANCE, La farine de blé bio Francine est garantie sans grumeaux. Facile à travailler, elle est idéale pour tous les usages (crêpes, gâteaux, pâtes à tarte, sauces)., farine de blé* type 55. *Issus de l'agriculture biologique., Valeur énergétique en Joules :  1430kj, Valeur énergétique en Kcal : 337kcal, Glucides : 71g, Lipides : 1,1g, Protides :9,4g, Conservez à l'abri de la chaleur et de l'humidité.]|"
2,39€ / Kg"|"
2,39 €"
4185|Farine de blé complet|La boîte de 1kg|[Origine : FRANCE, Francine à sélectionné pour vous une variété de blés qui permet d'obtenir une farine complète idéale. La farine Complète Francine offre un goût plus doux pour satisfaire vos papilles tout en gardant ses intérêts nutritionnels !, Valeur énergétique en Joules :  1448kj, Valeur énergétique en Kcal : 342kcal, Glucides : 65,0g, Lipides : 1,8g, Protides :12,4g]|"
1,99€ / Kg"|"
1,99 €"
4188|Farine de blé Suprême|La boîte de 1kg|[Origine : FRANCE, La farine de première extraction. Elle est issue d'un procédé élaboré permettent de prélever, à la première extraction, les particules du coeur de l'amande de blé d'une grande pureté.C'est l'assurance d'une farine de haute qualité, garantie sans grumeaux. La farine Suprême Francine permet la réussite d'une cuisine et d'une pâtisserie d'une grande finesse.]|"
2,11€ / Kg"|"
2,11 €"
4190|Farine multi-céréales|Le paquet de 1,5kg|[Origine : FRANCE, Valeur énergétique en Joules :  1607kj, Valeur énergétique en Kcal : 381kcal, Glucides : 2,3g, Lipides : 0,8g, Protides :13,7g]|"
1,97€ / Kg"|"
2,95 €"
4191|Farine pour brioche|Le paquet de 1,5kg|[Origine : FRANCE, Valeur énergétique en Joules :  1566kj, Valeur énergétique en Kcal : 370kcal, Glucides : 67,5g, Protides :15,7g]|"
2,33€ / Kg"|"
3,49 €"
4192|Farine pour pain maison|Le paquet de 1,5kg|[Origine : FRANCE, Valeur énergétique en Joules :  1429kj, Valeur énergétique en Kcal : 337kcal, Glucides : 0,7g, Lipides : 0,2g, Protides :12g]|"
1,96€ / Kg"|"
2,94 €"
4193|Francine farine de ble  cereales & graines|Le paquet de 1k|[Origine : FRANCE, Pour tous les usages, la farine de blé céréales et graines Francine vous permet d'apporter une touche d'originalité et de croquant dans toutes vos recettes., Farine de blé, graines de pavot, farine de maïs toasté, graines de lin brun, graines de millet, malt d orge. Céréales : 95%. Graines : 5%., Valeur énergétique en Joules :  1457kj, Valeur énergétique en Kcal : 344kcal, Glucides : 65,9g, Lipides : 2,9g, Protides :10,5g, A conserver à l'abri de la chaleur et de l'humidité.]|"
1,99€ / Kg"|"
1,99 €"
4195|Préparation pour crêpes                                          Ma pate à crêpes légères et moelleuses|Le paquet de 380g|[Origine : FRANCE, Grâce à son savoir-faire inégalé, Francine vous propose des farines et des préparations pour vous simplifier la cuisine et créer des recettes savoureuses., Pour ma pâte à crêpes j'ajoute : 50 cl de lait (1/2 l), 1 cuillère à soupe d'huile typez tournesol (10 g). Temps de cuisson : 3 à 4 minutes. Dans un saladier, je verse le lait puis le contenu d'un sachet tout en remuant avec un fouet. J'ajoute l'huile, et je mélange bien. Pas besoin de laisser reposer la pâte ! Je verse ma pâte dans une poêle légèrement huilée et bien chaude. Une fois cuite je la retourne. Je laisse dorer l'autre face. Je garnis selon mes envies et je déguste., A conserver à l'abri de la chaleur et de l'humidité.]|"
6,03€ / Kg"|"
2,29 €"
4196|Préparation pour pizza                                           Ma pate à pizza|La boîte de 520g|[Origine : FRANCE, Grâce à son savoir-faire inégalé, Francine vous propose des farines et des préparations pour vous simplifier la cuisine et créer des recettes savoureuses., Pour ma pâte à pizza j'ajoute : 15 cl d'eau chaude, par brûlante, 3 cuillères à soupe d'huile d'olive (30 g). Temps de cuisson : 15 à 20 minutes. Je préchauffe le four à 240°C (th. 8). Je verse un sachet dans un saladier, je creuse un puits pour y verser un sachet de levure boulangère puis l'eau et l'huile d'olive. Je mélange quelques minutes jusqu'à former une boule de pâte (avec une cuillère en bois, c'est encore mieux). J'étale ma boule de pâte du bout des doigts légèrement farinés dans un plat à pizza. Je garnis selon mes envies et j'enfourne pour 15 à 20 minutes. C'est prêt, je déguste !, Farine de blé, sel, poudre à lever : E500, E575, oignon en poudre, levure boulangère sèche (émulsifiant : E491)., Valeur énergétique en Joules :  1406kj, Valeur énergétique en Kcal : 332kcal, Glucides : 68,6g, Lipides : 1,1g, Protides :9,8g, A conserver à l'abri de la chaleur et de l'humidité.]|"
3,92€ / Kg"|"
2,04 €"
4197|Fleur de maïs pour une cuisine légère|La boîte de 400g|[Origine : FRANCE, Pour sauces et gâteaux : pour une cuisine plus légère., Deux grands usages. Pour des gâteaux légers et moelleux, remplacez une partie de la quantité de farine indiquée dans votre recette par la fleur de maïs. Pour des sauces, crèmes, soupes liées et onctueuses, délayez  la fleur de maïs dans un verre de liquide froid (eau, lait, bouillon) puis ajoutez ce mélange au liquide chaud de la sauce, de la crème ou de la soupe.]|"
5,28€ / Kg"|"
2,11 €"
4198|Sauceline, liant pour sauces et plats en sauce|La boîte de 250g|[Origine : FRANCE, Pour lier et rattraper sauces et plats en sauce., Se dilue à chaud sans grumeaux. Quand une sauce est trop épaisse, il suffit d'ajouter un peu de liquide pour la rendre plus fluide. Pour donner plus de goût à une sauce, il suffit de la préparer avec les sucs de cuisson d'une viande ou avec un bouillon de légumes., Fécule, lactose, maltodextrine, farine de riz, graisse de palme, protéines de lait. Produit sans gluten.]|"
8,12€ / Kg"|"
2,03 €"
4199|Farine de pois chiches|Le paquet de 500g|[Origine : FRANCE, Garder à l'abri du soleil dans un endroit propre, frais et sec.]|"
3,42€ / Kg"|"
1,71 €"
4200|Farine de maïs|Le paquet de 500g|[Origine : FRANCE, Garder à l'abri du soleil dans un endroit propre, frais et sec.]|"
4,82€ / Kg"|"
2,41 €"
4201|Chapelure Dorée extra croustillante|La boite de 250g|[Origine : FRANCE, Tipiak redécouvre pour vous la chapelure et s'en inspire pour créer : Chapelure Dorée une chapelure spécialement adaptée aux panés pour une croustillance extra., Pour paner : plongez vos escalopes, filets de poisson ou galettes de légumes dans un oeuf battu avec une pincée de sel. Saupoudrez les de Chapelure Dorée des 2 côtés, de manière uniforme. Saisissez dans une poêle avec du beurre (ou de l'huile) chaudpuis cuisez à feu doux 5 min de chaque côté. Pour gratiner : saupoudrez généreusement de Chapelure Dorée. Parsemez de fromage râpé ou de petits copeaux de beurre puis faites dorer au four., Farine de blé, sel, levure, épice (curcuma, paprika). Présence de gluten. Traces possibles d'oeuf., A conserver à l'abri de l'humidité et de la chaleur et après ouverture, si possible dans une boite hermétique.]|"
4,16€ / Kg"|"
1,04 €"
4202|F{cule de pomme de terre, remplace la farine|La boîte de 250g|[Origine : FRANCE, Depuis 150 ans, Tipiak sélectionne les meilleurs ingrédients à travers le monde pour élaborer ses produits. La Fécule Tipiak est un produit d'origine 100% végétale.Avec elle, obtenez des sauces et potages veloutés, des crèmes dessert onctueuses et des pâtisseries au moelleux incomparable., Pour des sauces onctueuses, potages veloutés, gâteaux légers. Au four: gâteaux légers et moelleux, remplacez 1/3 de la farine par de la Fécule. A la poêle: crêpes fines et légères, remplacez la moitié de la farine par de la Fécule. Pancakes légers etmoelleux, remplacez 1/3 de la farine par de la Fécule. A la casserole, délayez préalablement la Fécule dans un peu de liquide froid. Incorporez au liquide bouillant. Cuisez à feu moyen jusqu'à obtenir la texture désirée. Dosages pour 1/2L : des crèmes dessert onctueuses, crèmes légères: 21g de Fécule, crèmes épaisses: 35g de Fécule. Des sauces inratables, sauces légères: 7g de Fécule, sauces épaisses: 14g de Fécule. Des potages liés et veloutés, potages liés: 14g de Fécule, potages veloutés: 21g de Fécule. 1 cuillère à soupe rase = 7g de Fécule., 100% fécule de pomme de terre. Traces possibles de gluten., A conserver dans un endroit sec.]|"
4,16€ / Kg"|"
1,04 €"
4203|Fine chapelure de pain, finesse et gratiné|La boîte de 250g|[Origine : FRANCE, Tipiak redécouvre pour vous la chapelure d'antan issue du pain et s'en inspire pour créer : fine Chapelure de Pain, une chapelure spécialement fine pour une croustillance unique., Pour paner : plongez vos escalopes, filets de poisson ou galettes de légumes dans un oeuf battu avec une pincée de sel. Saupoudrez les de Fine Chapelure des 2 côtés, de manière uniforme. Saisissez dans une poêle avec du beurre (ou de l'huile) chaud puis cuisez à feu doux 5 min de chaque côté. Pour gratiner : saupoudrez généreusement de Fine Chapelure. Parsemez de fromage râpé ou de petits copeaux de beurre puis faites dorer au four., Farine de ble, sirop de glucose, huile de palme, levure, sel, extrait de malt d'orge, lactose, protéines de lait, émulsifiant : E471 et E472e, antioxygene : acide ascorbique. Traces possibles d'oeuf, soja, noix et sesame., A conserver à l'abri de l'humidité et de la chaleur et, après ouverture, si possible dans une boîte hermétique.]|"
2,84€ / Kg"|"
0,71 €"
4204|Tapioca, recette traditionnelle                                  Velouté et onctuosité pour les soupes et les desserts|La boîte de 250g|[Origine : FRANCE, Le Tapioca : de petits grains cristallins, idéal pour velouter vos soupes, varier des pâtes à potage et vermicelles et apporter onctuosité à vos desserts., Versez le Tapioca en pluie dans le liquide bouillant tout en remuant. Faites cuire 7 min à feu doux tout en remuant régulièrement. Le Tapioca est cuit lorsqu'il est transparent., 100% fécule de manioc. Traces possibles de gluten., A conserver à l'abri de l'humidité.]|"
6,48€ / Kg"|"
1,62 €"
4205|Farine de sarrasin|Le paquet de 1kg|[Origine : FRANCE, La farine Treblec est produite exclusivement en Bretagne dans un moulin spécialisé dans la mouture du blé noir. Treblec vous assure une qualité régulière pour des galettes toujours réussies., Farine de sarrasin dit blé noir. Peut contenir des traces de gluten., A conserver dans un endroit sec et frais. Produit à dessiccation.]|"
2,63€ / Kg"|"
2,63 €"
4206|Chapelure|Le sachet de 250g|[Origine : FRANCE, Vivien Paille a mis tout son savoir faire pour confectionner une délicieuse chapelure à base de morceaux de pain broyé. Emballage poche pratique, étanche, dosage précis., La chapelure Vivien Paille vous permettra de réussir vos gratins, de faire croustiller vos desserts mais aussi de paner poissons, viandes et volailles., Farine de blé, eau, huile et matière grasse végétale (colza), sucre, levure, gluten de blé, sel, farine de seigle, son, dextrose, malt d'orge, farine de fève., Valeur énergétique en Joules :  1642, Valeur énergétique en Kcal : 389, Glucides : 64.7, Lipides : 7.5, Protides :12.2, A conserver à l'abri de la lumière et de la chaleur.]|"
5,96€ / Kg"|"
1,49 €"
4207|Préparation à base de sucre en grain, arôme Barbe à papa|Le flacon de 80g|[Origine : FRANCE]|"
47,00€ / Kg"|"
3,76 €"
4209|Préparation à base de sucre en grain arôme pomme verte|Le flacon de 80g|[Origine : FRANCE]|"
47,00€ / Kg"|"
3,76 €"
4210|Préparation à base de sucre en grain arôme Sucre de canne|Le flacon de 80g|[Origine : ILE MAURICE, Sucre cristal]|"
47,00€ / Kg"|"
3,76 €"
4211|Préparation à base de sucre en grain arôme Tarte Fraise|Le flacon de 80g|[Origine : FRANCE]|"
47,00€ / Kg"|"
3,76 €"
4212|Préparation à base de sucre en grain arôme Violette|Le flacon de 80g|[Origine : FRANCE]|"
47,00€ / Kg"|"
3,76 €"
4213|Sucre pour barbapapa|Le pot de 300g|[Origine : FRANCE, SUCRE CRISTAL, AROME NATUREL, COLORANTS E124*]|"
21,20€ / Kg"|"
5,30 €"
4215|Cassonade, sucre de canne en poudre|Le paquet de 750g|[Origine : FRANCE, Sachet : 100% hermétique, solidité garantie, plus pratique, recyclable., Sucre brut de canne en poudre.]|"
2,96€ / Kg"|"
2,22 €"
4216|Sucre blanc en poudre spécial confitures|Le paquet de 1kg|[Origine : FRANCE, Ce sucre Spécial Confitures vous permet de préparer des confitures avec 20% de fruits en plus, en 5 minutes de cuisson seulement !Sans additif de synthèse, ni conservateur, cette composition vous permet de retrouver intact le goût  naturel des fruits. Son mode d'emploi est très simple et identique pour tous les fruits., Trempez vos pots dans de l'eau bouillante, égouttez-les en les renversant sur un linge propre. Préparation : lavez, épluchez, dénoyautez vos fruits. Coupez-les en petits morceaux. Mélanger 1,2 kg de fruits préparés avec 1 kg de sucre spécial confitures dans une casserole à large ouverture. Cuisson : portez à ébullition sur feu vif. Maintenez l'ébullition pendant 5 minutes tout en continuant de remuer. Mise en pots : remplissez vos pots à chaud. Couvrez-les immédiatement et retournez-les pendant3 minutes., Sucre, gélifiant (moins de 1%) : carraghénanes, farine de graines de caroube. Sans additif de synthèse, ni conservateur.]|"
2,74€ / Kg"|"
2,74 €"
4217|Sucre cristal|Le paquet de 1kg|[Origine : FRANCE, Une bonne santé se construit grâce à une alimentation variée, car notre organisme a besoin de sources de nutriments diversifiées pour bien fonctionner.Utilisé sans excès, le sucre donne plaisir à consommer de nombreux aliments et participe à cette diversité., Sucre cristal., Valeur énergétique en Joules :  1700kj, Valeur énergétique en Kcal : 400kcal, Glucides : 100g, Lipides : 0g, Protides :0g]|"
1,48€ / Kg"|"
1,48 €"
4218|Sucre cristal|Le sac de 5kg|[Origine : FRANCE, Sucre cristal., Valeur énergétique en Joules :  1700kj, Valeur énergétique en Kcal : 400kcal, Glucides : 100g, Lipides : 0g, Protides :0g]|"
1,34€ / Kg"|"
6,68 €"
4219|Sucre de canne en poudre|Le paquet de 750g|[Origine : FRANCE, Spécialité sucrière, 100% pur sucre canne]|"
3,16€ / Kg"|"
2,37 €"
4220|Sucre de canne en poudre, brut non raffiné, certifié AB|Le paquet de 500g|[Origine : FRANCE, Blonvilliers étant aujourd'hui sa gamme en vous offrant un sucre biologique certifié commerce équitable. Blondvilliers Blond de Canne ne subit pas de raffinage., Sucre brut de canne bio.]|"
4,78€ / Kg"|"
2,39 €"
4222|Sucre de canne en poudre, spécialité sucrière|La boîte de 1Kg|[Origine : FRANCE, 100% pure canne.]|"
2,32€ / Kg"|"
2,32 €"
4223|Sucre en poudre|La boîte de 1kg|[Origine : FRANCE, Sucre., Valeur énergétique en Joules :  1700kj, Valeur énergétique en Kcal : 400kcal, Glucides : 100g, Lipides : 0g, Protides :0g]|"
1,56€ / Kg"|"
1,56 €"
4224|Sucre en poudre|La boîte de 500g|[Origine : FRANCE, Sucre., Valeur énergétique en Joules :  1700kj, Valeur énergétique en Kcal : 400kcal, Glucides : 100g, Lipides : 0g, Protides :0g]|"
2,24€ / Kg"|"
1,12 €"
4225|Sucre en poudre|Le doypack de 750g|[Origine : FRANCE]|"
2,32€ / Kg"|"
1,74 €"
4226|Cassonade pure canne, sucre en poudre pure canne|Le sachet de 750g|[Origine : FRANCE]|"
2,75€ / Kg"|"
2,06 €"
4227|Sucre cristal|Le paquet de 1kg|[Origine : FRANCE, Sucre cristal]|"
1,68€ / Kg"|"
1,68 €"
4228|Sucre cristal|Le sachet de 5kg|[Origine : FRANCE]|"
1,68€ / Kg"|"
8,39 €"
4229|Sucre en poudre|La boîte de 1kg|[Origine : FRANCE, Sucre]|"
1,38€ / Kg"|"
1,38 €"
4230|Sucre en poudre|Le paquet de 750g|[Origine : FRANCE, Surprenant et très pratique, Daddy créé ce conditionnement tout en transparence pour vous accompagner au quotidien et vous simplifier la vie ! Ouverture et fermeture faciles. Versage précis. Etanche et anti-fuite. Facile à jeter., Sucre en poudre.]|"
1,65€ / Kg"|"
1,24 €"
4231|Sucre en poudre, distributeur de buchettes|La boîte de 100 buchettes|[Origine : FRANCE, Sucre en poudre.]|"
5,36€ / Kg"|"
2,68 €"
4232|Sucre en poudre, facile à verser|La boîte de 500g|[Origine : FRANCE, Tout blanc et pur, fin ou croquant, le sucre blanc Daddy vous accompagne dès le petit déjeuner et toute la journée : du  yaourt aux boissons chaudes, de la pause café jusqu'aux desserts maison., Sucre en poudre.]|"
1,86€ / Kg"|"
0,93 €"
4233|Sucre glace|La boîte de 500g|[Origine : FRANCE, Utilisé comme ingrédient pour un usage pâtissier, le sucre glace Daddy donne du fondant et de la légèreté à vos desserts, il est parfait pour le glaçage et la décoration de vos gâteaux., 485g de sucre, 15g d'amidon fécule non allergène]|"
3,40€ / Kg"|"
1,70 €"
4234|Cassonade, sucre de canne en poudre|La brique de 750g|[Origine : FRANCE, Un format pack qui protège de l'humidité. Un emballage rigide avec un bouchon précision pour plus de praticité., Sucre de canne., Température ambiante.]|"
2,89€ / Kg"|"
2,17 €"
4235|Cassonade, sucre de canne en poudre|Le paquet de 500g|[Origine : FRANCE, La cassonade est le résultat d'un jus de canne. Sa saveur agrémentera avec bonheur vos pâtisseries, salades de fruits, yaourts et fromages blancs., Sucre brut de canne.]|"
3,48€ / Kg"|"
1,74 €"
4236|Preparation extra fin|La boite de 750g|[Origine : FRANCE, Un format 'Pack' qui protège de l'humidité. Un emballage rigide avec un bouchon précision pour plus de praticité., Sucre.]|"
2,49€ / Kg"|"
1,87 €"
4237|Sucre en poudre|La brique de 500g|[Origine : FRANCE, Les atouts du pack : protège de l'humidité, bouchon verseur, emballage, nature., Sucre.]|"
2,80€ / Kg"|"
1,40 €"
4238|Sucre en poudre|La brique de 750g|[Origine : FRANCE, Les atouts du 'pack': protège de l'humidité, précis jusqu'au dernier grain et emballage nature.Les atouts du 'pack': protège de l'humidité, précis jusqu'au dernier grain et emballage nature., Sucre]|"
2,15€ / Kg"|"
1,61 €"
4239|Sucre en poudre pure canne|La brique de 500g|[Origine : FRANCE]|"
4,58€ / Kg"|"
2,29 €"
4240|Sucre en poudre pure canne|La brique de 500g|[Origine : FRANCE]|"
4,58€ / Kg"|"
2,29 €"
4241|Sucre vanillé de Madagascar, vanille intense au sucre roux de canne|Le paquet de 5 sachets, 7,5g|[Origine : FRANCE, A la vanille Bourbon. Goût intense. Riche en vanille : +35% par rapport à un sucre vanillé standard., Cassonade (96,6%), gousse de vanille broyée origine Madagascar (1,4%), extrait naturel de vanille origine Madagascar, amidon de maïs.]|"
76,53€ / Kg"|"
2,87 €"
4242|Sucre de canne en morceaux, certifié AB|La boîte de 500g|[Origine : FRANCE, Le sucre en morceaux Monoprix Bio a été obtenu en moulant et en séchant des cristaux de sucre de canne biologique non raffiné. Il est naturellement parfumé., Sucre de canne du Paraguay ., A conserver à l'abri de la chaleur et de l'humidité.]|"
5,34€ / Kg"|"
2,67 €"
4243|Sucre de canne en morceaux, certifié AB|La boîte de 500g|[Origine : FRANCE, Le sucre en morceaux Monoprix Bio a été obtenu en moulant et en séchant des cristaux de sucre de canne biologique non raffiné. Il est naturellement parfumé., Sucre de canne du Paraguay ., A conserver à l'abri de la chaleur et de l'humidité.]|"
5,34€ / Kg"|"
2,67 €"
4244|Sucre de canne en morceaux|La boîte de 1Kg|[Origine : FRANCE, 168 morceaux traditionnels., sucre de canne, caramel de canne. Pure 100% canne.]|"
2,49€ / Kg"|"
2,49 €"
4245|Sucre de canne en morceaux|La boîte de 750g|[Origine : FRANCE, La qualité La Perruche est issue d'une sélection rigoureuse des meilleurs plants de canne à sucre. Son goût authentique pure canne et sa couleur ambrée sont les garanties d'un produit de qualité unique., Sucre de canne, caramel de canne.]|"
3,32€ / Kg"|"
2,49 €"
4246|Sucre en morceaux traditionnels N°4|La boîte de 1kg|[Origine : FRANCE, Valeur énergétique en Joules :  1700kj, Valeur énergétique en Kcal : 400kcal, Glucides : 100g, Lipides : 0g, Protides :0g]|"
1,41€ / Kg"|"
1,41 €"
4247|Cassonade douce|Le doypack de 500g|[Origine : ILE MAURICE]|"
5,96€ / Kg"|"
2,98 €"
4248|Petits cubes pure 100% pure canne|La boite de 500g|[Origine : FRANCE, Sucre de canne, caramel pure sucre de canne.]|"
3,20€ / Kg"|"
1,60 €"
4249|Sucre en morceaux N°4|La boîte de 1kg|[Origine : FRANCE, Sucre]|"
1,33€ / Kg"|"
1,33 €"
4250|Sucres enveloppés|Le paquet de 750g|[Origine : FRANCE, Sucre en morceaux enveloppés.]|"
3,56€ / Kg"|"
2,67 €"
4251|Sucres ronds en demi-morceaux|La boîte de 750g|[Origine : FRANCE, Le demi-morceau de sucre Daddy, une forme inédite et si pratique pour sucrer vos boissons avec 3g de sucre seulement  et sans avoir à casser un grand morceau de sucre.Tout rond, tout blanc, il a tout de bon. Plus de morceaux dans une boîte plus petite. Daddy sucre rond encore plus pratique., Sucre blanc.]|"
1,72€ / Kg"|"
1,29 €"
4253|Sucre de canne en morceaux|La boîte de 1kg|[Origine : FRANCE, Sucre de canne, sucre liquide de canne, colorant : caramel ordinaire de sucre de canne.]|"
2,36€ / Kg"|"
2,36 €"
4254|Sucre de canne en petits morceaux|La boîte de 1kg|[Origine : FRANCE, Sucre de canne, sucre liquide de canne, colorant : caramel ordinaire de sucre de canne.]|"
2,40€ / Kg"|"
2,40 €"
4255|Edulcorant de table à base d'aspartame|La boîte de 300 comprimés|[Origine : FRANCE, Un comprimé d'édulcorant équivaut à une cuillère à café de sucre., Lactose, édulcorants : aspartame (12,9%), acésulfame-k (12,9%), carboxyméthylcellulose de sodium réticulée-L-leucine. Contient une source de phénylalanine., Valeur énergétique en Joules :  1462kj, Valeur énergétique en Kcal : 344kcal, Glucides : 70g, Lipides : 0g, Protides :15g, A conserver à l'abri de la lumière, de la chaleur et de l'humidité.]|"
0,01€ / Pce"|"
2,12 €"
4257|Fructose pur cristallisé|La boîte de 500g|[Origine : FRANCE, Aliment diététique à teneur réduite en glucides., Le fructose, comme le sucre courant (saccharose), peut être utilisé dans les desserts qui exigent une cuisson à feu très doux (compotes, confitures...), dans les différentes préparations pâtissières ou à froid dans les boissons et les yaourts. Le fructose est une matière jouissant de propriétés métaboliques spéciales. Il peut être utilisé comme le sucre (saccharose), mais il faut tenir compte de son pouvoir édulcorant plus grand que celui du saccharose, surtout à froid. L'emploi du fructose peutêtre conseillé dans certains régimes, en particulier pour les diabétiques, après avis médical et à des doses habituelles ne dépassant pas 30 ou 40g répartis dans la journée., Fructose., Valeur énergétique en Joules :  1683kj, Valeur énergétique en Kcal : 396kcal, Glucides : 99g, Lipides : 0g, Protides :0g, A conserver à l'abri de la chaleur et de l'humidité.]|"
5,68€ / Kg"|"
2,84 €"
4258|Edulcorant en morceaux, au sucre,  à l'aspartame et à l'acésulfame|La boîte de 250g|[Origine : FRANCE, 50% de calories en moins., 1 morceau ligne de 2.6g et 10.4 Kcal = 1 morceau habituel de sucre de 5.2g et 20.8Kcal. Contient une source de phénylalanine, Sucre, édulcorants (aspartame, acésulfame)., Valeur énergétique en Joules :  1700Kj, Valeur énergétique en Kcal : 406Kcal, Glucides : 99,7g, Lipides : 0g, Protides :0g]|"
8,16€ / Kg"|"
2,04 €"
4259|Edulcorant en poudre, ligne, au sucre et aux extraits de stévia  bec verseur|Le sachet de 500g|[Origine : FRANCE, Tout le bon goût du sucre associé à un édulcorant d'origine naturelle extrait de la Stévia et sans calorie, c'est Ligne au Sucre & aux extraits de Stévia. La Stévia est une plante de laquelle sont extraits les glycosides de stéviol, édulcorant à fortpouvoir sucrant sans calorie., Avec Ligne, utilisez la moitié de votre dose de sucre habituel., Sucre (99,7%), glycosides de stéviol (0,3%), arôme naturel., Valeur énergétique en Joules :  1700, Valeur énergétique en Kcal : 400]|"
10,24€ / Kg"|"
5,12 €"
4261|Sucre Roux de Canne en morceau 50% plus petit Ligne aux extrait de plante,|La boite de 250g|[Origine : FRANCE, Sucre roux de canne (99,7%), édulcorant (0,3%), rébaudioside A (Extraits de Stévia rebaudiana), arôme naturel., Valeur énergétique en Joules :  1700kj, Valeur énergétique en Kcal : 400kcal, Glucides : 99,7g, Lipides : 0g, Protides :0g]|"
10,92€ / Kg"|"
2,73 €"
4262|Sirop d'Agave|Le flacon de 500ml|[Origine : FRANCE, Le sirop d'agave est la sève d'un cactus mexicain. C'est un sucre non raffiné qui représente une véritable alternative au sucre blanc., *100% sirop d'agave concentré. *Ingrédient d'origine agricole obtenu selon les règles de la production biologique., Valeur énergétique en Joules :  1800kj, Valeur énergétique en Kcal : 420kcal, Glucides : 106g, Lipides : 0,5g, Protides :0,5g]|"
15,22€ / L"|"
7,61 €"
4264|Distributeur 300 Sucralose|La boîte de 300 comprimés|[Origine : UNION EUROPEENNE, Canderel vous propose une nouvelle recette à base d'un unique édulcorant, le sucralose, qui provient du sucre, mais qui n'est pas du sucre. C'est un édulcorant au goût délicieusement sucré.Zéro calorie et acariogène, Canderel apporte une saveur exquise à toutes vos boissons chaudes en toute légèreté et à tout moment de la journée. Pratique pour la maison et idéal à transporter, le distributeur Canderel est le produit indispensable au quotidien., Peut être consommé par tous, y compris les femmes enceintes et celles qui allaitent. Convient aux diabétiques dans le cadre d'une alimentation équilibrée., Lactose (provient du lait), édulcorant: sucralose (7,3%), stabilisant: cellulose microcristalline, arôme, CMC réticulée.]|"
0,02€ / Pce"|"
4,70 €"
4265|Edulcorant, 100% Sucralose|Le distributeur de 80 comprimés, 6,8g|[Origine : UNION EUROPEENNE, Canderel vous propose une recette à base d'un unique édulcorant, le sucralose, qui provient du sucre mais qui n'est pas du sucre. C'est un édulcorant au goût délicieusement sucré. Avec zéro calorie, Canderel apporte une saveur exotique à toutes vos boissons chaudes en toute légèreté et à tout moment de la journée., Canderel peut être consommé par tous, y compris les femmes enceintes et celles qui allaitent. Convient aux diabétiques dans le cadre d'une alimentation équilibrée., Lactose (provient du lait), édulcorant: sucralose (7,3%), stabilisant: cellulose microcristalline, arôme, CMC réticulée.]|"
0,02€ / Pce"|"
1,92 €"
4266|Edulcorant à base d'extraits de plantes de Stévia|La boîte de 100 comprimés|[Origine : COMMUNAUT EUROPEENNE, Au bon goût sucré. Naturellement sans calorie. Canderel Green convient à toute la famille.Canderel révolutionne les édulcorants et innove avec une nouvelle recette élaborée à base d'un unique édulcorant d'origine naturel : le Reb A qui apporte un bongoût sucré à vos boissons chaudes en toute légèreté et en toute circonstance.]|"
137,25€ / Kg"|"
3,39 €"
4267|Edulcorant avec arôme naturel de vanille|Les 50 sticks, 100g|[Origine : FRANCE, Canderel Vanilla, l'alliance subtile de l'arôme naturel de vanille de Madagascar et de la saveur unique du sucralose au goût si proche du sucre! Avec seulement 7 calories et un format stick pratique, Vanilla s'emporte partout.]|"
32,90€ / Kg"|"
3,29 €"
4269|Edulcorant en poudre|La boîte de 120 sticks|[Origine : FRANCE, Facile à utiliser & idéal pour doser, le stick Canderel est aussi très pratique à transporter. Vous pouvez l'utiliser chez vous comme à l'extérieur pour agrémenter vos boissons chaudes, laitages Grâce à un mélange unique d'ingrédients, Canderel vouspermet de retrouver tout le plaisir du bon goût sucré sans aucun arrière goût !, Canderel peut être consommé par tous, y compris les femmes enceintes et celles qui allaitent.]|"
28,17€ / Kg"|"
3,38 €"
4270|Edulcorant en poudre|Le bocal de 75g|[Origine : FRANCE, Canderel vous propose une nouvelle recette à base d'un unique édulcorant, le sucralose, qui provient du sucre mais qui n'est pas du sucre. C'est un édulcorant au goût délicieusement sucré., Vous pouvez l'utiliser pour agrémenter vos laitages, fruits frais et céréales. 1 cuillère à café de Canderel à la saveur sucrée d'une cuillère à café de sucre., Maltodextrine, édulcorant: sucralose (1,23%), Bien refermer après usage. Craint l'humidité.]|"
35,07€ / Kg"|"
2,63 €"
4271|Edulcorant liquide|Le flacon de 200ml|[Origine : FRANCE, Hermesetas liquide a un pouvoir sucrant 10 fois supérieur à celui du sucre et ne contient aucune calorie, ni glucides, ni lipides., Pour toutes vos recettes : le pouvoir édulcorant d'une cuillerées à café d'Hermesetas liquide équivaut à celui de 10 cuillerées de sucre ou dix gouttes correspondant à 5g de sucre. Pour vos boissons et yaourt : compter dix gouttes en remplacement devotre morceau de sucre habituel., Eau déminéralisée, édulcorant cyclamate sodique (E952) et saccharine (E954), conservateur, acide sorbique (E 200).]|"
40,65€ / L"|"
8,13 €"
4272|Edulcorant poudre sans aspartame|Le bocal de 90g|[Origine : SUEDE, Valeur énergétique en Joules :  1250kj, Valeur énergétique en Kcal : 294kcal, Glucides : 56,8g, Lipides : 0g, Protides :0g]|"
41,11€ / Kg"|"
3,70 €"
4273|Mini sweets, édulcorant de table|La boîte de 400 comprimés|[Origine : SUISSE, Hermesetas mini sweets vous permet d'édulcorer vos boissons chaudes ou froides. L'utilisation de Hermesetas vous apporte une douce saveur, sans être obligé de vous priver. La douceur du bon goût sucré sans aucune calorie. Utilisez Hermesetas tous lesjours sans vous limiter., Le pouvoir édulcorant d'un comprimé équivaut à celui d'un morceau de sucre (environ 5 g)., Edulcorants saccharinate de sodium et acésulfame-K, arômes naturels. Ne contient pas d'aspartame., A conserver au sec.]|"
0,01€ / Pce"|"
5,76 €"
4274|Edulcorant à base d'extraits de plantes de Stevia|Les 40 sticks, 60g|[Origine : FRANCE, C'est en alliant le plus pur composant de la plante : le Reb A et d'autres ingrédients d'origine naturelle que Pure Via confère à ses sticks un goût et une texture si proche de celle du sucre.Pur Via pour un peu de douceur, chaque jour, sans calorie., Convient aux diabétiques dans le cadre d'une alimentation équilibrée. Une consommation excessive peut avoir des effets laxatifs., Agent de charge: erythritol, édulcorant: glycosides de stéviol, arômes naturels, stabilisant: cellulose en poudre, A conserver dans un endroit frais et sec.]|"
55,83€ / Kg"|"
3,35 €"
4275|Edulcorant de table à base d'extrait de Stevia,zéro calorie, naturellement sucrée|La boite de 130g|[Origine : COMM. ECON EUROPEENN, Avec les morceaux Pure Via, retrouvez tout le croquant et la saveur du sucre sans aucune calorie!]|"
43,46€ / Kg"|"
5,65 €"
4276|Poudre cristallisée|Le doypack de 250g|[Origine : UNION EUROPEENNE, Edulcorant de table à base de glycosides de stéviol., Convient aux diabétiques dans le cadre d'une alimentation équilibrée. Pure Via permet de sucrer vos boissons chaudes ou froides, vos laitages, fruits, crêpes et desserts mais aussi de réaliser de délicieuses pâtisseries puisqu'elle supporte parfaitement la cuisson à des températures élevées. Une consommation excessive peut avoir des effets laxatifs., Agent de charge: erythritol, édulcorant: glycosides de stéviol, arômes naturels, A conserver dans un endroit frais et sec.]|"
25,84€ / Kg"|"
6,46 €"
4277|Sirop d'agave biologique, Sucre naturel|Le flacon de 250g|[Origine : FRANCE, Le sirop d'agave biologique Sunny bio est un sucre d'origine naturelle extrait de la sève d'un cactus provenant du Mexique.Il est une alternative bénéfique au sucre blanc grâce à son haut pouvoir sucrant, son goût neutre et son indice glycémique 5 fois plus faible., Son conditionnement pratique et malin vous permettra de sucrer toutes vos envies (tenir le flacon vertical)., Sirop d'agave bio, sucre naturel., Valeur énergétique en Joules :  1310kj, Valeur énergétique en Kcal : 310kcal, Glucides : 76g, Lipides : 0,5g, Protides :traces, A conserver au réfrigérateur après ouverture.]|"
13,56€ / Kg"|"
3,39 €"
4278|Sirop d'agave biologique, Sucre naturel|Le flacon de 250g|[Origine : FRANCE, Le sirop d'agave biologique Sunny bio est un sucre d'origine naturelle extrait de la sève d'un cactus provenant du Mexique.Il est une alternative bénéfique au sucre blanc grâce à son haut pouvoir sucrant, son goût neutre et son indice glycémique 5 fois plus faible., Son conditionnement pratique et malin vous permettra de sucrer toutes vos envies (tenir le flacon vertical)., Sirop d'agave bio, sucre naturel., Valeur énergétique en Joules :  1310kj, Valeur énergétique en Kcal : 310kcal, Glucides : 76g, Lipides : 0,5g, Protides :traces, A conserver au réfrigérateur après ouverture.]|"
13,56€ / Kg"|"
3,39 €"
4279|Morceaux truvia by daddy, 0 calorie|la boite de 140g|[Origine : FRANCE, Si petits, si croquants, intensément sucrant, avec les petits morceaux Truvia apportez une touche sucrée à vos boissons, sans aucune calorie., 1 morceau de Truvia (0 kcal) = 1 morceau de sucre (20 kcal). Une consommation excessive peut avoir des effets laxatifs. Sans gluten. Convient aux diabétiques., Agent de charge : érythritol, édulcorant : glycosides de stéviol (extrait de feuille de Stévia). Sans gluten., Glucides : 99g, Lipides : 0g, Protides :0g]|"
33,79€ / Kg"|"
4,73 €"
4280|Edulcorant à base de feuille de stévia, 0 calorie, bec verseur|Le sachet de 150g|[Origine : FRANCE, Avec Truvia faites vivre vos envies en toute légèreté ! Truvia est élaborée à partir de feuilles de Stévia, plante originaire d'Amérique du Sud utilisée depuis des siècles pour ses vertus sucrantes, naturellement sans calorie. Sa douce saveur sucréeet sa texture sont parfaites pour accompagner laitages, fruits et boissons chaudes., Convient aux diabétiques. Une consommation excessive peut avoir des effets laxatifs., Agent de charge : érythritol, édulcorant : glycosides de stéviol (extrait de feuille de Stévia), arômes naturels. Sans gluten.]|"
26,47€ / Kg"|"
3,97 €"
4281|Edulcorant à base de stévia|Le pot de 270g|[Origine : ETATS-UNIS AMERIQUE]|"
30,19€ / Kg"|"
8,15 €"
4282|Edulcorant sucre blanc en petits morceaux|La boîte de 290g|[Origine : BELGIQUE, Un morceau Tutti Free a le même pouvoir sucrant qu'1 morceau de sucre classique., Ne pas donner aux enfants de moins de 3 ans., Sucre (99%), édulcorants : Aspartame et Acésulfame K (1%). Contient une source de phénylalanine., Valeur énergétique en Joules :  1700, Valeur énergétique en Kcal : 400, Glucides : 99g, Lipides : 0g, Protides :0,8g]|"
10,55€ / Kg"|"
3,06 €"
4283|Morceaux de sucre blancs stevia|La boîte de 290g|[Origine : BELGIQUE]|"
15,28€ / Kg"|"
4,43 €"
4284|Crème anglaise à la vanille des isles|Le paquet de 300g|[Origine : FRANCE, Ajoutez 1/2L de lait bouillant pour 1 sachet. Préparation : 5min. Au réfrigérateur : 30min. Portez à ébullition 1/2L de lait dans une casserole. Lorsque le lait bout fortement, retirez la casserole du feu. Afin que la crème épaississe, il est indispensable que le lait soit bouillant lorsque vous versez le contenu du sachet. Versez immédiatement le contenu du sachet dans le lait bouillant, et remuez à l'aide d'un fouet à main pour obtenir une crème bien lisse. Versez la crème dans un saladier etlaissez-la à l'air libre jusqu'à complet refroidissement. Pendant ce temps, remuez-là 3 ou 4 fois pour éviter la formation d'une peau. Placez la crème au moins 1/2h au réfrigérateur. Au moment de servir la crème, remuez-la une dernière fois au fouetà main., Sucre, amidon, amidon modifié, matière grasse végétale, jaune d'oeuf, lactose, épaississants : gomme xanthane et gomme guar, protéines de lait, arôme naturel de vanille, gousse de vanille en poudre, graines de vanille épuisées, colorants : riboflavine et rocou, arôme. Traces : blé. Sans conservateur., Valeur énergétique en Joules :  1800kj, Valeur énergétique en Kcal : 420kcal, Glucides : 91g, Lipides : 5g, Protides :0,8g, Votre crème anglaise se conserve au frais et se consomme dans les 48h qui suivent sa préparation.]|"
10,47€ / Kg"|"
3,14 €"
4285|Agar agar en filament|La boite de 20g|[Origine : ESPAGNE, Valeur énergétique en Joules :  132kj, Valeur énergétique en Kcal : 32kcal, Glucides : 3g, Lipides : 0g, Protides :0g]|"
194,50€ / Kg"|"
3,89 €"
4286|Agar-agar en poudre gélifiant végétal 100% naturel pour les crèmemousses, gelées, glaces|La boite de 8g|[Origine : FRANCE, Valeur énergétique en Joules :  790kj, Valeur énergétique en Kcal : 190kcal, Glucides : 5g, Lipides : 0g, Protides :0g]|"
421,25€ / Kg"|"
3,37 €"
4287|Arôme fraise pour préparation culinaire|Le flacon de 20ml|[Origine : FRANCE]|"
92,00€ / L"|"
2,30 €"
4288|Caramel nature|Le flacon de 700g|[Origine : FRANCE, Retrouvez toute la saveur du sucre caramélisé dans ce nappage. Exclusivement à base de sucre et d'eau, le caramel liquide vahiné est préparé dans des chaudrons de cuivre selon une méthode traditionnelle., Riche en goût, il vous permettra d'agrémenter facilement vos flans, gâteaux de riz, îles flottantes, crèmes renversées, pommes au four., Sucre, eau., Après ouverture, ce nappage peut être consommé durant 3 mois, stocké à température ambiante.]|"
7,20€ / Kg"|"
5,04 €"
4289|Nappage à la pulpe de framboise|Le flacon de 165g|[Origine : FRANCE, Afin d'apprécier toutes les qualités de ce nappage, laisser le flacon 1h au réfrigérateur ou 15min. au congélateur avant de le servir. Pour une meilleure onctuosité, nous vous recommandons d'agiter le flacon avant emploi., Pulpe de framboise (60%), sucre, sirop de glucose-fructose (issu du blé), eau, colorant : E120, épaississants : E412, E440 et E410, acidifiant : acide citrique, conservateur : E202, arômes, stabilisant : phosphate de calcium., Mis au frais, ce nappage se conserve 10 jours après ouverture.]|"
15,76€ / Kg"|"
2,60 €"
4290|Nappage caramel|Le flacon de 210g|[Origine : FRANCE, Sucre et sirop de glucose-fructose (issu du blé) caramélisés, eau., Après ouverture ce nappage peut être consommé durant 3 mois, stocké à température ambiante dans son flacon refermé.]|"
8,48€ / Kg"|"
1,78 €"
4291|Nappage caramel goût beurre salé|Le flacon de 190g|[Origine : FRANCE]|"
15,84€ / Kg"|"
3,01 €"
4292|Nappage Chocolat|Le flacon de 190g|[Origine : FRANCE, Pour réchauffer ce nappage, retirez impérativement le bouchon et l'opercule. Plongez-le 3 min au bain-marie (ne pas réchauffer au micro-ondes). Par précaution, laissez le produit reposer 30 sec avant de le manipuler. Ne laissez pas un enfant réchauffer ce produit sans la surveillance d'un adulte., Sirop de glucose-fructose, eau, poudre de cacao maigre (9,5%), poudre de lait entier, chocolat (0,5%) (pâte de cacao, sucre, beurre de cacao, émulsifiant : lécithine de soja., arôme), stabilisant : E339ii. Peut contenir des traces d'oeuf., Après ouverture, ce produit se conserve jusqu'à un mois au réfrigérateur (max 6°C).]|"
15,68€ / Kg"|"
2,98 €"
4293|Nappage chocolat|Le flacon de 350g|[Origine : FRANCE, Avec Top' Dessert de Vahiné, découvrez de délicieux mélanges aux goûts et aux textures variés pour ajouter une dernière touche de fantaisie gourmande à vos desserts., Dévissez le bouchon et retirez l'opercule de protection avant emploi., Sirop de glucose-fructose (issu du blé), eau, poudre de cacao maigre (10%), arôme., A conserver au réfrigérateur et à utiliser dans les 8 semaines après ouverture.]|"
9,09€ / Kg"|"
3,18 €"
4294|Préparation pour nappage pour tartes|Les 3 sachets de 7g|[Origine : FRANCE, VAHINE vous propose ce nappage pour tartes, pour vous permettre de réaliser facilement un brillant pâtissier sur vos tartes., Dans une casserole, mélangez 1 sachet de Nappage pour tartes et 4 cuillères à  soupe de sucre. Délayez avec 10 d d''eau ou de sirop de fruits. Portez à ébullition sans cesser de tourner. Aux premiers bouillons, retirez du feu. Laissez tiédir 3 mn, puis étalez à l'aide d'un pinceau sur votre tarte encore tiède. Laissez refroidir votre tarte., Dextrose, gélifiant : pectine (dont stabilisants : E341, E450), acidifiant : acide citrique, épaississants : E407, E415, E412, caramel (contient de la maltodextrine de blé). Préparé dans un atelier travaillant oeuf, lait, soja.]|"
71,43€ / Kg"|"
1,50 €"
4295|Amandes décortiquées|Le sachet de 125g|[Origine : FRANCE, Vahiné a décortiqué avec le plus grand soin ces amandes de Californie aux saveurs délicates, pour vous permettre de retrouver tout le naturel du fruit dans vos desserts., Amandes. Conditionné dans un atelier travaillant des fruits secs à coque. Produit importé. Conditionné en France. Sans colorant ni conservateur., Après ouverture, nous vous conseillons de refermer le sachet, de le conserver dans un endroit frais et sec et de le consommer sous 15 jours.]|"
35,52€ / Kg"|"
4,44 €"
4296|Amandes effilées|Le sachet de 125g|[Origine : FRANCE, Vahiné a émondé, puis finement effilé ces amandes de Californie pour vous permettre de les griller facilement tout en préservant leur délicieux croquant., Amandes. Conditionné dans un atelier travaillant des fruits secs à coque. Conditionné en France. Sans colorant ni conservateur., Après ouverture, nous vous conseillons de refermer le sachet, de le conserver dans un endroit frais et sec et de le consommer sous 15 jours. Conditionné sous atmosphère protectrice.]|"
34,40€ / Kg"|"
4,30 €"
4297|Amandes effilées grillées, finement torréfiées|Le sachet de 100g|[Origine : FRANCE, Vahiné a torréfié ses amandes effilées pour garantir un goût unique et du croquant à toutes vos préparations sucrées et salées. Vahiné c'est gonflé d'idée !, Amandes.  Conditionné dans un atelier travaillant d'autres fruits à coque., Après ouverture, Vahiné vous conseille de refermer soigneusement ce sachet, de le stocker dans un endroit frais et sec et de le consommer sous 15 jours.]|"
45,40€ / Kg"|"
4,54 €"
4298|Amandes émondées|Le sachet de 125g|[Origine : FRANCE, Vahiné a sélectionné pour vous des amandes à la saveur délicate et à la consistance craquante. Vahiné en a ôté la peau afin de vous servir la douceur naturelle du fruit. Leur aspect nacré donnera raffinement et originalité à la décoration de vos gâteaux. Vahiné, c'est gonflé d'idées !, Amandes.  Conditionné dans un atelier travaillant noix, noisettes., Après ouverture, nous vous conseillons de refermer le sachet, de le conserver dans un endroit frais et sec et de le consommer sous 15 jours.]|"
35,52€ / Kg"|"
4,44 €"
4299|Amandes en poudre|Le sachet de 125g|[Origine : FRANCE, Vahiné a préparé ce mélange subtil d'amandes de Californie & d'Espagne aux saveurs délicates. Leur poudre finement moulue apportera à vos préparations pâtissières une consistance fondante unique., Amandes. Conditionné dans un atelier travaillant des fruits secs à coque. Produit importé. Conditionné en France. Sans colorant ni conservateur., Après ouverture, nous vous conseillons de refermer le sachet, de le conserver dans un endroit frais et sec et de le consommer sous 15 jours. Conditionné sous atmosphère protectrice.]|"
29,28€ / Kg"|"
3,66 €"
4300|Bigarreaux confits de Provence|La boîte de 150g|[Origine : FRANCE, Bigarreaux, sirop de glucose-fructose (issu du blé), sucre, conservateurs : E202, dioxyde de soufre, correcteur d'acidité : E330, colorants : E127.]|"
26,73€ / Kg"|"
4,01 €"
4301|Cerneaux de noix|Le sachet de 50g|[Origine : FRANCE, Vahiné a sélectionné ces cerneaux de noix pour leur saveur doucement fruitée, leur bel aspect et leur calibre régulier.Ils seront très appréciés pour la décoration et l'enrichissement de vos plats, salades et desserts favoris., Noix. Conditionné dans un atelier travaillant d'autres fruits à coque. Produit importé. Conditionné en France. Sans colorant ni conservateur., Après ouverture, nous vous conseillons de refermer le sachet, de le conserver dans un endroit frais et sec et de le consommer sous 15 jours. Conditionné sous atmosphère protectrice.]|"
39,20€ / Kg"|"
1,96 €"
4302|Cerneaux de noix de pécan|Le sachet de 50g|[Origine : FRANCE]|"
43,80€ / Kg"|"
2,19 €"
4303|Cranberries fruitées et moelleuses|Le sachet de 125g|[Origine : FRANCE, Vahiné a sélectionné pour vous ces cranberries, alternative moderne, colorée et savoureuse aux raisins secs pour réveiller facilement vos desserts (cookies, muffins, cakes, salades de fruits)., Cranberries (60%), sucre, huile de tournesol,., Valeur énergétique en Joules :  1340kj, Valeur énergétique en Kcal : 320kcal, Glucides : 74,0g, Lipides : 0,5g, Protides :0,5g, après ouverture, nous vous conseillons de refermer le sachet de le conserver dans un endroit frais et sec et de le consommer sous 15 jours.]|"
29,68€ / Kg"|"
3,71 €"
4304|Eclats de pistache torréfiées|Le sachet de 50g|[Origine : FRANCE, Vahiné a sélectionné ces éclats de pistaches grillées pour leur saveur raffinée et leur croquant., Idéal pour décorer tous vos desserts (entremets, glaces ou verrines) ou pour apporter une note originale à vos préparations (crumble, muffins, macarons ). Pour votre santé, évitez de grignoter entre les repas., Pistaches grillées., A conserver dans un endroit sec.]|"
84,80€ / Kg"|"
4,24 €"
4305|Ecorces d'orange confites|La boîte de 100g|[Origine : FRANCE, Lamelles d'écorces d'orange, sirop de glucose-fructose (issu du blé), sucre, correcteur d'acidité : E330, conservateur : dioxyde de soufre.]|"
39,10€ / Kg"|"
3,91 €"
4306|Fruits confits assortis|La boîte de 150g|[Origine : FRANCE, Fruits : 49.5% (pastèque, bigarreaux, écorce d'orange), sirop de glucose-fructose (issu du blé), angélique, sucre, conservateurs : E202, dioxyde de soufre, correcteur d'acidité : E330, colorants : E129, E127, E104, E133.]|"
22,27€ / Kg"|"
3,34 €"
4307|Macédoine de fruits confits|La boîte de 150g|[Origine : FRANCE, Fruits : 54% (pastèque, écorce d'orange et de cédrat), sirop de glucose-fructose, sucre, conservateurs : sorbate de potassium, anhydride sulfureux, correcteur d'acidité : acide citrique, colorants : carmins. Sans colorant artificiel.]|"
21,53€ / Kg"|"
3,23 €"
4308|Noisettes décortiquées|Le sachet de 125g|[Origine : FRANCE, Vahiné a sélectionné pour vous des noisettes à la saveur boisée. Vahiné les a délicatement décortiquées pour vous permettre de retrouver tout le naturel du fruit., Préalablement grillées dans une poêle sèche ou telles quelles, les noisettes entières feront sensation dans les terrines de gibier et les farces pour volailles., noisettes, Après ouverture, nous vous conseillons de refermer le sachet, de le conserver dans un endroit frais et sec et de le consommer sous 15 jours.]|"
32,64€ / Kg"|"
4,08 €"
4309|Noisettes en poudre|Le sachet de 125g|[Origine : FRANCE, Vahiné a sélectionné pour vous des noisettes à la saveur délicatement boisée. Leur fine poudre apportera à vos préparations pâtissières un consistance unique. Vahiné, c'est gonflé d'idées !, Noisettes.  Conditionné dans un atelier travaillant amandes, noix., Après ouverture, nous vous conseillons de refermer le sachet, de le conserver dans un endroit frais et sec et de le consommer sous 15 jours.]|"
30,96€ / Kg"|"
3,87 €"
4311|Noix de coco râpée|Le sachet de 125g|[Origine : FRANCE, Vahiné a sélectionné pour vous cette pulpe de noix de coco pour sa saveur fraîche, finement râpée pour vous permettre de retrouver la consistance unique du fruit frais dans vos préparations., Noix de coco. Conditionné dans un atelier travaillant des fruits secs à coque. Produit importé. Conditionné en France. Sans colorant ni conservateur., Après ouverture, nous vous conseillons de refermer le sachet, de le conserver dans un endroit frais et sec et de le consommer sous 15 jours.]|"
15,84€ / Kg"|"
1,98 €"
4312|Pignons de pin|Le sachet de 50g|[Origine : FRANCE, Vahiné a sélectionné ces pignons de pin, pour leur saveur boisée et leur consistance tendre, qui vous permettront d'enrichir facilement et avec originalité de nombreux desserts.Vahiné, c'est gonflé d'idées !, Pignons. Conditionné dans un atelier travaillant fruits sec à coque. Produit importé. Sans colorant ni conservateur., Après ouverture, nous vous conseillons de refermer le sachet, de le conserver dans un endroit frais et sec et de le consommer sous 15 jours. Ce produit a été conditionné sous atmosphère protectrice.]|"
81,40€ / Kg"|"
4,07 €"
4313|Pignons de pin grillés|Le sachet de 45g|[Origine : FRANCE, Vahiné a sélectionné ces pignons de pins grillés pour leur texture et leur saveur boisée délicatement relevée par la torréfaction. Ils apporteront du croquant et un goût unique à toutes vos préparations sucrées et salées. Vahiné, c'est gonflé d'idées! Goût intense., Idéal pour salades et décorations gourmandes., Pignons. Traces possibles de fruits à coque. Sans colorant, ni conservateur., Après ouverture, nous vous conseillons de refermer le sachet, de le conserver dans un endroit frais et sec et de le consommer sous 15 jours.]|"
96,00€ / Kg"|"
4,32 €"
4314|Pralin|Le sachet de 100g|[Origine : FRANCE, Vahiné a sélectionné pour vous un mélange gourmand d'amandes et de noisettes enrobées d'un fin caramel. Vahiné les a délicatement hachées pour vous permettre de garnir et décorer avec originalité et craquant vos gâteaux, entremets et glaces. Vahiné,c'est gonflé d'idées !, Sucre, noisettes (40%), amandes (10%).  Conditionné dans un atelier travaillant des noix., Après ouverture, nous vous conseillons de refermer le sachet, de le conserver dans un endroit frais et sec et de le consommer sous 15 jours.]|"
26,30€ / Kg"|"
2,63 €"
4315|Préparation pour crème frangipane, pour 6 à 8 parts|Le sachet de 200g|[Origine : FRANCE]|"
21,35€ / Kg"|"
4,27 €"
4316|Pruneaux d'Agen dénoyautés, calibre très gros|Le sachet de 250g|[Origine : FRANCE, Vahiné a sélectionné ces délicieux pruneaux moelleux, mûris sous le soleil de Gascogne.Les prunes d'Ente, après déshydratation, deviendront pruneaux d'Agen, plaisirs sucrés à la saveur authentique et réputée. Vahiné, c'est gonflé !, Pruneaux dénoyautés, eau, conservateur : sorbate de potassium. Humidité maximum : 35%., Après ouverture, nous vous conseillons de refermer le sachet, de le conserver dans un endroit frais et sec et de le consommer sous 15 jours.]|"
11,76€ / Kg"|"
2,94 €"
4317|Raisins blonds|Le sachet de 125g|[Origine : FRANCE, Vahiné a sélectionné ces raisins blonds gorgés de soleil pour leur consistance moelleuse, leur bel aspect doré et la saveur sucrée qu'ils apporteront à tous vos desserts., Raisins, huile végétale, conservateur : anhydride sulfureux. Conditionné dans un atelier travaillant des fruits secs à coque. Produit importé. Conditionné en France. Sans colorant., Après ouverture, nous vous conseillons de refermer le sachet, de le conserver dans un endroit frais et sec et de le consommer sous 15 jours.]|"
14,96€ / Kg"|"
1,87 €"
4318|Raisins secs|Le sachet de 250g|[Origine : FRANCE, Vahiné a sélectionné ces raisins secs gorgés de soleil, pour leur consistance moelleuse et la saveur sucrée qu'ils apporteront à tous vos desserts., Raisins, huile végétale. Conditionné dans un atelier travaillant des fruits secs à coque. Produit importé. Conditionné en France. Sans colorant ni conservateur., Après ouverture, nous vous conseillons de refermer le sachet, de le conserver dans un endroit frais et sec et de le consommer sous 15 jours.]|"
7,60€ / Kg"|"
1,90 €"
4319|Ti'Coco copeaux moelleux goût intense, Sans colorant ni conservateur|Le sachet de 100g|[Origine : FRANCE, Vahiné a préparé ces copeaux de noix de coco tendres et sucrés pour apporter à tous vos desserts (les rochers coco, les tuiles, les tartes ) une texture moelleuse unique et un goût intense., Ti'Coco s'intègre dans toutes vos recettes à la place de la noix de coco râpée., Noix de coco séchée (80%), sucre, humectant : glycérol, arôme noix de coco, sel., Après ouverture, nous vous conseillons de refermer le sachet, de le conserver dans un endroit et sec et de le consommer sous 15 jours.]|"
23,90€ / Kg"|"
2,39 €"
4320|Levure chimique alsacienne|Les 7 sachets, 77g|[Origine : FRANCE, Pyrophosphate de sodium, bicarbonate de sodium, farine de blé.]|"
10,52€ / Kg"|"
0,81 €"
4321|Levure du boulanger pour pains et brioches|Les 5 sachets, 28g|[Origine : FRANCE, Facile à utiliser, la levure du boulanger Alsa Briochin offre les avantages suivants : un sachet précisément dosé pour 250g de farine, une dissolution facile, un temps de levée rapide.Un volume régulier du pain, une superbe pousse au four, un excellent arôme du pain., A la main ou en machine à pain., Levure de boulangerie déshydratée, émulsifiant : E491. Sans gluten.]|"
47,50€ / Kg"|"
1,33 €"
4323|Gélatine alimentaire en poudre|Les 3 sachets, 6g|[Origine : FRANCE, Versez le contenu d'un sachet dans 2 cuil. à soupe d'eau froide. Remuez. Laissez gonfler pendant 2 à 3 min. Incorporez à votre préparation chaude mais non bouillante. La gélatine alimentaire vous aide à diminuer la valeur calorique de vos desserts :moins de sucre, moins de beurre., Gélatine alimentaire (origine porcine). Gélatine propre à la consommation humaine. Un sachet correspond a 3 feuilles de gélatine de 2g., Valeur énergétique en Joules :  0, Valeur énergétique en Kcal : 0, Glucides : 0, Lipides : 0, Protides :0, A conserver à l'abri de la chaleur et de l'humidité. Un sachet ouvert doit être conservé au réfrigérateur et utilisé dans les 48h.]|"
101,11€ / Kg"|"
1,82 €"
4325|Préparation fondant au chocolat 8 parts|La boîte de 320g|[Origine : ALLEMAGNE, 8 parts. Ingrédients à ajouter : 3 oeufs, 100 g de beurre ramolli. Dans un récipient, mélangez la préparation, 3 oeufs et le beurre ramolli avec un batteur électrique (fouet) à vitesse minimale au début puis à vitesse maximale pendant environ 2 min jusqu'à l'obtention d'une pâte crémeuse. Versez la pâte dans un moule préalablement graissé et lissez la surface. Enfournez pendant 12 min dans un four préchauffé à 210°C (th7) sur la grille du milieu. Vérifiez en fin de cuisson avec une pointe de couteau si la pâte est assez cuite (après 12 min le fondant est un peu tendre au milieu). Laissez refroidir le gâteau pendant 5 min puis démoulez le et laissez le refroidir sur une grille à pâtisserie., Valeur énergétique en Joules :  1890kj, Valeur énergétique en Kcal : 450kcal, Glucides : 68g, Lipides : 16g, Protides :5,4g, A conserver dans un endroit frais et sec.]|"
7,38€ / Kg"|"
2,36 €"
4326|Préparation moelleux nature 8 parts|La boîte de 300g|[Origine : FRANCE, 8 parts. Ingrédients à ajouter : 2 oeufs, 150 ml de crème liquide. Dans un récipient, mélangez la préparation, 2 oeufs et la crème liquide avec un batteur électrique (fouet) à vitesse minimale au début puis à vitesse maximale pendant environ 2 min. Versez la pâte dans un moule préalablement graissé et lissez la surface. Enfournez pendant 45 min dans un four préchauffé à 150°C (th5) sur la grille du milieu. Laissez refroidir le gâteau pendant 5 min puis démoulez le et laissez le refroidir sur unegrille à pâtisserie., Valeur énergétique en Joules :  1597kj, Valeur énergétique en Kcal : 376kcal, Glucides : 86g, Lipides : 1,9g, Protides :3,8g, A conserver dans un endroit frais et sec.]|"
6,07€ / Kg"|"
1,82 €"
4327|Alsa fruit au four chocolat|La boite de 96g|[Origine : FRANCE, Valeur énergétique en Joules :  210kj, Valeur énergétique en Kcal : 50kcal, Glucides : 4g, Lipides : 3,5g, Protides :0,6g]|"
35,94€ / Kg"|"
3,45 €"
4328|Alsa gateau au chocolat saveur d'antan|La boite de 300g|[Origine : FRANCE, Valeur énergétique en Joules :  1700kj, Valeur énergétique en Kcal : 420kcal, Glucides : 37g, Lipides : 27g, Protides :6g]|"
13,70€ / Kg"|"
4,11 €"
4329|Alsa moelleux citron|La boite de 435g|[Origine : FRANCE, Préparation pour gâteaux aromatisé citron., Pour 8 parts. Prévoir 20 cl de crème liquide et 3 oeufs. Préparation : 5 minutes. Cuisson : 45 minutes. Préchauffez votre four à 150°C (th 5). Beurrez un moule anti-adhésif, à bord haut, de 24 cm de diamètre. Versez le contenu du grand sachet dans unrécipient. Ajoutez 3 oeufs et 20cl de crème liquide. Battez 3 min avec un batteur électrique (à faible vitesse au début puis à grande vitesse). Versez la préparation dans le moule. Saupoudrez le gâteau avec la moitié du sucre glace. Vous obtiendrezainsi une belle croûte. Mettez au four 45 min à 150°C (th 5). Vous saurez si votre gâteau est cuit comme il faut en piquant la lame d'un couteau au milieu du gâteau. Elle doit ressortir propre. Laissez tiédir 5 min et démoulez. Décorez votre gâteau avec le reste du sucre glace., Préparation pour gâteau : sucre, farine de blé, amidon, poudre à lever : E575 et bicarbonate de sodium, émulsifiants : mono- et diglycérides d'acides gras, E472 a, b et e et E470a, maltodextrine, protéines de lait, arôme citron, épaississant : gommexanthane, colorant : rocou, stabilisant : phosphates de calcium. Décor (20 g) : sucre glace, amidon., Valeur énergétique en Joules :  1600kj, Valeur énergétique en Kcal : 390kcal, Glucides : 88g, Lipides : 2,5g, Protides :3g]|"
7,63€ / Kg"|"
3,32 €"
4330|Crème patissière onctueuse|Le paquet de 390g|[Origine : FRANCE, Crème pâtissière onctueuse pour réussir vos flans, choux, crèmes, tartes, Prévoir 1/2L de lait bouillant pour 1 sachet. Préparation : 5min. Au réfrigérateur : 30min. Portez à ébullition 1/2 litre de lait dans une casserole. Lorsque le lait bout fortement, retirez la casserole du feu. Afin que la crème épaississe, il est indispensable que le lait soit bouillant lorsque vous versez le contenu du sachet.  Versez immédiatement le contenu du sachet dans le lait bouillant, et remuez à l'aide d'un fouet à main pour obtenir une crème lisse et épaisse. Versez la crème dans unsaladier et laissez-la à l'air libre jusqu'à complet refroidissement. Pendant ce temps, remuez-la 3 ou 4 fois pour éviter la formation d'une peau. Couvrez le saladier avant de placer la crème au moins 30min au réfrigérateur afin qu'elle épaississe. Au moment de l'utiliser, remuez-la une dernière fois au fouet à main., Sucre, amidon, épaississant : gomme xanthane, arômes (dont lactose), colorants : riboflavine et rocou. Traces : blé. Sans conservateur., Valeur énergétique en Joules :  1600kj, Valeur énergétique en Kcal : 390kcal, Glucides : 95g, Lipides : 0g, Protides :0,5g, A conserver au frais et à consommer dans les 48h qui suivent sa préparation.]|"
8,59€ / Kg"|"
3,35 €"
4331|Flan entremets au speculoos|La boîte de 172g|[Origine : FRANCE, 2 flans de 5 parts chacun. Source de calcium. Préparé avec du lait, le Flan Entremets Alsa constitue un délicieux dessert qui apporte du calcium à toute la famille., Prévoir 1/2L de lait pour 1 sachet. Préparation : 5min. Au réfrigérateur : 1h30. Portez à ébullition 1/2L de lait dans une grande casserole. Lorsque le lait bout, retirez la casserole du feu. Versez immédiatement le contenu d'un sachet dans le lait bouillant et remuez vivement à l'aide d'un fouet. Versez la préparation dans 5 ramequins. Laissez refroidir. Placez les ramequins au réfrigérateur au moins 1h30. Les flans sont encore meilleurs quand ils sont servis frais. Pour préparer le flan Alsa dans un grand moule : doublez les quantités du mode d'emploi en versant hors du feu deux sachets dans 1L de lait bouillant., Sucre, spéculoos : 30% (farine de blé, sucre, matière grasse végétale, farine de soja, caramel, poudre à lever : carbonates de sodium, sel, cannelle), amidon, caramel, maltodextrine, gélifiant : carraghénanes, concentré de minéraux du lait. Sans colorant, sans conservateur., Valeur énergétique en Joules :  1800kj, Valeur énergétique en Kcal : 420kcal, Glucides : 89g, Lipides : 6g, Protides :1,5g]|"
10,47€ / Kg"|"
1,80 €"
4332|Flan entremets très chocolat|Le paquet de 232g|[Origine : FRANCE, Chocolat en poudre: 64% (sucre, cacao), sucre, amidon, gélifiant: carraghénanes et gomme xanthane, concentré de minéraux du lait. Traces: blé. Sans colorant, sans concervateur., Valeur énergétique en Joules :  1600kj, Valeur énergétique en Kcal : 390kcal, Glucides : 78g, Lipides : 5,0g, Protides :4g]|"
8,75€ / Kg"|"
2,03 €"
4333|Flan fondant saveur vanille|Le paquet de 192g|[Origine : FRANCE, 4 flans de 5 parts chacun. Source de calcium. Préparé avec du lait, le Flan Entremets Alsa constitue un délicieux dessert qui apporte du calcium à toute la famille., Prévoir 1/2L de lait pour 1 sachet. Préparation : 5 min. Au réfrigérateur : 1h30. Portez à ébullition 1/2L de lait dans une grande casserole. Lorsque le lait bout, retirez la casserole du feu. Versez immédiatement le contenu d'un sachet dans le laitbouillant et remuez vivement à l'aide d'un fouet. Versez la préparation dans 5 ramequins. Laissez refroidir. Placez les ramequins au réfrigérateur au moins 1h30. Les flans sont encore meilleurs quand ils sont servis frais. Pour préparer le flan Alsadans un grand moule : doublez les quantités du mode d'emploi en versant hors du feu deux sachets dans 1L de lait bouillant., Sucre, amidon, gélifiant : carraghénanes, concentré de minéraux du lait, arôme vanille, colorants : riboflavine et rocou. Traces : blé. Sans colorant artificiel, sans conservateur., Valeur énergétique en Joules :  1600kj, Valeur énergétique en Kcal : 380kcal, Glucides : 94g, Lipides : 0,5g, Protides :0,1g, Votre flan se conserve au frais et se consomme dans les 48 h qui suivent sa préparation.]|"
7,97€ / Kg"|"
1,53 €"
4334|Flan pâtissier aux oeufs, encore plus épais|La boîte de 720g|[Origine : FRANCE, Le flan pâtissier est un dessert familial et gourmand, vous pouvez rajouter selon vos envies toutes sortes d'ingrédients, à la fin de l'étape 2 du mode d'emploi., Sucre, amidon, oeuf entier (1.4%), colorants : rocou et tartrazine, arômes. Traces : blé. Sans conservateur.]|"
4,37€ / Kg"|"
3,15 €"
4335|Fondant chocolat, chocolat noir extra fin 58% de cacao|La boîte de 360g|[Origine : FRANCE, Pour 8 parts. Prévoir 4 oeufs de calibre moyen (environ 60g) & 125g de beurre. Préparation : 5min. Cuisson : 12 à 24min. Préchauffez votre four à 210°C (th7) pendant 15min. Beurrez un moule rond anti-adhésif, de 24cm de diamètre. Découpez un morceaude papier sulfurisé en suivant la forme de votre moule. Déposez-le au fond du moule beurré. Versez le contenu du sachet dans un saladier. Ajoutez-y les oeufs et le beurre ramolli. Mélangez 2min avec un fouet à main ou un batteur électrique. Versez lapréparation dans le moule. Lorsque le four est très chaud, enfournez le gâteau à mi-hauteur. Faites cuire à 210°C (th7). Au bout de 12min, vérifier la cuisson de votre Fondant. Vous saurez si votre Fondant est cuit comme il faut en piquant la lame d'un couteau à 2cm du bord : elle doit ressortir propre, puis au milieu du gâteau : elle doit ressortir avec des traces de chocolat encore fondant. Si ce n'est pas le cas, prolongez la cuisson et vérifiez fréquemment de la même façon. Sortez le fondant du four et démoulez-le au bout de 5min en prenant soin de ne pas vous brûler. Par temps de chaleur, le chocolat peut fondre puis durcir dans le sachet. Cela n'altère en rien la qualité du produit. Si cela arrivait, émiettez le produit avant de le mélangez à l'aide d'un batteur électrique., Chocolat noir extra-fin 41% (pâte de cacao, sucre, beurre de cacao, émulsifiant : lécithine de soja, arôme naturel vanille), sucre, farine de blé, chocolat en poudre : 8% (sucre, cacao), poudre à lever : diphosphate et bicarbonate de sodium. Sans colorant. Sans conservateur., Valeur énergétique en Joules :  1900Kj, Valeur énergétique en Kcal : 450Kcal, Glucides : 71g, Lipides : 17g, Protides :4g, A conserver dans un endroit frais et sec.]|"
15,42€ / Kg"|"
5,55 €"
4336|Fondant saveur caramel beurre salé, sans colorant et sans conservateur|Le paquet de 362g|[Origine : FRANCE, Valeur énergétique en Joules :  1900kj, Valeur énergétique en Kcal : 440kcal, Glucides : 75g, Lipides : 14g, Protides :5g]|"
12,38€ / Kg"|"
4,48 €"
4338|Gâteau aux amandes saveur d'antan|La boîte de 300g|[Origine : FRANCE, Valeur énergétique en Joules :  1800kj, Valeur énergétique en Kcal : 430kcal, Glucides : 32g, Lipides : 29g, Protides :9g]|"
14,03€ / Kg"|"
4,21 €"
4339|Gâteau incroyablement moelleux|Le paquet de 435g|[Origine : FRANCE, Pour 8 personnes. Pour faire ce gâteau, prévoir 20cl de crème liquide et 3 oeufs. Préparation : 5 minutes. Cuisson : 45 minutes. Versez le contenu du grand sachet dans un récipient. Ajoutez 3 oeufs et 20cl de crème liquide. Battez 3 min avec un batteur électrique (à faible vitesse au début puis à grande vitesse). Versez la préparation dans le moule. Saupoudrez le gâteau avec la moitié du sucre glace. Vous obtiendrez ainsi une belle croûte. Mettez au four 45 min à 150°C (th5). Vous saurez si votre gâteau est cuit comme il faut en piquant la lame d'un couteau au milieu du gâteau. Elle doit ressortir propre. Laissez tiédir 5 min et démoulez., Préparation pour gâteau (415g) : sucre, farine de blé, amidon, poudre à lever : E575 et E500, émulsifiants : E471, E472a et b et e, et E470a, maltodextrine, protéines de lait, épaississant : gomme xanthane, arôme, stabilisant : phosphates de calcium.Décor (20g) : sucre glace, amidon. Sans colorant. Sans conservateur., Valeur énergétique en Joules :  1600Kj, Valeur énergétique en Kcal : 390Kcal, Glucides : 87g, Lipides : 2,5g, Protides :3g]|"
7,61€ / Kg"|"
3,31 €"
4340|Macarons au chocolat noir, sans colorant et sans arôme artificiel|La boite de 317g|[Origine : FRANCE, Sucre, poudre d'amande (31%), chocolat en poudre : 14% (sucre, cacao).Blanc d'oeuf, amidon, antioxydant : E304., Valeur énergétique en Joules :  2000kj, Valeur énergétique en Kcal : 490kcal, Glucides : 61g, Lipides : 24g, Protides :7g]|"
14,92€ / Kg"|"
4,73 €"
4341|Moelleux au chocolat avec des pépites|Le pack de 500g / 8 parts|[Origine : FRANCE, Préchauffez votre four à 180°C (th.6). Beurrez un moule à cake anti-adhésif de 26 cm. Versez le contenu du sachet dans le moule. Faites cuire à 180°C. au bou de 45 minutes, Plantez la lame d'un couteau au milieu du gâteau. elle doit    ressortir propre., Oeufs, sucre, huile végétale, chocolat en poudre : 14,5% (sucre, cacao), farine de blé, pépites de chocolat : 6% (pâte de cacao, sucre, beurre de cacao, émulsifiant : lécithine de soja), stabilisants : glycérol et gomme xanthane, amidon de blé, poudre à lever : E450 et bicarbonate de sodium, conservateur : E202, sel., Valeur énergétique en Joules :  1700Kj, Valeur énergétique en Kcal : 390Kcal, Glucides : 44g, Lipides : 21g, Protides :5g]|"
12,38€ / Kg"|"
6,19 €"
4342|Moelleux et Savoureux|Le pack de 500G; 8 part|[Origine : FRANCE, Préchauffez votre four à 180°C (th.6). Beurrez un moule à cake anti-adhésif de 26 cm. Versez le contenu du sachet dans le moule. Faites cuire à 180°C. au bout de 45 minutes, Plantez la lame d'un couteau au milieu du gâteau. elle doit ressortir propre., Sucre, matière grasse végétale, oeuf, amidon de blé, farine de blé, stabilisants : glycérol et gomme xanthane, eau, poudre à lever : E450 et bicarbonate de sodium, sel, conservateur : E202, Valeur énergétique en Joules :  1700 Kj, Valeur énergétique en Kcal : 400 Kcal, Glucides : 47g, Lipides : 21g, Protides :3,5g]|"
9,18€ / Kg"|"
4,59 €"
4343|Préparation pour 12 Cookies aux pépites de chocolat|La boite de 300g|[Origine : FRANCE, Farine de blé,pépites de chocolat:28% (sucre,pâte de cacao,dextrose,émulsifiant:lécithine de soja,arôme vanille),matière grasse végétale,sucre,cassonade,lait écrémé,amidon modifié,poudre à lever:E575 et bicarbonate de sodium,sel,arôme.  SANS COLORANT,SANS CONSERVATEUR, Valeur énergétique en Joules :  2100kj, Valeur énergétique en Kcal : 500kcal, Glucides : 60g, Lipides : 26g, Protides :6g]|"
14,67€ / Kg"|"
4,40 €"
4344|Préparation pour gâteau au chocolat|La boîte de 435g|[Origine : FRANCE, Je me revois dans la cuisine, au retour de l'école, préparant avec Mamie son gâteau au chocolat. Aujourd'hui, c'est avec le même plaisir que je prépare le même gâteau au chocolat de Mamie avec mes enfants. Je redeviens alors le petit garçon que j'étais. Nous goûtons la pâte avec les doigts, nous regardons ensemble le gâteau gonfler dans le four et nous attendons avec impatience qu'il soit cuit pour le dévorer sans en perdre une miette., Prévoir 20cl de crème liquide et 3 oeufs. Préparation : 5min. Cuisson : 45min. Préchauffez votre four à 150°C (th.5). Beurrez un moule anti-adhésif à bord haut de 24cm de diamètre. Versez le contenu du grand sachet dans un récipient. Ajoutez 3 oeufset 20cl de crème liquide. Battez 30 secondes à faible vitesse puis 2 minutes à grande vitesse avec un batteur électrique. Versez la préparation dans le moule. Saupoudrez le gâteau avec la moitié du sucre glace. Vous obtiendrez ainsi une belle croûte.Mettez au four 45 minutes à 150°C (th. 5). Vous saurez si votre gâteau est cuit comme il faut en piquant la lame d'un couteau au milieu du gâteau. Elle doit ressortir propre. Laissez tiédir 5 minutes et démoulez. Décorez votre gâteau avec le reste du sucre glace., Préparation pour gâteau (415g) : chocolat en poudre : 33% (sucre, cacao), sucre, farine de blé, amidon, poudre à lever : E575 et E500, émulsifiants : E471, E472a et b, sirop de glucose, protéines de lait, épaississant : gomme xanthane, stabilisant :phosphates de calcium, arôme. Décor (20g) : sucre glace, amidon.]|"
7,66€ / Kg"|"
3,33 €"
4345|Yaourt maison|La boîte de 8g|[Origine : FRANCE, Expert du fait-maison depuis plus de 100 ans, Alsa vous propose de réaliser facilement vos yaourts en yaourtières. Mon Yaourt Maison, c'est tout le plaisir de réaliser soi-même de délicieux yaourts à la texture ferme !, Ce paquet contient 4 sachets. Selon la contenance de votre yaourtière, vous pouvez réaliser jusqu'à 32 pots. Les yaourts réalisés peuvent être conservés jusqu'à 7 jours au réfrigérateur. Dans un récipient équipé d'un bec verseur, versez 1 litre de lait entier à température ambiante. Puis, ajoutez 1 sachet de ferments Alsa et mélangez très soigneusement. Versez le mélange dans les pots, puis placez-les ouverts dans votre yaourtière. Fermez la yaourtière puis mettez-la en route selon son mode d'emploi. A la fin du cycle de votre yaourtière (minimum 8 heures), mettez les pots au frais environ 2 heures, avant de les déguster., Ferments lactiques lyophilisés (streptococcus thermophilus et lactobacillus bulgaricus) sur maltodextrine., A conserver dans un endroit frais et sec.]|"
436,25€ / Kg"|"
3,49 €"
4346|Préparation cookies caramel au beurre salé|Le pot de 365g|[Origine : FRANCE, Ingrédient à ajouter : 75 g de beurre + 1 oeuf. Cuisson 12 min. Préchauffez le four à 180°C (th6) et recouvrez la grille avec du papier cuisson. Mélangez dans un saladier, le beurre fondu et l'oeuf, puis incorporez le contenu de la boite et du sachet. Formez 12 boules de pâte de déposez les sur du papier en les espaçant de 4 cm. Aplatissez les légèrement. Enfournez et laissez cuire 12 à 15 min. Laissez refroidir avant de déguster le bon goût du fait maison., Farine de blÍ, caramel d?Isigny au beurre salÍ (sucre, sirop de glucose, lait entier, crÈme fraÓche d?Isigny A.O.P, sel de GuÍrande, Ímulsifiants : lÍcithine de colza-sucroesters d?acides gras), sucre cassonade, levure  (pyrophosphate acide de sodium, bicarbonate de soude, amidon de blÍ)., Valeur énergétique en Joules :  1592, Valeur énergétique en Kcal : 381, Glucides : 80, Lipides : 13.2, Protides :3.7, Conservez dans un endroit sec à l'abri de la chaleur.]|"
19,73€ / Kg"|"
7,20 €"
4347|Préparation cookies éclats de chocolat au lait & noisettes       caramélisées|Le kit pour 12 cookies, soit 385g|[Origine : FRANCE, Kit pour 12 cookies prêt en 5 min., Ingrédients à ajouter : 75 g de beurre + 1 oeuf. Préchauffez le four à 180°C (th6) et recouvrez la grille avec du papier cuisson. Mélangez dans un saladier, le beurre fondu et l'oeuf, puis incorporer le contenu de la boite. Formez 12 boules de pâte et déposez les sur le papier en les espaçant de 4 cm. Enfournez et laissez cuire 12 à 15 min. Laissez refroidir avant de déguster le bon goût du fait maison., Farine de blé, sucre cassonade, éclats de chocolat au lait (sucre, poudre de lait entier, beurre de cacao, pâte de cacao, lactosérum en poudre, lait écrémé en poudre, émulsifiant : lécithine de soja, vanille naturelle), noisettes caramélisées (noisettes hachées 96%, enrobage sucre : sucre cristallisé, sirop de glucose, miel), levure (pyrophosphate acide de sodium, bicarbonate de soude, amidon de blé). Sans conservateur, sans colorant, sans arôme artificiel., Valeur énergétique en Joules :  1831, Valeur énergétique en Kcal : 438, Glucides : 65.7, Lipides : 22.7, Protides :8.4, Conserver dans un endroit sec à l'abri de la chaleur.]|"
18,70€ / Kg"|"
7,20 €"
4349|Préparation cookies pépites de chocolat noir|Le kit pour 12 cookies, soit 395g|[Origine : FRANCE, Kit pour 12 cookies prêt en 5 min., Ingrédients à ajouter : 75 g de beurre + 1 oeuf. Préchauffez le four à 180°C (th6) et recouvrez la grille avec du papier cuisson. Mélangez dans un saladier, le beurre fondu et l'oeuf, puis incorporer le contenu de la boite. Formez 12 boules de pâte et déposez les sur le papier en les espaçant de 4 cm. Enfournez et laissez cuire 12 à 15 min. Laissez refroidir avant de déguster le bon goût du fait maison., Farine de blé, pépites de chocolat noir (sucre, pâte de cacao 44%, beurre de cacao, émulsifiant : lécithine de soja, arôme vanille), sucre cassonade, sucre semoule, levure (pyrophosphate acide de sodium, bicarbonate de soude, amidon de blé)., Valeur énergétique en Joules :  1722, Valeur énergétique en Kcal : 412, Glucides : 77.4, Lipides : 12.4, Protides :6, Conserver dans un endroit sec à l'abri de la chaleur.]|"
18,23€ / Kg"|"
7,20 €"
4350|Crème amandine, préparation pour garnir vos tartes|Le sachet de 200g|[Origine : FRANCE, Vahiné a soigneusement  élaboré cette recette pour vous permettre d'obtenir une délicieuse tarte amandine à la poudre d'amandes, prête en un tour de main. Savourez son fondant et la douceur de l'amande ! Vahiné, c'est gonflé d'idées !, Sucre, amandes en poudre (14%), amandons d'abricot, lactose, farine de blé, matières grasses végétales (palme/colza), beurre, sirop de glucose déshydraté, maltodextrines, protéines de lait, arôme, antioxygènes : E304, E307, émulsifiant : E471.  Conditionné dans un atelier travaillant noix et noisettes.]|"
14,50€ / Kg"|"
2,90 €"
4351|Crème au chocolat pour décoration cupcake|La gourde avec embout douille de 140g|[Origine : FRANCE, Valeur énergétique en Joules :  1658kj, Valeur énergétique en Kcal : 396kcal, Glucides : 71,1g, Lipides : 12,8g, Protides :0,8g]|"
27,21€ / Kg"|"
3,81 €"
4352|Crème saveur vanille pour cupcake|La gourde avec embout douille de 140g|[Origine : FRANCE, Valeur énergétique en Joules :  1707kj, Valeur énergétique en Kcal : 408kcal, Glucides : 74g, Lipides : 12,4g, Protides :0g]|"
27,21€ / Kg"|"
3,81 €"
4355|Preparation pour cupcakes|Le sachet de 300g|[Origine : FRANCE, Préparation pour gâteau Cupcakes., Mélangez le contenu du sachet avec 3 oeufs, 125 g de beurre fondu et 1 cuillère à soupe d'eau. Remplissez aux 3/4 des caissettes à Cupcakes. Faites cuire 20 min dans un four préchauffé à 180°C (th6). Otez du four, laissez refroidir et décorez., Farine de blé, sucre, lait écrémé en poudre, poudres à lever : carbonates de sodium et tartrates de potassium, huile de tournesol, arôme., Valeur énergétique en Joules :  1596kj, Valeur énergétique en Kcal : 381kcal, Glucides : 78,9g, Lipides : 1,2g, Protides :8,9g, A conserver à l'abri de la chaleur, de la lumière et de l'humidité.]|"
9,07€ / Kg"|"
2,72 €"
4357|Sucre vanill{ au sucre de canne, certifi{ AB|Les 5 sachets, 45g|[Origine : FRANCE, sucre de canna (93%), amidon, grains de vanille (1,1%), extrait naturel de vanille.]|"
81,33€ / Kg"|"
3,66 €"
4358|Sucre vanill{ au sucre de canne, certifi{ AB|Les 5 sachets, 45g|[Origine : FRANCE, sucre de canna (93%), amidon, grains de vanille (1,1%), extrait naturel de vanille.]|"
81,33€ / Kg"|"
3,66 €"
4359|Sucre Vanillé à l'extrait naturel de vanille|Les 5 sachets, 7,5g|[Origine : FRANCE, Sachet hermétique : arôme protégé.]|"
47,78€ / Kg"|"
2,15 €"
4360|Sucre vanillé des Isles|Le paquet de 7 sachets|[Origine : FRANCE, La vanille 'bourbon' du Sucre Vanillé des Isles Alsa provient à 100% des îles de l'océan indien. Associée au pur sucre de canne, elle donne au Sucre Vanillé des Isles Alsa toute la force et la qualité de son arôme., Sucre de canne (93%), amidon, gousse de vanille épuisée, extrait naturel de vanille. Traces : blé., Valeur énergétique en Joules :  1700kj, Valeur énergétique en Kcal : 400kcal, Glucides : 97g]|"
67,74€ / Kg"|"
3,59 €"
4361|Sucre vanilliné, arôme artificiel|Les 12 sachets, 103g|[Origine : FRANCE, Sucre, arôme vanille. Traces : blé.]|"
13,50€ / Kg"|"
1,39 €"
4363|Arôme fleurs d'oranger|Le flacon de 200ml|[Origine : FRANCE, Cet arôme fleurs d'oranger, mélange subtil de substances aromatisantes et de fleurs d'oranger, vous permettra de parfumer délicieusement tous vos desserts., Pour une préparation de 4 à 6 personnes (pâte à crêpes, salades de fruits, compotes,...) ajoutez 1 à 2 cuillère à soupe d'arôme fleurs d'oranger pour 1/2 L de préparation, en fonction de votre goût., Eau, arôme.]|"
11,80€ / L"|"
2,36 €"
4364|Arôme naturel de citron|Le blister de 20ml|[Origine : FRANCE, A consommer, uniquement après dilution dans votre préparation. Ne pas incorporer à des boissons telles que punch ou cocktail car l'huile contenue dans cet arôme ne se diluerait pas.  Ne pas verser l'arôme dans un récipient placé sur le feu., Huile de tournesol, huile essentielle de citron.]|"
82,50€ / L"|"
1,65 €"
4365|Arôme naturel de vanille liquide|Le blister de 20ml|[Origine : FRANCE, Bouchon verseur, plus pratique. Ce flacon est teinté pour mieux préserver cet arôme., 1 à 2 cuillères à café pour parfumer 1/2L de préparation. Arôme alimentaire non destiné à être ingéré en l'état. A diluer dans votre préparation., Sirop de glucose, eau, caramel, arôme naturel de vanille (dont extrait de vanille Bourbon).]|"
129,00€ / L"|"
2,58 €"
4366|Arôme naturel de vanille liquide|Le flacon de 50ml|[Origine : FRANCE, 1/2 à 1 cuillère à café pour parfumer 500g ou 1/2 L de préparation. Arôme alimentaire non destiné à être ingéré en l'état. A diluer dans votre préparation., Sirop de glucose, eau, caramel, arôme naturel de vanille Bourbon.]|"
93,80€ / L"|"
4,69 €"
4367|Arome pistache arôme|Le flacon de 20ml|[Origine : FRANCE, Idéal pour parfumer vos entremets (crèmes, bavarois, panna cotta), glaces, petits gâteaux (macarons, financiers), et pâtisserie (dacquoises, moelleux). Bouchon verseur = plus pratique !, Arôme alimentaire non destiné à être ingéré en l'état. A diluer dans votre préparation. Dosage : 1 à 2 cuillère à café maximum pour parfumer 500 g ou 1/2 litre de préparation. Ce flacon est teinté pour mieux préserver cet arôme., Sirop de fructose, glycérol, propylène glycol, arôme.]|"
116,00€ / L"|"
2,32 €"
4369|Bougie et chiffres|Le blister|[Origine : FRANCE, Ce décor ne comporte qu'un seul exemplaire de chaque chiffre. Il est donc utilisable de 1 à 98 ans excepté pour 11, 22, 33, 44, 55, 66, 77 et 88.  Nous vous recommandons de ne pas laisser utiliser ces bougies par des enfants. Ne pas manger les supports. Placez les bougies de façon à ce qu'elles ne soient pas trop rapprochées.]|"
4,52€ / Pce"|"
4,52 €"
4370|Bougies anniversaire|Le blister de 16 bougies|[Origine : FRANCE, Supports garantis contact alimentaire., Vahiné vous recommande : de ne jamais laisser brûler une bougie sans surveillance ou à proximité d'objets inflammables, de tenir ce produit hors de la portée des enfants et des animaux domestiques, de veiller à ce que les supports ne soient pas avalés, de s'assurer qu'il y a au moins 2,5cm entre chaque bougie, d'éteindre les bougies quand elles atteignent 1cm, de vérifier qu'elles soient bien éteintes avant de les jeter, d'ôter les gouttes de cire éventuellement tombées sur le gâteau.]|"
2,17€ / Pce"|"
2,17 €"
4372|Cannelle de Ceylan|Le flacon de 35g|[Origine : FRANCE, Cette cannelle apportera à vos desserts une note chaude et boisée. Elle accentue le goût du sucre et permet donc d'en diminuer les doses., Cannelle de Ceylan moulue., A conserver dans un endroit sec et frais, à l'abri de la lumière.]|"
70,29€ / Kg"|"
2,46 €"
4373|Colorants alimentaires, tubes souples faciles à doser|Les 3 flaons de 6ml|[Origine : FRANCE, Vahiné vous propose 3 colorants : vert, rouge et jaune qui vous permettront de réaliser toute une palette de teintes, afin de colorer de nombreuses préparations : pâte d'amandes, meringues, glaçages, glaçons... Vahiné, c'est gonflé d'idées !, 4 à 5 gouttes suffisent pour donner une teinte à 1 litre de préparation., Vert : eau, colorants E102, E131, acidifiant : acide citrique, conservateur : E202. Rouge : eau, colorant E122, acidifiant : acide citrique, conservateur : E202. Jaune : eau, colorant E102, acidifiant : acide citrique, conservateur : E202.]|"
125,56€ / L"|"
2,26 €"
4374|Crayon pâtissier à la vanille|Le tube de 23g|[Origine : FRANCE, Personnalisez vos desserts., Sirop de sucre inverti, eau, sirop de glucose, stabilisant: sorbitol, amidon de blé transformé, arôme fraise, gélifiant : E406, conservateur : E202, colorant : E124, E171.]|"
2,18€ / Pce"|"
2,18 €"
4376|Crayon patissier blanc gout vanille|Le tube de 25g|[Origine : PORTUGAL, Pour une déco simple et rapide d'utilisation pour embellir ses gâteaux en un tour de main !, Pour toute première utilisation, coupez l'embout du crayon avec une paire de ciseaux., Sirop de glucose, sucre, eau, amidon modifié, colorant : dioxide de titane, gélifiant : carraghénanes, acidifiant : acide citrique, conservateur : sorbate de potassium, sel, arôme (lait)., Valeur énergétique en Joules :  1218kj, Valeur énergétique en Kcal : 291kcal, Glucides : 71,6g, Lipides : 0,5g, Protides :0,5g, Après ouverture, à conserver à l'abri de l'humidité et de la chaleur et à consommer sous 1 mois.]|"
86,00€ / Kg"|"
2,15 €"
4377|Décors joyeux anniversaire, plaquette en pain azyme|Le blister|[Origine : FRANCE, Sucre, sucre inverti, huile végétale, maltodextrine, farine de blé, stabilisant : sorbitol, gélifiant : E401, invertase, arôme : pomme, émulsifiant : E433, conservateur : E202, lactose, colorants : E101, E120, E131, E171, E172. Peut contenir des traces d'oeufs et d'amandes.]|"
2,10€ / Pce"|"
2,10 €"
4378|Extrait de café liquide sucré|Le blister de 20ml|[Origine : FRANCE, Bouchon verseur, plus pratique., A diluer dans votre préparation. Arôme alimentaire non destiné à être ingéré en l'état. Ce flacon est teinté pour mieux préserver cet arôme., Extrait de café liquide sucré, sirop de glucose. Contient au minimum 15% de matière sèche provenant du café.]|"
82,00€ / L"|"
1,64 €"
4380|Gousse de vanille intense, origine Indonésie, certifié AB|Le blister de 3g|[Origine : FRANCE, Pour vous offrir une vanille d'exception, Vahiné a été chercher une vanille d'origine biologique, 100% naturelle, qui restituera dans vos desserts toute sa richesse.Cultivée dans la région SAVA (Sambava, Antalaha, Vohémar, Andapa) au Nord Est de Madagascar, cette vanille de type planifolia a été choisie pour son intensité aromatique et sa richesse en vanilline., Les petites graines de cette gousse d'exception égayeront et ensoleilleront vos desserts et plus spécialement vos entremets et crèmes brûlées. Fendez-la puis, à l'aide d'un couteau, détachez les grains noirs aromatiques qu'elle contient pour les répandre dans votre préparation. Si de petits cristaux blancs apparaissent sur votre vanille, ce n'est pas un problème de conservation de votre produit mais un phénomène naturel gage de son taux élevé en vanilline. Produit sujet à dessiccation., Gousse de vanille issue de l'agriculture biologique., Vous pouvez conserver une gousse de vanille en la laissant dans un pot de sucre.]|"
1180,00€ / Kg"|"
3,54 €"
4381|Gousses de vanille|Le blister de 4g|[Origine : FRANCE, Un parfum de vanille authentique et raffiné dans tous vos desserts.Cet emballage fraîcheur protège les gousses de vanille et garantit leur conservation jusqu'à utilisation., Pour parfumer vos crèmes (anglaises, pâtissières, renversées...). Prévoyez 1 gousse par 1/2 litre de lait. Pendant la cuisson du lait, laissez infuser une gousse de vanille fendue dans le sens de la longueur. Puis, à laide d'un couteau, détachez lesgrains noirs aromatiques quelle contient pour les répandre dans le lait., Gousses de vanille.]|"
1540,00€ / Kg"|"
4,62 €"
4382|Gousses de vanille en poudre sucrées|Le blister de 7g|[Origine : FRANCE, Tout l'arôme de la vanille en 1 geste., Dosage : 1 à 2 c. à café maximum pour parfumer 1/2 litre de préparation., Gousses de vanille broyées 50%, sucre 50%.]|"
570,00€ / Kg"|"
3,99 €"
4383|Multi-Déco|Le pot de 146g|[Origine : FRANCE, Vahiné, c'est gonflé d'idées !, Billes de céréales enrobées : sucre, billes de céréales (farine de riz, farine de blé, gluten de blé, fibre de blé, malt d'orge, sucre, sel), beurre de cacao, agent d'enrobage : shellac, colorants : rouge de betterave, carmins, lutéine, extrait de paprika, complexes cuivre-chlorophyllines. Perles multicolores de confiserie : sucre, amidon de blé et de maïs, sirop de glucose, colorants : riboflavine, complexes cuivre-chlorophyllines, anthocyanes, jus de betterave concentré, matière grasse de noixde coco, agent d'enrobage : cire d'abeille. Vermicelles fantaisie au cacao : sucre, amidon de blé, poudre de cacao maigre (13%), matière grasse végétale, farine de blé, émulsifiants : lécithine de colza, agents d'enrobage, gomme arabique, shellac. Etoiles en sucre : sucre, farine de riz, beurre de cacao, épaississant : gomme adragante, arôme, colorant : carotènes mélangés. Traces possibles de lait, soja, sulfites et arachides., A conserver à l'abri de la chaleur et de l'humidité.]|"
37,12€ / Kg"|"
5,42 €"
4385|Pate d'amande tricolore 40%|Le sachet de 150g|[Origine : FRANCE, Vahiné a sélectionné cette nouvelle recette plus riche en amande pour la qualité de ses ingrédients et son bon goût naturel d'amande. Sa texture fine et fondante vous permettra de décorer vos desserts ou de réaliser de délicieux fruits déguisés., Malaxez votre pâte avant de créer vos sujets, décors ou bien avant de l'étaler sur une feuille de papier cuisson anti adhésif, à l'aide d'un rouleau à pâtisserie comme pour une pâte à tarte., Sucre, amandes (40%), glucose, stabilisants : glycérol, sorbitol, colorants : rose (carmins), vert (complexes cuivre chlorophylles, lutéine). Peut contenir des traces de gluten, noisettes et graines de sesame., Valeur énergétique en Joules :  1906kj, Valeur énergétique en Kcal : 455kcal, Glucides : 19,3g, Protides :7,9g, Après ouverture, roulez la dans son emballage entouré d'un film alimentaire ou mis dans un sachet congélation et placez la dans un endroit frais.]|"
18,87€ / Kg"|"
2,83 €"
4386|Pépites Chocolat au lait|Le sachet de 100g|[Origine : FRANCE]|"
32,70€ / Kg"|"
3,27 €"
4387|Pépites chunks|Le sachet de 100g|[Origine : FRANCE]|"
31,10€ / Kg"|"
3,11 €"
4389|Pépites de nougatine|Le sachet de 90g|[Origine : FRANCE, Sucre, amandes (25%), noisettes (25%).    Conditionné dans un atelier travaillant des noix., à protéger de la chaleur; à conserver à l'abri de l'humidité.]|"
32,78€ / Kg"|"
2,95 €"
4390|Perles coeur tendre argentees|Le flacon de 50g|[Origine : FRANCE, Perles en sucre argentées., Sucre, farine de riz, sirop de glucose, colorant : argent, gélatine, sel., Valeur énergétique en Joules :  1630kj, Valeur énergétique en Kcal : 390kcal, Glucides : 96g, Lipides : 0,5g, Protides :0,8g, A conserver à l'abri de la chaleur, de la lumière et de l'humidité.]|"
67,80€ / Kg"|"
3,39 €"
4391|Perles ivoires croustillantes|Le flacon de 55g|[Origine : FRANCE, Perles en sucre ivoires., Dextrose, sucre, sirop de glucose, farine de riz, colorants : dioxyde de titane, agent d'enrobage : shellac, arôme naturel, acidifiant : acide citrique, huile de noix de coco, sel., Valeur énergétique en Joules :  1520kj, Valeur énergétique en Kcal : 365kcal, Glucides : 90g, Lipides : 0,5g, Protides :0,5g, A conserver à l'abri de la chaleur, de la lumière et de l'humidité.]|"
60,18€ / Kg"|"
3,31 €"
4392|Perles multicolores de confiserie|Le flacon de 80g|[Origine : FRANCE, Sucre, amidon de maïs, sirop de glucose (issu du blé), colorants : E124, E104, E110, E131, E122, huile de palme non hydrogénée, agent d'enrobage : cire d'abeille.]|"
27,50€ / Kg"|"
2,20 €"
4394|Roses en sucre|La boite de 4 roses & 8 feuilles|[Origine : THAILANDE, Avec leur formule sans conservateur et leur texture craquante et meringuée, ces décors vous permettront de personnaliser tous vos gâteaux et Cupcakes. Vahiné s'est inspiré de la recette de la meringue, idéale pour l décoration des desserts, pour vousproposer ces décors en forme de roses et feuilles., Sucre, blanc d'oeuf en poudre, eau, épaississant : gomme arabique, arôme, stabilisant : tartrates de potassium, extrait de carthame, colorants : carmins, bleu brillant FCF., Valeur énergétique en Joules :  1684kj, Valeur énergétique en Kcal : 396kcal, Glucides : 97g, Lipides : 0g, Protides :1,6g]|"
161,50€ / Kg"|"
3,23 €"
4397|Sucre vanilliné|10 sachets|[Origine : FRANCE]|"
15,73€ / Kg"|"
1,18 €"
4399|Café corsé, capsules biodégradables, puissant et intense|Les 10 capsules, 50g|[Origine : FRANCE, Cet authentique espresso à l'italienne composé d'un mélange d'arabica relevé d'une pointe de robusta se caractérise par sa forte personnalité et sa longueur en bouche., Ces capsules compatibles avec les machines Nespresso ont été conçues et testées pour une utilisation sans risque de votre machine. Préchauffez votre tasse en faisant couler de l'eau. Insérez la capsule et abaissez fermement le levier. Ejectez la capsule après chaque utilisation et videz régulièrement le bac de récupération., Café moulu., A conserver à l'abri de la chaleur et de l'humidité et à consommer de préférence dans le mois qui suit l'ouverture du film protecteur.]|"
50,60€ / Kg"|"
2,53 €"
4400|Café en grains Pérou & Guatemala subtil et intense|Le paquet de 250g|[Origine : FRANCE, La gamme des cafés Monoprix Gourmet se décline en diverses origines à déguster les yeux fermés pour découvrir de nouvelles contrées. La valve fraîcheur : elle assure une conservation optimale du café en empêchant l'air de pénétrer dans le paquet souple., Café en grains pur arabica issu du commerce équitable certifié Fairtrade/Max Havelaar (100% du poids total) dont 80% Pérou et 20% Guatemala.]|"
14,60€ / Kg"|"
3,65 €"
4401|Café en grains Pérou & Guatemala subtil et intense|Le paquet de 250g|[Origine : FRANCE, La gamme des cafés Monoprix Gourmet se décline en diverses origines à déguster les yeux fermés pour découvrir de nouvelles contrées. La valve fraîcheur : elle assure une conservation optimale du café en empêchant l'air de pénétrer dans le paquet souple., Café en grains pur arabica issu du commerce équitable certifié Fairtrade/Max Havelaar (100% du poids total) dont 80% Pérou et 20% Guatemala.]|"
14,60€ / Kg"|"
3,65 €"
4402|Café moulu Espresso Inde biodégradable, fin & subtil|Les 10 capsules de 50g|[Origine : FRANCE, Toute la finesse et l'acidité d'un café pure origine d'Inde à déguster à tout moment de la journée. Les amateurs de café apprécieront ses notes douces et fruitées tout en apportant une rondeur en bouche. Ces capsules individuelles et biodégradables vous garantissent un café constant contenant la juste dose de café finement moulu., Ces capsules de café sont compatibles avec les machines Nespresso. Pour préparer votre tasse, introduisez une capsule dans la fente de votre machine. Utilisez de l'eau neutre (ni calcaire, ni chlorée). Au moment d'obtenir votre café, vous pouvez entendre le bruit de la perforation de la capsule indiquant un bon fonctionnement. Quand votre café est servi, la capsule usagée s'éjecte automatiquement dans le réservoir de la machine., Café moulu d'Inde., A conserver à l'abri de la chaleur et de l'humidité et à consommer de préférence dans le mois qui suit l'ouverture du sachet.]|"
57,40€ / Kg"|"
2,87 €"
4403|Café moulu Laos et Guatemala robusta & arabica, certifié AB|Le paquet de 250g|[Origine : FRANCE, Café issu de l'agriculture biologique dont 66% robusta Laos et 34% arabica Guatemala.]|"
12,88€ / Kg"|"
3,22 €"
4405|Café moulu pur arabica, Colombie|Le paquet de 250g|[Origine : FRANCE, Fruité et acidulé., Humecter le filtre de votre cafetière à l'eau froide, utilisez de préférence une eau neutre ( ni calcaire, ni chlorée ). Versez une cuillère à soupe de café par tasse, plus ou moins pleine suivant la force désirée., Café pur arabica de Colombie 100%., A conserver à température ambiante. Après ouverture, pour préserver le plus longtemps possible tout l'arôme de votre café, conservez-le de préférence au réfrigérateur dans une boîte hermétique.]|"
11,32€ / Kg"|"
2,83 €"
4406|Café moulu pur arabica, Costa Rica|Le paquet de 250g|[Origine : FRANCE, La gamme des cafés MONOPRIX GOURMET se décline en diverses origines à déguster les yeux fermés pour découvrir de nouvelles contrées., Utilisez de préférence une eau non calcaire. Humectez le filtre. Dosez une cuillère à café bombée par tasse., Café moulu pur arabica du Costa Rica., A conserver à l'abri de la chaleur et de l'humidité. Après ouverture bien refermer le paquet et le conserver au froid dans une boîte hermétique.]|"
11,16€ / Kg"|"
2,79 €"
4407|Café moulu pur arabica, Costa Rica|Le paquet de 250g|[Origine : FRANCE, La gamme des cafés MONOPRIX GOURMET se décline en diverses origines à déguster les yeux fermés pour découvrir de nouvelles contrées., Utilisez de préférence une eau non calcaire. Humectez le filtre. Dosez une cuillère à café bombée par tasse., Café moulu pur arabica du Costa Rica., A conserver à l'abri de la chaleur et de l'humidité. Après ouverture bien refermer le paquet et le conserver au froid dans une boîte hermétique.]|"
11,16€ / Kg"|"
2,79 €"
4408|Café moulu pur arabica, décaféiné, authentique et équilibré|Le paquet de 250g|[Origine : FRANCE, Ce café est le résultat d'une alliance de purs arabicas sélectionnés pour leur équilibre. Il a été soigneusement décaféiné pour vous permettre de le consommer à toute heure du jour et de la nuit., Pour profiter pleinement des qualités de votre café, humectez le filtre de votre cafetière à l'eau froide, utilisez de préférence une eau neutre (ni calcaire, ni chlorée). Versez une cuillère à soupe de café par tasse, plus ou moins pleine, suivant la force désirée., Café moulu pur arabica décaféiné., Avant ouverture : à conserver à température ambiante. Après ouverture : pour préserver le plus longtemps possible tout l'arôme de votre café, conservez-le de préférence au réfrigérateur dans une boîtehermétique. Emballé sous vide.]|"
10,92€ / Kg"|"
2,73 €"
4409|Café moulu pur arabica, doux, savoureux et parfumé|Le paquet de 250g|[Origine : FRANCE, Ce café est le résultat d'une alliance subtile de purs arabicas sélectionnés pour leur douceur et leur parfum., Pour profiter pleinement des qualités de votre café, humectez le filtre de votre cafetière à l'eau froide, utilisez de préférence une eau neutre (ni calcaire, ni chlorée). Versez une cuillère à soupe de café par tasse, plus ou moins pleine, suivant la force désirée., Café arabica 100%., Avant ouverture : à conserver à température ambiante. Après ouverture : pour préserver le plus longtemps possible tout l'arôme de votre café, conservez-le de préférence au réfrigérateur dans une boîtehermétique. Emballé sous vide.]|"
10,52€ / Kg"|"
2,63 €"
4411|Café moulu pur arabica, Ethiopie|Le paquet de 250g|[Origine : FRANCE, Utilisez de préférence une eau non calcaire. Humectez le filtre. Dosez une cuillère à soupe de café plus ou moins pleine par tasse selon votre goût., Café moulu pur arabica d'Ethiopie., Valeur énergétique en Joules :  0, Valeur énergétique en Kcal : 0, Glucides : 0, Lipides : 0, Protides :0, A conserver à l'abri de la chaleur et de l'humidité. Après ouverture bien refermer le sachet et le conserver dans une boite hermétique. Emballé sous vide compensé par atmosphère protectrice.]|"
12,56€ / Kg"|"
3,14 €"
4412|Café moulu pur arabica, expresso, intense et équilibré|Le paquet de 250g|[Origine : FRANCE, Ce café est le résultat d'une alliance de purs arabicas sélectionnés pour leur intensité et leur équilibre., Pour profiter pleinement des qualités de votre café, humectez le filtre de votre cafetière à l'eau froide, utilisez de préférence une eau neutre (ni calcaire, ni chlorée). Versez une cuillère à soupe de café par tasse, plus ou moins pleine, suivant la force désirée., Café arabica 100%., Avant ouverture : à conserver à température ambiante. Après ouverture : pour préserver le plus longtemps possible tout l'arôme de votre café, conservez-le de préférence au réfrigérateur dans une boîtehermétique. Emballé sous vide.]|"
10,12€ / Kg"|"
2,53 €"
4413|Café moulu pur arabica, Guatemala|Le paquet de 250g|[Origine : FRANCE, Café pur arabica du Guatemala issu du commerce équitable. La gamme des cafés Monoprix Gourmet se décline en diverses origines à déguster les yeux fermés pour découvrir de nouvelles contrées., Utilisez de préférence une eau non calcaire. Humectez le filtre. Dosez une cuillère à soupe de café plus ou moins pleine par tasse selon votre goût., Café moulu pur arabica du Guatemala., A conserver à l'abri de la chaleur et de l'humidité. Après ouverture, pour préserver le plus longtemps possible tout l'arôme de votre café, refermez bien votre paquet à l'aide de sa barrette et conservez-le de préférence au réfrigérateur dans une boîte hermétique.]|"
12,56€ / Kg"|"
3,14 €"
4414|Café moulu pur arabica, Guatemala|Le paquet de 250g|[Origine : FRANCE, Café pur arabica du Guatemala issu du commerce équitable. La gamme des cafés Monoprix Gourmet se décline en diverses origines à déguster les yeux fermés pour découvrir de nouvelles contrées., Utilisez de préférence une eau non calcaire. Humectez le filtre. Dosez une cuillère à soupe de café plus ou moins pleine par tasse selon votre goût., Café moulu pur arabica du Guatemala., A conserver à l'abri de la chaleur et de l'humidité. Après ouverture, pour préserver le plus longtemps possible tout l'arôme de votre café, refermez bien votre paquet à l'aide de sa barrette et conservez-le de préférence au réfrigérateur dans une boîte hermétique.]|"
12,56€ / Kg"|"
3,14 €"
4415|Café moulu pur arabica, Honduras|Le paquet de 250g|[Origine : FRANCE, La gamme des cafés Monoprix Gourmet se décline en diverses origines à déguster les yeux fermés pour découvrir de nouvelles contrés., Utilisez de préférence une eau non calcaire. Humectez le filtre. Dosez une cuillère à café bombée par tasse., Valeur énergétique en Kcal : 0, Glucides : 0, Lipides : 0, Protides :0, Café moulu pur arabica du Honduras., A conserver à l'abri de la chaleur et de l'humidité. Après ouverture, bien refermer le paquet et le conserver au froid dans une boîte hermétique.]|"
10,76€ / Kg"|"
2,69 €"
4416|Café moulu pur arabica, Honduras|Le paquet de 250g|[Origine : FRANCE, La gamme des cafés Monoprix Gourmet se décline en diverses origines à déguster les yeux fermés pour découvrir de nouvelles contrés., Utilisez de préférence une eau non calcaire. Humectez le filtre. Dosez une cuillère à café bombée par tasse., Valeur énergétique en Kcal : 0, Glucides : 0, Lipides : 0, Protides :0, Café moulu pur arabica du Honduras., A conserver à l'abri de la chaleur et de l'humidité. Après ouverture, bien refermer le paquet et le conserver au froid dans une boîte hermétique.]|"
10,76€ / Kg"|"
2,69 €"
4417|Café moulu pur arabica, intense|Le paquet de 250g|[Origine : FRANCE, Nos équipes recherchent, sélectionnent et contrôlent les grands crus de café de par le monde pour vous garantir des instants d'intenses sensations.Ce café moulu est le résultat d'une alliance subtile des meilleurs crus d'arabicas d'origine., Pour profiter pleinement des qualités de votre café, humectez votre filtre papier à l'eau froide, utilisez de préférence une eau non calcaire et prévoyez une cuillère à soupe de café par tasse, plus ou moins pleine suivant la force désirée., Café moulu 100% arabica., A conserver à l'abri de la chaleur et de l'humidité. Après ouverture, pour préserver le plus longtemps possible tout l'arôme de votre café, refermez bien votre paquet à l'aide de sa barrette et conservez-le de préférence au réfrigérateur dans une boite hermétique]|"
10,16€ / Kg"|"
2,54 €"
4419|Café moulu pur arabica, Mexique|Le paquet de 250g|[Origine : FRANCE, Intense et parfumé. La valve fraîcheur permet au café de libérer son excès naturel de gaz tout en empêchant l'air de pénétrer. Vous retrouverez ainsi les arômes de café intacts. La mouture de ce café a été étudiée pour tous types de cafetière à filtration., Utilisez de préférence une eau non calcaire. Humectez le filtre. Dosez une cuillère à soupe de café plus ou moins pleine par tasse selon votre goût., Café d'Amérique Centrale pur arabica issu de l'agriculture biologique., Pour préserver tous les arômes de votre café, nous vous conseillons de le conserver au réfrigérateur après ouverture. A conserver à l'abri de la chaleur et de l'humidité. Conditionné sous atmosphère protectrice.]|"
14,48€ / Kg"|"
3,62 €"
4420|Café moulu pur arabica, Mexique|Le paquet de 250g|[Origine : FRANCE, Intense et parfumé. La valve fraîcheur permet au café de libérer son excès naturel de gaz tout en empêchant l'air de pénétrer. Vous retrouverez ainsi les arômes de café intacts. La mouture de ce café a été étudiée pour tous types de cafetière à filtration., Utilisez de préférence une eau non calcaire. Humectez le filtre. Dosez une cuillère à soupe de café plus ou moins pleine par tasse selon votre goût., Café d'Amérique Centrale pur arabica issu de l'agriculture biologique., Pour préserver tous les arômes de votre café, nous vous conseillons de le conserver au réfrigérateur après ouverture. A conserver à l'abri de la chaleur et de l'humidité. Conditionné sous atmosphère protectrice.]|"
14,48€ / Kg"|"
3,62 €"
4421|Café moulu pur arabica, Pérou|Le paquet de 250g|[Origine : FRANCE, Utilisez de préférence une eau non calcaire. Humectez le filtre. Dosez une cuillère à café bombée par tasse., Café moulu pur arabica du Pérou., A conserver à l'abri de la chaleur et de l'humidité. Après ouverture bien refermer le sachet et le conserver au réfrigérateur dans une boîte hermétique. Emballé sous vide compensé par atmosphère protectrice.]|"
11,32€ / Kg"|"
2,83 €"
4422|Café moulu pur arabica, Pérou|Le paquet de 250g|[Origine : FRANCE, Utilisez de préférence une eau non calcaire. Humectez le filtre. Dosez une cuillère à café bombée par tasse., Café moulu pur arabica du Pérou., A conserver à l'abri de la chaleur et de l'humidité. Après ouverture bien refermer le sachet et le conserver au réfrigérateur dans une boîte hermétique. Emballé sous vide compensé par atmosphère protectrice.]|"
11,32€ / Kg"|"
2,83 €"
4425|Café moulu robusta|Les 2 paquets de 250g|[Origine : FRANCE, Nos équipes sélectionnent et contrôlent pour vous les grands crus de cafés de par le monde pour vous garantir des instants d'intense émotion. Ce café est le résultat d'une alliance de robustas sélectionnés pour leur force et leur générosité., Humectez le filtre de votre cafetière à l'eau froide et dosez une cuillère à soupe, plus ou moins pleine, par tasse selon votre goût. Utilisez de préférence une eau neutre (ni calcaire, ni chlorée)., Café robusta 100%., Avant ouverture, à conserver à température ambiante. Après ouverture : pour préserver le plus longtemps possible tout l'arôme de votre café, conservez-le de préférence au réfrigérateur dans une boîtehermétique.]|"
4,70€ / Kg"|"
2,35 €"
4426|Café moulu robusta, Corsé et généreux|Le paquet de 250g|[Origine : FRANCE, Ce café est le résultat d'une alliance de robustas sélectionnés pour leur force et leur générosité. Idéal pour commencer la journée ou en fin de repas., Humectez le filtre de votre cafetière à l'eau froide et dosez une cuillère à soupe, plus ou moins pleine, par tasse selon votre goût. Utilisez de préférence une eau neutre., Café moulu robusta 100%., Avant ouverture, à conserver à température ambiante. Après ouverture, pour préserver le plus longtemps possible tout l'arôme de votre café, conservez le au réfrigérateur dans une boite hermétique.]|"
4,80€ / Kg"|"
1,20 €"
4427|Café moulu robusta, décaféiné, authentique et généreux|Le paquet de 250g|[Origine : FRANCE, Nos équipes sélectionnent et contrôlent pour vous les grands crus de cafés de par le monde pour vous garantir des instants d'intense émotion. Ce café est le résultat d'une alliance de robustas sélectionnés pour leur force et leur générosité., Humectez le filtre de votre cafetière à l'eau froide et dosez une cuillère à soupe, plus ou moins pleine, par tasse selon votre goût. Utilisez de préférence une eau neutre (ni calcaire, ni chlorée)., Café robusta décaféiné 100%., Avant ouverture, à conserver à température ambiante. Après ouverture : pour préserver le plus longtemps possible tout l'arôme de votre café, conservez-le de préférence au réfrigérateur dans une boîtehermétique.]|"
6,40€ / Kg"|"
1,60 €"
4428|Café Pérou bio, suave et fruité, capsules biodégradables et comptibles Nespresso|Les 10 capsules, 50g|[Origine : FRANCE]|"
60,60€ / Kg"|"
3,03 €"
4429|Café Pérou bio, suave et fruité, capsules biodégradables et comptibles Nespresso|Les 10 capsules, 50g|[Origine : FRANCE]|"
60,60€ / Kg"|"
3,03 €"
4430|Café pur arabica, Afrique, certifié AB|Les 18 dosettes, 125g|[Origine : FRANCE, Monoprix a sélectionné pour vous, avec des entreprises partenaires, des produits issus de l'agriculture biologique. Leurs modes de production et de transformation sont contrôlés et certifiés par un organisme indépendant conformément à la réglementation en vigueur. Les producteurs emploient des fertilisants respectueux de l'environnement et pratiquent la rotation des cultures afin de garder des sols vivants et une fertilité durable., Ingrédient issu du commerce équitable certifié Faitrade/Max Havelaar : café pur arabica d'Afrique (100% du poids total).]|"
18,88€ / Kg"|"
2,36 €"
4431|Café pur arabica, Afrique, certifié AB|Les 18 dosettes, 125g|[Origine : FRANCE, Monoprix a sélectionné pour vous, avec des entreprises partenaires, des produits issus de l'agriculture biologique. Leurs modes de production et de transformation sont contrôlés et certifiés par un organisme indépendant conformément à la réglementation en vigueur. Les producteurs emploient des fertilisants respectueux de l'environnement et pratiquent la rotation des cultures afin de garder des sols vivants et une fertilité durable., Ingrédient issu du commerce équitable certifié Faitrade/Max Havelaar : café pur arabica d'Afrique (100% du poids total).]|"
18,88€ / Kg"|"
2,36 €"
4433|Café soluble, cappuccino nature|Les 10 sticks + saupoudreuse, 147g|[Origine : ALLEMAGNE, Découvrez la recette gourmande du Cappuccino Monoprix et laissez vous séduire par sa mousse onctueuse. A déguster pour des instants de plaisir., Versez le contenu du sachet de Cappuccino dans une grande tasse, ajoutez lentement 150 ml d'eau chaude non bouillante tout en remuant avec une cuillère. Le Cappuccino est déjà sucré. Saupoudrez votre Cappuccino avec le chocolat en poudre selon la tradition italienne., Cappuccino : poudre de lait écrémé 38,9%, sucre, café soluble 14,2%, huile végétale (coco), lactosérum en poudre, stabilisant : E340, anti-agglomérant E551, épaississant E414, arômes, sel. Chocolat en poudre (saupoudreuse) : sucre, cacao en poudre, arôme. Cacao : 32% minimum. Traces de lait., Valeur énergétique en Joules :  1664Kj, Valeur énergétique en Kcal : 396Kcal, Glucides : 53g, Lipides : 13g, Protides :15g, A conserver à l'abri de la chaleur et de l'humidité.]|"
15,24€ / Kg"|"
2,24 €"
4434|Café soluble, cappuccino saveur chocolat|Les 8 sticks, 144g|[Origine : ALLEMAGNE, Découvrez la recette gourmande du Cappuccino saveur chocolat Monoprix et laissez-vous séduire par sa mousse onctueuse. A déguster pour des instants de plaisir., Versez le contenu du sachet de Cappuccino saveur chocolat dans une grande tasse, ajoutez lentement 150 ml d'eau chaude non bouillante tout en remuant avec une cuillère. Le Cappuccino saveur chocolat est déjà sucré., Sucre, poudre de lait écrémé 25,7%, café soluble 11%, huile végétale (coco), sirop de glucose, cacao maigre en poudre 3,2%, arômes, sel, stabilisant : E340, épaississant : E414., Valeur énergétique en Joules :  1842Kj, Valeur énergétique en Kcal : 440Kcal, Glucides : 75g, Lipides : 12g, Protides :8,4g, A conserver à l'abri de la chaleur et de l'humidité.]|"
15,14€ / Kg"|"
2,18 €"
4435|Café soluble, corsé et généreux|La boîte de 200g|[Origine : ESPAGNE, Café soluble aggloméré., Versez une cuillère de café soluble dans une tasse et ajoutez de l'eau frémissante., 100% café soluble aggloméré., A conserver au frais et au sec. Bien refermer le bouchon après ouverture et consommer dans les 4 semaines.]|"
16,70€ / Kg"|"
3,34 €"
4436|Café soluble, corsé et généreux|La boîte de 50g|[Origine : ESPAGNE, Café soluble aggloméré., Versez une cuillère de café soluble dans une tasse et ajoutez de l'eau frémissante., 100% café soluble aggloméré., A conserver au frais et au sec. Bien refermer le bouchon après ouverture et consommer dans les 4 semaines.]|"
34,40€ / Kg"|"
1,72 €"
4437|Café soluble, qualité filtre, décaféiné|La boîte de 100g|[Origine : ALLEMAGNE, Café soluble lyophilisé décaféiné issu du commerce équitable., Pour avoir un café de grand arôme, mettez une cuillère à café par tasse. Versez de l'eau frémissante mais non bouillante. Sucrez selon votre goût. Remuez et dégustez !, 100% café arabica décaféiné issu du commerce équitable certifié Fairtrade/Max Havelaar, Refermez soigneusement le bocal après chaque utilisation et conservez-le à l'abri de la chaleur et de l'humidité.]|"
37,50€ / Kg"|"
3,75 €"
4438|Café soluble, qualité filtre, décaféiné|La boîte de 100g|[Origine : ALLEMAGNE, Café soluble lyophilisé décaféiné issu du commerce équitable., Pour avoir un café de grand arôme, mettez une cuillère à café par tasse. Versez de l'eau frémissante mais non bouillante. Sucrez selon votre goût. Remuez et dégustez !, 100% café arabica décaféiné issu du commerce équitable certifié Fairtrade/Max Havelaar, Refermez soigneusement le bocal après chaque utilisation et conservez-le à l'abri de la chaleur et de l'humidité.]|"
37,50€ / Kg"|"
3,75 €"
4439|Café soluble, qualité filtre, intense et équilibré|Les 25 sticks, 50g|[Origine : FRANCE, Café soluble lyophilisé issu du commerce équitable., Pour avoir un café de grand arôme, mettez un stick par tasse. Versez de l'eau frémissante mais non bouillante. Sucrez selon votre goût. Remuez et dégustez., 100% café arabica lyophilisé issu du commerce équitable certifié Fairtrade/Max Havelaar., A conserver à l'abri de la chaleur et de l'humidité.]|"
44,40€ / Kg"|"
2,22 €"
4440|Café soluble, qualité filtre, intense et équilibré|Les 25 sticks, 50g|[Origine : FRANCE, Café soluble lyophilisé issu du commerce équitable., Pour avoir un café de grand arôme, mettez un stick par tasse. Versez de l'eau frémissante mais non bouillante. Sucrez selon votre goût. Remuez et dégustez., 100% café arabica lyophilisé issu du commerce équitable certifié Fairtrade/Max Havelaar., A conserver à l'abri de la chaleur et de l'humidité.]|"
44,40€ / Kg"|"
2,22 €"
4441|Café soluble, qualité filtre, issu du commerce équitable|La boîte de 100g|[Origine : ALLEMAGNE, Café soluble lyophilisé issu du commerce équitable., Pour avoir un café de grand arôme, mettez une cuillère à café par tasse. Versez de l'eau frémissante mais non bouillante. Sucrez selon votre goût. Remuez et dégustez !, 100% café arabica lyophilisé issu du commerce équitable certifié Fairtrade/Max Havelaar., Refermez soigneusement le bocal après chaque utilisation et conservez-le à l'abri de la chaleur et de l'humidité.]|"
36,40€ / Kg"|"
3,64 €"
4442|Café soluble, qualité filtre, issu du commerce équitable|La boîte de 100g|[Origine : ALLEMAGNE, Café soluble lyophilisé issu du commerce équitable., Pour avoir un café de grand arôme, mettez une cuillère à café par tasse. Versez de l'eau frémissante mais non bouillante. Sucrez selon votre goût. Remuez et dégustez !, 100% café arabica lyophilisé issu du commerce équitable certifié Fairtrade/Max Havelaar., Refermez soigneusement le bocal après chaque utilisation et conservez-le à l'abri de la chaleur et de l'humidité.]|"
36,40€ / Kg"|"
3,64 €"
4443|Café soluble, spécial filtre, intense et équilibré|La boîte de 200g|[Origine : ALLEMAGNE, Café soluble lyophilisé issu du commerce équitable., Pour avoir un café de grand arôme, mettez une cuillère à café par tasse. Versez de l'eau frémissante mais non bouillante. Sucrez selon votre goût. Remuez et dégustez !, 100% café arabica lyophilisé issu du commerce équitable certifié Fairtrade/Max Havelaar., Refermez soigneusement le bocal après chaque utilisation et conservez-le à l'abri de la chaleur et de l'humidité.]|"
36,00€ / Kg"|"
7,20 €"
4444|Café soluble, spécial filtre, intense et équilibré|La boîte de 200g|[Origine : ALLEMAGNE, Café soluble lyophilisé issu du commerce équitable., Pour avoir un café de grand arôme, mettez une cuillère à café par tasse. Versez de l'eau frémissante mais non bouillante. Sucrez selon votre goût. Remuez et dégustez !, 100% café arabica lyophilisé issu du commerce équitable certifié Fairtrade/Max Havelaar., Refermez soigneusement le bocal après chaque utilisation et conservez-le à l'abri de la chaleur et de l'humidité.]|"
36,00€ / Kg"|"
7,20 €"
4445|Chicorée café soluble, doux réveil|La boîte de 100g|[Origine : ESPAGNE, Versez le contenu d'une ou deux cuillères à café par tasse. Ajoutez de l'eau chaude non bouillante ou du lait frémissant. Sucrez selon votre goût., Chicorée soluble 60%, café soluble 40%. Traces de lait et de gluten., Bien refermer la boite après utilisation. A conserver à l'abri de la chaleur et de l'humidité.]|"
16,60€ / Kg"|"
1,66 €"
4446|Chicorée café soluble, doux réveil|La boîte de 250g|[Origine : ESPAGNE, Chicorée café solubles., Versez le contenu d'une ou deux cuillères à café par tasse. Ajoutez de l'eau chaude non bouillante ou du lait frémissant. Sucrez selon votre goût., Chicorée soluble 60%, café soluble 40%., Valeur énergétique en Joules :  1537Kj, Valeur énergétique en Kcal : 368KCal, Glucides : 80g, Lipides : 0,2g, Protides :10g, Bien refermer après utilisation. A conserver à l'abri de la chaleur et de l'humidité.]|"
11,40€ / Kg"|"
2,85 €"
4447|Décaféiné Amerique latine, fruité et aromatique|Le sachet de 250g|[Origine : FRANCE, La valve fraicheur permet au café de libérer son excès naturel de gaz en empêchant l'air de pénétrer. Vous retrouverez ainsi les arômes du café intacts. La mouture de ce café a été étudiée pour les cafetières à filtre., Cafetière filtre : utilisez de préférence une eau non calcaire. Humectez le filtre. Dosez une cuillère à soupe plus ou moins pleine par tasse selon votre goût. Conditionné sous atmosphère protectrice., Avant ouverture, à conserver à l'abri de la chaleur et de l'humidité. Pour préserver tous les arômes de votre café, nous vous conseillons de le conserver au réfrigérateur après ouverture.]|"
15,56€ / Kg"|"
3,89 €"
4448|Décaféiné Amerique latine, fruité et aromatique|Le sachet de 250g|[Origine : FRANCE, La valve fraicheur permet au café de libérer son excès naturel de gaz en empêchant l'air de pénétrer. Vous retrouverez ainsi les arômes du café intacts. La mouture de ce café a été étudiée pour les cafetières à filtre., Cafetière filtre : utilisez de préférence une eau non calcaire. Humectez le filtre. Dosez une cuillère à soupe plus ou moins pleine par tasse selon votre goût. Conditionné sous atmosphère protectrice., Avant ouverture, à conserver à l'abri de la chaleur et de l'humidité. Pour préserver tous les arômes de votre café, nous vous conseillons de le conserver au réfrigérateur après ouverture.]|"
15,56€ / Kg"|"
3,89 €"
4449|Dosette de café, Costa Rica, aromatique et équilibré|Le sachet de 18 dosettes|[Origine : FRANCE]|"
19,60€ / Kg"|"
2,45 €"
4450|Dosette de café, Costa Rica, aromatique et équilibré|Le sachet de 18 dosettes|[Origine : FRANCE]|"
19,60€ / Kg"|"
2,45 €"
4451|Dosettes de café, corsé et généreux|Les 18 dosettes, soit 125g|[Origine : FRANCE, Dosettes spécialement adaptées aux machines à dosettes souples et percolateurs., Pour préparer votre tasse, introduisez une dosette dans le porte filtre de votre machine à dosettes ou de votre percolateur et pressez si nécessaire la dosette de façon à ce qu'elle épouse bien la forme du porte filtre., Café 100%., Après ouverture, pour préserver le plus longtemps possible tout l'arôme de vos dosettes de café, refermez bien votre sachet à l'aide de l'adhésif et conservez-le de préférence au réfrigérateur. Conditionné sous atmosphère protectrice.]|"
16,96€ / Kg"|"
2,12 €"
4452|Dosettes de café, intense et équilibré|Les 18 dosettes, soit 125g|[Origine : FRANCE, Dosettes spécialement adaptées aux machines à dosettes souples et percolateurs., Pour préparer votre tasse, introduisez une dosette dans le porte filtre de votre machine à dosettes ou de votre percolateur et pressez si nécessaire la dosette de façon à ce qu'elle épouse bien la forme du porte filtre., Café 100%., Après ouverture, pour préserver le plus longtemps possible tout l'arôme de vos dosettes de café, refermez bien votre sachet à l'aide de l'adhésif et conservez-le de préférence au réfrigérateur. Conditionné sous atmosphère protectrice.]|"
17,60€ / Kg"|"
2,20 €"
4455|Infusion à la camomille|Les 25 sachets, 20g|[Origine : FRANCE, Cette infusion délicatement parfumée est une alternative au café ou  au thé. En famille ou entre amis, offrez-vous un moment de plaisir à toute heure de la journée., Versez de l'eau frémissante sur le sachet puis laissez infuser de 3 à 5 minutes selon votre goût. Consommez nature ou sucré à votre convenance., Camomille matricaire 100%., A conserver à l'abri de l'humidité.]|"
72,00€ / Kg"|"
1,44 €"
4456|Infusion à la menthe et verveine|Les 25 sachets, 40g|[Origine : FRANCE, Cette infusion particulièrement raffinée vous apportera une note de douceur à tout instant de la journée., Versez de l'eau frémissante sur votre sachet et laissez infuser 5 minutes., Feuilles de verveine 50%, feuilles de menthe poivrée 50%., A conserver à l'abri de l'humidité.]|"
33,00€ / Kg"|"
1,32 €"
4457|Infusion à la verveine|Les 25 sachets, 40g|[Origine : FRANCE, Ce mélange délicatement parfumé est une agréable alternative au café ou au thé. En famille ou entre amis, offrez-vous un instant de plaisir., Versez de l'eau frémissante sur votre sachet, laissez infuser 3 à 5 minutes selon votre goût, consommez nature ou sucré à votre convenance., Feuilles de verveine 100%., A conserver à l'abri de l'humidité.]|"
32,25€ / Kg"|"
1,29 €"
4458|Infusion après-repas à la mélisse, frêne et romarin, certifié AB|Les 20 sachets, 30g|[Origine : FRANCE, La mélisse et le romarin sont des plantes connues pour leurs vertus digestives et vivifiantes., Versez de l'eau frémissante sur le sachet et laissez infuser 5 minutes., Mélisse* 53%, frêne* 33%, romarin* 10%, arôme naturel menthe 4%. *Ingrédients issus de l'agriculture biologique., Valeur énergétique en Joules :  1,7Kj, Valeur énergétique en Kcal : 0,4kcal, Glucides : 0,1g, Lipides : 0g, Protides :0g, A conserver à l'abri de l'humidité.]|"
70,00€ / Kg"|"
2,10 €"
4459|Infusion après-repas à la mélisse, frêne et romarin, certifié AB|Les 20 sachets, 30g|[Origine : FRANCE, La mélisse et le romarin sont des plantes connues pour leurs vertus digestives et vivifiantes., Versez de l'eau frémissante sur le sachet et laissez infuser 5 minutes., Mélisse* 53%, frêne* 33%, romarin* 10%, arôme naturel menthe 4%. *Ingrédients issus de l'agriculture biologique., Valeur énergétique en Joules :  1,7Kj, Valeur énergétique en Kcal : 0,4kcal, Glucides : 0,1g, Lipides : 0g, Protides :0g, A conserver à l'abri de l'humidité.]|"
70,00€ / Kg"|"
2,10 €"
4460|Infusion au réglisse et à la menthe|Les 25 sachets, 40g|[Origine : FRANCE, Ce mélange délicatement parfumé est une agréable alternative au café ou au thé. En famille ou entre amis, offrez-vous un instant de plaisir., Versez de l'eau frémissante sur votre sachet, laissez infuser 3 à 5 minutes selon votre goût, consommez nature ou sucré à votre convenance. Les personnes souffrant d'hypertension doivent éviter toute consommation excessive., Réglisse 70,5%, feuilles de menthe 27,5%, arômes 2%. Contient de la réglisse. Les personnes souffrant d'hypertension doivent éviter toute consommation excessive., A conserver à l'abri de l'humidité.]|"
37,75€ / Kg"|"
1,51 €"
4461|Infusion au tilleul|Les 25 sachets, 40g|[Origine : FRANCE, Cette infusion particulièrement raffinée vous apportera une note de douceur à tout instant de la journée., Versez de l'eau frémissante sur le sachet et laissez infuser 5 minutes., 100% tilleul., A conserver à l'abri de l'humidité.]|"
35,50€ / Kg"|"
1,42 €"
4462|Infusion au tilleul et à la menthe|Les 25 sachets, 40g|[Origine : FRANCE, Cette infusion particulièrement raffinée vous apportera une note de douceur à tout instant de la journée., Versez de l'eau frémissante sur le sachet et laissez infuser 5 minutes., Tilleul 50%, feuilles de menthe poivrée 50%., A conserver à l'abri de l'humidité.]|"
31,00€ / Kg"|"
1,24 €"
4463|Infusion aux fruits rouges|Les 25 sachets, 40g|[Origine : FRANCE, Ce mélange délicatement parfumé est une agréable alternative au café ou au thé. Retrouvez toute la saveur acidulée des fruits rouges dans ce mélange délicatement parfumé de fruits et de feuilles séchées, finement broyées., Versez de l'eau frémissante sur votre sachet, laissez infuser 3 à 5 minutes selon votre goût, consommez nature ou sucré à votre convenance., Hibiscus, cynorrhodon, arôme fruits rouges 10%, fruits rouges 3.7% (cerise, fraise, framboise, groseille, mûre), maltodextrine de maïs., A conserver à l'abri de l'humidité.]|"
40,75€ / Kg"|"
1,63 €"
4464|Infusion sommeil et sérénité au tilleul, verveine, camomille et mélisse, certifié AB|Les 20 sachets, 30g|[Origine : FRANCE, La mélisse, la camomille, la verveine et le tilleul favorisent le sommeil., Laissez infuser votre sachet dans une tasse d'eau frémissante pendant 5 min. Pour conserver toutes les qualités de votre infusion, utilisez une eau faiblement calcaire., Mélisse* 45%, verveine* 20%, tilleul* 17%, camomille matricaire* 10%, arôme miel 8%. *Ingrédients issus de l'agriculture biologique., Valeur énergétique en Joules :  1,7Kj, Valeur énergétique en Kcal : 0,4Kcal, Glucides : 0,1g, Lipides : 0g, Protides :0g, A conserver à l'abri de l'humidité.]|"
70,00€ / Kg"|"
2,10 €"
4465|Infusion sommeil et sérénité au tilleul, verveine, camomille et mélisse, certifié AB|Les 20 sachets, 30g|[Origine : FRANCE, La mélisse, la camomille, la verveine et le tilleul favorisent le sommeil., Laissez infuser votre sachet dans une tasse d'eau frémissante pendant 5 min. Pour conserver toutes les qualités de votre infusion, utilisez une eau faiblement calcaire., Mélisse* 45%, verveine* 20%, tilleul* 17%, camomille matricaire* 10%, arôme miel 8%. *Ingrédients issus de l'agriculture biologique., Valeur énergétique en Joules :  1,7Kj, Valeur énergétique en Kcal : 0,4Kcal, Glucides : 0,1g, Lipides : 0g, Protides :0g, A conserver à l'abri de l'humidité.]|"
70,00€ / Kg"|"
2,10 €"
4466|Roobios rouge parfumé aux notes douces et généreuses|Les 20 sachets, 40g|[Origine : FRANCE, Monoprix Gourmet vous invite à faire voyager vos sens avec cette gamme découverte de thés et rooibos aux notes parfumées. Laissez vous tenter., 1 sachet cristal, 100ml eau frémissante à 90°C, infusion 3 minutes. L'eau frémissante doit être versée sur le sachet., Rooibos rouge d'Afrique du sud 92%, pétales d'hélianthe 5%, arômes 3% (noisette, raisin, coing, figue fraîche)., Bien refermer la boîte après ouverture.]|"
110,50€ / Kg"|"
4,42 €"
4467|Thé blanc parfumé, feuilles entières|Les 20 sachets, 40g|[Origine : FRANCE, Monoprix Gourmet vous invite à faire voyager vos sens avec cette gamme découverte de thés et rooibos aux notes parfumées. Laissez vous tenter., 1 sachet cristal, 100ml eau frémissante à 90°C, infusion 3 minutes. L'eau frémissante doit être versée sur le sachet., Thé blanc Shou Mei de Chine 91%, pétales de rose pâle 5%, arômes (fruit de la passion et abricot) et huile essemtielle de rose 4%., Bien refermer la boîte après ouverture.]|"
110,50€ / Kg"|"
4,42 €"
4468|Thé Darjeeling, plaisir d'Inde|Le pot de 125g|[Origine : FRANCE, Pot traité anti-UV pour une meilleure conservation de votre thé., Thé noir d'Inde, Conserver à l'abri de l'humidité et de la lumière. Bien refermer le bouchon à chaque utilisation.]|"
41,92€ / Kg"|"
5,24 €"
4470|Thé Earl Grey, souvenir de Chine|Le pot de 125g|[Origine : FRANCE, Pot traité anti-UV pour une meilleure conservation de votre thé., Thé noir et thé blanc Yin Zhen de Chine 93%, écorces de bergamote 4%, arôme bergamote 3%., Conserver à l'abri de l'humidité et de la lumière. Bien refermer le bouchon à chaque utilisation.]|"
41,92€ / Kg"|"
5,24 €"
4471|Thé English breakfast|Les 25 sachets, 50g|[Origine : FRANCE, Les anglais boivent la tasse au petit dej.Ce mélange de feuilles de thés noirs, souvent associé à une consommation matinale, se marie parfaitement avec des toasts au petit déjeuner. Retrouvez chaque jour toutes les sensations d'un arôme corsé dans votre tasse : nature, il révèlera entièrement sa saveur, mais vous pourrez aussi le déguster accompagné d'une rondelle de citron ou d'un nuage de lait., Versez de l'eau frémissante sur le sachet et laissez infuser 3 à 5 minutes., Thé noir 100 %., A conserver à l'abri de l'humidité]|"
23,60€ / Kg"|"
1,18 €"
4472|Thé noir aromatisé au citron|Les 25 sachets, 50g|[Origine : FRANCE, Monoprix vous propose cette préparation à base de thé noir qui allie, dans un parfait équilibre, la finesse du thé et la fraîcheur fruitée du citron. Vivifiante, cette boisson vous offre un moment de plaisir à tout instant de la journée., Versez de l'eau frémissante sur le sachet puis laissez infuser de 3 à 5 minutes selon votre goût. Consommez nature ou sucré à votre convenance., Thé noir 91,1%, arôme citron 7%, écorce de citron 1,9%., A conserver à l'abri de l'humidité.]|"
21,60€ / Kg"|"
1,08 €"
4473|Thé noir parfumé aux notes d'épices gourmandes|Les 20 sachets, 40g|[Origine : FRANCE, Monoprix Gourmet vous invite à faire voyager vos sens avec cette gamme découverte de thés et rooibos aux notes parfumées. Laissez vous tenter., 1 sachet cristal, 100ml eau frémissante à 90°C, infusion 3 minutes. L'eau frémissante doit être versée sur le sachet., Thés noirs de Chine et de Ceylan 95%, amandes hachées 2,5%, arômes 2% (cannelle, vanille, pomme et amande, huile essentielle de gingembre), fleurs de soucis 0,5%., Bien refermer la boîte après ouverture.]|"
110,50€ / Kg"|"
4,42 €"
4474|Thé Royal ceylan|Les 25 sachets, 50g|[Origine : FRANCE, Versez de l'eau frémissante sur le sachet et laissez infuser 3 à 5 minutes., 100% thé noir de Ceylan., A conserver à l'abri de l'humidité.]|"
25,40€ / Kg"|"
1,27 €"
4475|Thé vert aromatisé à la menthe|Les 25 sachets, 50g|[Origine : FRANCE, Monoprix vous propose cette préparation à base de thé vert qui allie délicieusement la finesse du thé et la fraîcheur de la menthe Nanah. Cette boisson désaltérante vous apporte un moment agréable à tout instant de la journée., Versez de l'eau frémissante sur le sachet puis laissez infuser de 3 à 5 minutes selon votre goût. Consommez nature ou sucré à votre convenance. Rajoutez des pignons de pin pour un voyage oriental de vos papilles., Thé vert 80%, feuilles de menthe douce 13%, arôme naturel menthe 7%., Valeur énergétique en Joules :  0, Valeur énergétique en Kcal : 0, Glucides : 0, Lipides : 0, Protides :0, A conserver à l'abri de l'humidité.]|"
24,80€ / Kg"|"
1,24 €"
4477|Thé vert bien-être et légèreté aromatisé à la mûre, certifié AB|Les 20 sachets, 30g|[Origine : FRANCE, Vous apprécierez l'alliance subtile et originale du thé vert et du frêne, plantes reconnues pour leurs propriétés toniques et diurétiques., Versez de l'eau frémissante sur le sachet et laissez infuser 5 minutes., Thé vert* 63%, feuilles de frêne* 26%, arôme naturel mûre 7%, thalle de fucus 4%. *Ingrédients issus de l'agriculture biologique., Valeur énergétique en Joules :  3,4Kj, Valeur énergétique en Kcal : 0,8kcal, Glucides : 0,2g, Lipides : 0g, Protides :0g, A conserver à l'abri de l'humidité.]|"
70,00€ / Kg"|"
2,10 €"
4478|Thé vert bien-être et légèreté aromatisé à la mûre, certifié AB|Les 20 sachets, 30g|[Origine : FRANCE, Vous apprécierez l'alliance subtile et originale du thé vert et du frêne, plantes reconnues pour leurs propriétés toniques et diurétiques., Versez de l'eau frémissante sur le sachet et laissez infuser 5 minutes., Thé vert* 63%, feuilles de frêne* 26%, arôme naturel mûre 7%, thalle de fucus 4%. *Ingrédients issus de l'agriculture biologique., Valeur énergétique en Joules :  3,4Kj, Valeur énergétique en Kcal : 0,8kcal, Glucides : 0,2g, Lipides : 0g, Protides :0g, A conserver à l'abri de l'humidité.]|"
70,00€ / Kg"|"
2,10 €"
4479|Thé vert d'Inde, certifié AB|Les 20 sachets, 36g|[Origine : FRANCE, Délicatement parfumé, le thé vert d'Inde Monoprix Bio Max Havelaar vous propose un instant de plaisir frais et savoureux. Bonne dégustation !, En été, n'hésitez pas à le boire glacé ! Versez de l'eau frémissante sur le sachet, laissez infuser de 2 à 5 minutes selon votre goût, puis sucrez à votre convenance. Votre thé est prêt à être dégusté., Thé vert* 92%, arômes naturels de citron et de menthe (6%), cardamome* (2%). *Ingrédients issus de l'agriculture biologique et du commerce équitable (94%)., A conserver à l'abri de l'humidité.]|"
64,72€ / Kg"|"
2,33 €"
4480|Thé vert d'Inde, certifié AB|Les 20 sachets, 36g|[Origine : FRANCE, Délicatement parfumé, le thé vert d'Inde Monoprix Bio Max Havelaar vous propose un instant de plaisir frais et savoureux. Bonne dégustation !, En été, n'hésitez pas à le boire glacé ! Versez de l'eau frémissante sur le sachet, laissez infuser de 2 à 5 minutes selon votre goût, puis sucrez à votre convenance. Votre thé est prêt à être dégusté., Thé vert* 92%, arômes naturels de citron et de menthe (6%), cardamome* (2%). *Ingrédients issus de l'agriculture biologique et du commerce équitable (94%)., A conserver à l'abri de l'humidité.]|"
64,72€ / Kg"|"
2,33 €"
4481|Thé vert parfumé aux notes florales et printanières|Les 20 sachets, 40g|[Origine : FRANCE, Monoprix Gourmet vous invite à faire voyager vos sens avec cette gamme découverte de thés et rooibos aux notes parfumées. Laissez vous tenter., 1 sachet cristal, 100ml eau frémissante à 90°C, infusion 3 minutes. L'eau frémissante doit être versée sur le sachet., Thé vert Sencha de Chine 94,5%, arômes (fleur d'oranger, fleurs de jacinthe, rhubarbe, fraise des bois, menthe) 4,5%, fleurs de bleuet multicolore 1%., Bien refermer la boîte après ouverture.]|"
110,50€ / Kg"|"
4,42 €"
4482|Infusion sans théine rooibois|La boîte de 40g|[Origine : FRANCE, Le rooibos est une infusion de couleur corail à la texture ronde et veloutée. Les profonds sols sablonneux, l'alternance des hivers froids et humides et des étés chauds et secs procurent à cette boisson son parfum doux et subtilement vanillé., Temps d'infusion : 4 min. Température de l'eau : 90°C. Sans théine, le rooibos peut se déguster à toute heure de la journée avec ou sans lait., 100% Rooibos issu de l'agriculture biologique. Rooibos récolté en Afrique du Sud et conditionné en France., Pour préserver toute sa saveur, conservez ce produit à l'abri de la lumière, dans un endroit frais et sec.]|"
85,25€ / Kg"|"
3,41 €"
4484|Thé vert de Ceylan, certifié AB|Les 20 infusettes, 40g|[Origine : FRANCE, Ce thé vert de couleur jaune clair à la texture ample et moelleuse se caractérise par des notes fraiches et végétales. Ce thé vert 'mid grown' est récolté entre 500 et 1000 mètres d'altitude, dans la région montagneuse de Gampola. Dans les jardins des petits producteurs de SOFA se mêlent théiers, poivriers, canneliers et vanilliers., Temps d'infusion : 3 min dans 200 ml d'eau à 90°C. Pour une dégustation optimale, utilisez une eau filtrée ou de source., 100% thé vert Ceylan issu de l'agriculture biologique., Conservez ce thé à l'abri de la lumière, dans un endroit frais et sec.]|"
82,25€ / Kg"|"
3,29 €"
4485|Thé vert de Ceylan, certifié AB|Les 20 infusettes, 40g|[Origine : FRANCE, Ce thé vert de couleur jaune clair à la texture ample et moelleuse se caractérise par des notes fraiches et végétales. Ce thé vert 'mid grown' est récolté entre 500 et 1000 mètres d'altitude, dans la région montagneuse de Gampola. Dans les jardins des petits producteurs de SOFA se mêlent théiers, poivriers, canneliers et vanilliers., Temps d'infusion : 3 min dans 200 ml d'eau à 90°C. Pour une dégustation optimale, utilisez une eau filtrée ou de source., 100% thé vert Ceylan issu de l'agriculture biologique., Conservez ce thé à l'abri de la lumière, dans un endroit frais et sec.]|"
82,25€ / Kg"|"
3,29 €"
4486|Thé à la châtaigne|Le sachet de 75g|[Origine : FRANCE]|"
65,73€ / Kg"|"
4,93 €"
4487|Thé aux agrumes corse|Le sachet de 75g|[Origine : FRANCE]|"
65,73€ / Kg"|"
4,93 €"
4488|Thé aux herbes du maquis|Le sachet de 75g|[Origine : FRANCE]|"
65,73€ / Kg"|"
4,93 €"
4489|Thé aux myrtes|Le sachet de 75g|[Origine : FRANCE]|"
65,73€ / Kg"|"
4,93 €"
4490|The vert|La boîte de 25 infusettes|[Origine : SRI LANKA, Ce thé vert est réputé pour être une source de bien-être et pour avoir des effets bénéfiques sur la santé. Ses feuilles fraîchement cueillis lui confèrent des propriétés antioxydantes qui protègent notre organisme du vieillissement., Thé vert issu de l'agriculture biologique.]|"
78,16€ / Kg"|"
2,97 €"
4491|The vert|La boîte de 25 infusettes|[Origine : SRI LANKA, Ce thé vert est réputé pour être une source de bien-être et pour avoir des effets bénéfiques sur la santé. Ses feuilles fraîchement cueillis lui confèrent des propriétés antioxydantes qui protègent notre organisme du vieillissement., Thé vert issu de l'agriculture biologique.]|"
78,16€ / Kg"|"
2,97 €"
4494|Filtre à thé|boite|[Origine : FRANCE, Les filtres à thé L Cilia sont faciles à utiliser et adaptés à tous les variétés de thé en vrac. Composées à partir de fibres végétales naturelles, compostables, ces filtres contribuent à protéger la planète.]|"
0,07€ / Pce"|"
2,12 €"
4495|Infusion bio au citron et gingembre|La boîte de 50g|[Origine : ROYAUME UNI, Chez Clipper nous sommes régulièrement récompensés en Angleterre pour la saveur de nos thés et infusions, depuis 1984. Nous connaissons nos producteurs, que nous choisissons bio, et que nous traitons en partenaires, équitablement. C'est pour cela quenos thés et infusions sont si bons !, Contient de la réglisse. Les personnes souffrant d'hypertension doivent éviter toute consommation excessive.  Si vous êtes enceinte ou allaitez, demandez lavis dun médecin avant de consommer ce produit., *Citronnelle, *gingembre (15%), *réglisse, *écorces de citron (12%), arôme naturel, arôme naturel gingembre (1,5%). *ingrédients issus de l'agriculture biologique. Contient de la réglisse.]|"
58,80€ / Kg"|"
2,94 €"
4496|Infusion bio au citron et gingembre|La boîte de 50g|[Origine : ROYAUME UNI, Chez Clipper nous sommes régulièrement récompensés en Angleterre pour la saveur de nos thés et infusions, depuis 1984. Nous connaissons nos producteurs, que nous choisissons bio, et que nous traitons en partenaires, équitablement. C'est pour cela quenos thés et infusions sont si bons !, Contient de la réglisse. Les personnes souffrant d'hypertension doivent éviter toute consommation excessive.  Si vous êtes enceinte ou allaitez, demandez lavis dun médecin avant de consommer ce produit., *Citronnelle, *gingembre (15%), *réglisse, *écorces de citron (12%), arôme naturel, arôme naturel gingembre (1,5%). *ingrédients issus de l'agriculture biologique. Contient de la réglisse.]|"
58,80€ / Kg"|"
2,94 €"
4497|Thé infusion détox, certifié AB|Les 20 sachets, 40g|[Origine : FRANCE, Une délicieuse et rafraîchissante infusion à l'hibiscus, à la racine de réglisse, à l'ortie et à l'aloe vera., Toujours utiliser de l'eau douce. Verser l'eau bouillante sur le sachet de thé et laisser infuser 3 à 5 minutes selon l'intensité désirée. Les personnes souffrant d'hypertension doivent éviter toute consommation excessive. Si vous êtes enceinte ou allaitez, demandez l'avis de votre médecin avant de boire ce produit., *Hibiscus, *ortie (23,5%), *racine de réglisse (20%), arômes naturels, *extraits d'aloe vera (0,5%). * Ingrédients issus de l'agriculture biologique. Contient de la réglisse., A conserver dans un endroit frais et sec.]|"
81,75€ / Kg"|"
3,27 €"
4498|Thé infusion détox, certifié AB|Les 20 sachets, 40g|[Origine : FRANCE, Une délicieuse et rafraîchissante infusion à l'hibiscus, à la racine de réglisse, à l'ortie et à l'aloe vera., Toujours utiliser de l'eau douce. Verser l'eau bouillante sur le sachet de thé et laisser infuser 3 à 5 minutes selon l'intensité désirée. Les personnes souffrant d'hypertension doivent éviter toute consommation excessive. Si vous êtes enceinte ou allaitez, demandez l'avis de votre médecin avant de boire ce produit., *Hibiscus, *ortie (23,5%), *racine de réglisse (20%), arômes naturels, *extraits d'aloe vera (0,5%). * Ingrédients issus de l'agriculture biologique. Contient de la réglisse., A conserver dans un endroit frais et sec.]|"
81,75€ / Kg"|"
3,27 €"
4499|Thé vert Bio au citron issue de l'agriculture biologique|La boîte de 20 sachets|[Origine : FRANCE, *Thé vert, *arôme naturel (5%), *écorces de citron (1%). *Ingrédients issus de l'agriculture biologique. Ingrédients conformes aux standards du commerce équitable Fairtrade/Max Havelaar : thé vert (94% du poids total).]|"
84,00€ / Kg"|"
2,94 €"
4501|Thé vert Bio issue de l'agriculture biologique|La boîte de 20 sachets|[Origine : FRANCE, Thé vert biologique. Ingrédients conformes aux standards du commerce équitable Fairtrade/Max Havelaar : thé vert (100% du poids total).]|"
84,57€ / Kg"|"
2,96 €"
4502|Thé vert Bio issue de l'agriculture biologique|La boîte de 20 sachets|[Origine : FRANCE, Thé vert biologique. Ingrédients conformes aux standards du commerce équitable Fairtrade/Max Havelaar : thé vert (100% du poids total).]|"
84,57€ / Kg"|"
2,96 €"
4503|Infusion abricot pêche goyave, avec des morceaux d'abricot, de pêche et de goyave|La boîte de 25 sachets, soit 45g|[Origine : FRANCE, Avec des morceaux d'abricot, de pêche et de goyave. Le goût acidulé de l'abricot marié à la saveur suave de la pêche et de la goyave., Eglantier, écorces d'orange, arôme (13,5%), feuilles d'oranger, hibiscus, pêche (2%), abricot (2%), goyave (1%), maltodextrine., Valeur énergétique en Joules :  17kj, Valeur énergétique en Kcal : 4kcal, Glucides : 0,5g, Lipides : 0g, Protides :0,5g, A conserver dans un endroit frais et sec.]|"
51,33€ / Kg"|"
2,31 €"
4504|Infusion à la pomme et cannelle, avec morceaux de pomme|Les 25 sachets, 55g|[Origine : FRANCE, Le mariage idéal entre la saveur fraîche de la pomme et les notes épicées de la cannelle., Eglantier, feuilles d'oranger, arôme (15,9%), cannelle (8,8%), pomme (5,7%), tilleul, chicorée, hibiscus., Conserver dans un endroit frais et sec.]|"
40,36€ / Kg"|"
2,22 €"
4505|Infusion aromatisée à la pêche et à la cerise|La boite de 25 sachets|[Origine : BELGIQUE, Valeur énergétique en Joules :  17kj, Valeur énergétique en Kcal : 4kcal, Glucides : 0,5g, Lipides : 0g, Protides :0,5g]|"
47,80€ / Kg"|"
2,39 €"
4507|Biscottes au froment,95% céréales|La boîte de 810g|[Origine : FRANCE, Farine de blé 95%, matière grasse végétale (palme), sucre, levure, sel, agent de traitement de la farine : acide ascorbique. Traces de fruits à coque, de lait, d'oeufs, de sésame et de soja., Valeur énergétique en Joules :  1628Kj, Valeur énergétique en Kcal : 385kcal, Glucides : 72g, Lipides : 4,9g, Protides :11g, A conserver à l'abri de la chaleur et de l'humidité.]|"
2,44€ / Kg"|"
1,98 €"
4508|Biscottes au froment dorées à point,97% de céréales|La boîte de 300g|[Origine : FRANCE, Farine de blé 95%, sucre, matière grasse végétale (palme), levure, sel, agent de traitement de la farine : acide ascorbique. Traces de fruits à coque, de lait, d'oeufs, de sésame et de soja., Valeur énergétique en Joules :  1628Kj, Valeur énergétique en Kcal : 385Kcal, Glucides : 72g, Lipides : 4,9g, Protides :11g, A conserver à l'abri de la chaleur et de l'humidité.]|"
3,07€ / Kg"|"
0,92 €"
4509|Biscottes aux 6 céréales, blé, orge, maïs, avoine, seigle, sarrasin|La boîte de 300g|[Origine : FRANCE, Biscottes aux 6 céréales : blé, orge, maïs, avoine, seigle et sarrasin. Ce paquet contient 2 sachets fraîcheur de 18 biscottes., Farine de blé, mélange de céréales et graines 13% (son de blé 3.3%, farine et flocons d'orge 2.5%, graines de sésame 2.3%, farine de maïs 1.3%, flocons d'avoine1.2%, farine de seigle 1%, farine de sarrasin 0.8%, malt d'orge 0.6%), sucre, levure, matière grasse végétale (palme), gluten de blé, sel, émulsifiant : E472e, antioxygène : acide ascorbique., Valeur énergétique en Joules :  1676kj, Valeur énergétique en Kcal : 398kcal, Glucides : 67g, Lipides : 7,1g, Protides :12g, A conserver à l'abri de la chaleur et de l'humidité.]|"
3,83€ / Kg"|"
1,15 €"
4510|Biscottes braisées légères et croustillantes|La boîte de 330g|[Origine : FRANCE, Farine de bl{ 84%- levure- mati}re grasse v{g{tale (palme)- sucre- lactos{rum en poudre- sel- agent de traitement de la farine: acide ascorbique. Traces de fruits @ coque, d'oeufs, de s{same, et de soja., Valeur énergétique en Joules :  1649kj, Valeur énergétique en Kcal : 390kcal, Glucides : 75g, Lipides : 4,2g, Protides :11g, A conserver à l'abri de la chaleur et de l'humidité.]|"
5,33€ / Kg"|"
1,76 €"
4511|Biscottes complètes, certifié AB|La boîte de 300g|[Origine : FRANCE, Monoprix a sélectionné pour vous, avec des entreprises partenaires, des produits issus de l'agriculture biologique. Leurs modes de production et de transformation sont contrôlés et certifiés par un organisme indépendant, conformément à la réglementation en vigueur. Les producteurs emploient notamment des fertilisants respectueux de l'environnement et pratiquent la rotation des cultures afin de garder des sols vivants et une fertilité durable. L'environnement est ainsi préservé., Farine complète de blé* 88,8%, gluten de blé*, huile de palme non hydrogénée*, levure, sucre sel marin, agent de traitement de la farine : acide ascorbique. Traces éventuelles de sésame. *Ingrédients issus de l'agriculture biologique., Valeur énergétique en Joules :  1451Kj, Valeur énergétique en Kcal : 343Kcal, Glucides : 62g, Lipides : 4,3g, Protides :14g, A conserver dans un endroit frais et sec.]|"
8,00€ / Kg"|"
2,40 €"
4512|Biscottes complètes, certifié AB|La boîte de 300g|[Origine : FRANCE, Monoprix a sélectionné pour vous, avec des entreprises partenaires, des produits issus de l'agriculture biologique. Leurs modes de production et de transformation sont contrôlés et certifiés par un organisme indépendant, conformément à la réglementation en vigueur. Les producteurs emploient notamment des fertilisants respectueux de l'environnement et pratiquent la rotation des cultures afin de garder des sols vivants et une fertilité durable. L'environnement est ainsi préservé., Farine complète de blé* 88,8%, gluten de blé*, huile de palme non hydrogénée*, levure, sucre sel marin, agent de traitement de la farine : acide ascorbique. Traces éventuelles de sésame. *Ingrédients issus de l'agriculture biologique., Valeur énergétique en Joules :  1451Kj, Valeur énergétique en Kcal : 343Kcal, Glucides : 62g, Lipides : 4,3g, Protides :14g, A conserver dans un endroit frais et sec.]|"
8,00€ / Kg"|"
2,40 €"
4513|Biscottes très pauvres en sel|La boîte de 300g|[Origine : FRANCE, Farine de blé 95%, sucre, huile de palme, levure, agent de traitement de la farine : acide ascorbique, gluten de blé. Traces de fruits à coque, de lait, d'oeufs de sésame et de soja., Valeur énergétique en Joules :  1699kj, Valeur énergétique en Kcal : 402kcal, Glucides : 75g, Lipides : 5,1g, Protides :12g, A conserver à l'abri de la chaleur et de l'humidité.]|"
4,10€ / Kg"|"
1,23 €"
4515|Craquelins au son d'avoine Sésame lin & cumin|Lot de 2 sachets  190g|[Origine : FRANCE, Idéal à tout moment de la journée, le craquelin au son d'avoine et aux graines de sésame, de lin et de cumin Monoprix, réveillera vos apéritifs et vos en-cas salés., Son d'avoine 37%, farine de blé, flocons d'avoine, huile de colza, graines de sésame 4,8%, graines de lin 4,4%, fibres alimentaires (inuline de chicorée), gluten de blé, sucre, sirop de glucose, sel, graines de cumin 1,1%, extrait de malt d'orge, émulsifiant : lécithine de soja, poudre à lever : carbonates de sodium, amidon transformé de pomme de terre. Traces de fruits à coque.]|"
11,63€ / Kg"|"
2,21 €"
4516|Galettes de riz complet|Le paquet de 115g|[Origine : FRANCE, Riz complet 97,9%, sésame 2%, sel marin 0,1%.                                  Traces de gluten., Valeur énergétique en Joules :  1678kj, Valeur énergétique en Kcal : 397kcal, Glucides : 82g, Lipides : 3g, Protides :8,3g, à protéger de la chaleur; à conserver à l'abri de l'humidité; Refermer soigneusement après utilisation.]|"
9,91€ / Kg"|"
1,14 €"
4519|Galettes de riz nappées au chocolat noir|Le paquet de 90g|[Origine : FRANCE, Refermer le sachet après ouverture. A conserver à l'abri de la chaleur et de l'humidité., Chocolat noir 59% (pâte de cacao, sucre de canne roux, beurre de cacao), riz complet 41%., Valeur énergétique en Joules :  1978Kj, Valeur énergétique en Kcal : 472KCal, Glucides : 58g, Lipides : 24g, Protides :6,1g, A conserver à l'abri de la chaleur et de l'humidité.]|"
19,89€ / Kg"|"
1,79 €"
4523|Pain grillé doré et croustillant|La boîte de 500g|[Origine : FRANCE, Démarrez la journée avec le Pain Grillé MONOPRIX. Avec 89% de blé et 7,5% de matières grasses, il s'intègre parfaitement dans un petit déjeuner équilibré. Vous pouvez aussi le déguster accompagné de fromage ou de charcuterie en pause gourmande., Farine de bl{ 92%- sucre- levure- mati}re grasse v{g{tale (palme)- sel- agent de traitement de la farine: acide ascorbique. Traces de fruits @ coque, de lait, d'oeufs et de s{same., Valeur énergétique en Joules :  1642kj, Valeur énergétique en Kcal : 388kcal, Glucides : 75g, Lipides : 4g, Protides :11g, A conserver à l'abri de la chaleur et de l'humidité.]|"
3,64€ / Kg"|"
1,82 €"
4525|Petits pains grillés au blé complet, sans sucres ajoutés|La boîte de 225g|[Origine : FRANCE, Farine de blé, farine de blé complet 49%, matières grasses végétales (palme, colza), levure, sel, gluten de blé, agent de traitement de la farine : acide ascorbique. Traces d'arachide, de fruits à coque, de lait, d'oeufs, de sésame et de soja. Sans sucres ajoutés., Valeur énergétique en Joules :  1657Kj, Valeur énergétique en Kcal : 393kcal, Glucides : 68g, Lipides : 6,5g, Protides :12g, A conserver dans un endroit sec et frais.]|"
4,84€ / Kg"|"
1,09 €"
4526|Petits pains grillés au froment|La boîte de 225g|[Origine : FRANCE, Les petits pains grillés MONOPRIX sont préparés selon une recette suédoise. D'une belle couleur dorée, ils peuvent être consommés au petit déjeuner mais aussi au cours d'une repas., Farine de blé 92%, sucre, huiles de colza et de palme, levure, sel, agent de traitement de la farine : acide ascorbique. Traces de sésame, de soja et d'oeufs., Valeur énergétique en Joules :  1726Kj, Valeur énergétique en Kcal : 409Kcal, Glucides : 72g, Lipides : 8g, Protides :10g, A conserver à l'abri de la chaleur, de l'humidité et de la lumière.]|"
4,27€ / Kg"|"
0,96 €"
4527|Petits pains grillés aux 5 céréales, certifié AB|Le paquet de 225g|[Origine : FRANCE, Petits pains grillés aux céréales issus de l'agriculture biologique., Céréales 90,5% (farine de blé* 84%, blé concassé* 1,8%, farine de seigle* 1,8%, graines de sarrasin* 1,2%, farine d'orge* 1,2%, graines de millet* 0,5%), graines (sésame* 4,9%, lin* 1,8%), huile végétale (tournesol)*, levure, sucre*, sel, gluten de blé*, agent de traitement de la farine : acide ascorbique. Traces d'arachide, de fruits à coque, de lait, d'oeuf et de soja. *Ingrédients issus de l'agriculture biologique., Valeur énergétique en Joules :  1707kj, Valeur énergétique en Kcal : 405kcal, Glucides : 66g, Lipides : 9g, Protides :12g, A conserver à l'abri de la chaleur et de l'humidité.]|"
8,00€ / Kg"|"
1,80 €"
4528|Petits pains grillés aux 5 céréales, certifié AB|Le paquet de 225g|[Origine : FRANCE, Petits pains grillés aux céréales issus de l'agriculture biologique., Céréales 90,5% (farine de blé* 84%, blé concassé* 1,8%, farine de seigle* 1,8%, graines de sarrasin* 1,2%, farine d'orge* 1,2%, graines de millet* 0,5%), graines (sésame* 4,9%, lin* 1,8%), huile végétale (tournesol)*, levure, sucre*, sel, gluten de blé*, agent de traitement de la farine : acide ascorbique. Traces d'arachide, de fruits à coque, de lait, d'oeuf et de soja. *Ingrédients issus de l'agriculture biologique., Valeur énergétique en Joules :  1707kj, Valeur énergétique en Kcal : 405kcal, Glucides : 66g, Lipides : 9g, Protides :12g, A conserver à l'abri de la chaleur et de l'humidité.]|"
8,00€ / Kg"|"
1,80 €"
4532|Tartines craquantes au blé complet, source de fibres.|La boîte de 250g|[Origine : ROYAUME UNI, Tartines grillées à la farine de blé complet., Farine de blé complet 55 g, farine de blé 44 g, farine de malt de blé 3 g, huile de tournesol, sucre, lactosérum en poudre, sel., Valeur énergétique en Joules :  1609kj, Valeur énergétique en Kcal : 381kcal, Glucides : 69g, Lipides : 4,1g, Protides :13g, A conserver à l'abri de la chaleur et de l'humidité.]|"
7,40€ / Kg"|"
1,85 €"
4533|Toast aux 3 graines, tournesol, lin et sésame, certifié AB|Le paquet de 200g|[Origine : ALLEMAGNE, Monoprix a sélectionné pour vous, avec des entreprises partenaires, des produits issus de l'agriculture biologique. Leurs modes de production et de transformation sont contrôlés et certifiés par un organisme indépendant conformément à la réglementation en vigueur. Les producteurs emploient des fertilisants respectueux de l'environnement et pratiquent la rotation des cultures afin de garder des sols vivants et une fertilité durable., Farine de blé complet*, graines de tournesol* 11%, graines de sésame* 10%, graines de lin* 6%, flocons d'avoine*, sel, levure, extrait de malt d'orge*. Présence possible de lait. *Ingrédients issus de l'agriculture biologique., A conserver dans un endroit sec et frais, à l'abri de la lumière.]|"
16,60€ / Kg"|"
3,32 €"
4534|Toast aux 3 graines, tournesol, lin et sésame, certifié AB|Le paquet de 200g|[Origine : ALLEMAGNE, Monoprix a sélectionné pour vous, avec des entreprises partenaires, des produits issus de l'agriculture biologique. Leurs modes de production et de transformation sont contrôlés et certifiés par un organisme indépendant conformément à la réglementation en vigueur. Les producteurs emploient des fertilisants respectueux de l'environnement et pratiquent la rotation des cultures afin de garder des sols vivants et une fertilité durable., Farine de blé complet*, graines de tournesol* 11%, graines de sésame* 10%, graines de lin* 6%, flocons d'avoine*, sel, levure, extrait de malt d'orge*. Présence possible de lait. *Ingrédients issus de l'agriculture biologique., A conserver dans un endroit sec et frais, à l'abri de la lumière.]|"
16,60€ / Kg"|"
3,32 €"
4537|Toasts aux raisins dorés et croustillants|La boîte de 200g|[Origine : FRANCE, Farine de BLE,raisins secs 11% (raisin, huile de coton), sucre, huile de tournesol,levure,gluten de BLE, sel,emulsifiant: lecithine de SOJA, OEUF en poudre,extrait de malt d'ORGE, arome, A conserver dans un endroit sec et frais à l'abri de la lumière.]|"
6,65€ / Kg"|"
1,33 €"
4538|Toasts briochés pur beurre dorés et croustillants|La boîte de 200g|[Origine : FRANCE, Farine de BLE-BEURRE 10%, sucre,levure,gluten de BLE, sel,emulsifiant: lecithine de SOJA, extrait de malt d'ORGE, A conserver dans un endroit sec et frais à l'abri de la lumière.]|"
6,95€ / Kg"|"
1,39 €"
4540|Gressins, grissini torinesi|Le paquet de 125g|[Origine : ITALIE, Farine de blé, graisse végétale non hydrogénée (6,5%), extrait de malt d'orge et de maïs, semoule de blé dur, sel, levure. Produit dans une usine utilisant également : fruits à coque, lait, sésame, soja, oeufs., Valeur énergétique en Joules :  1707Kj, Valeur énergétique en Kcal : 408Kcal, Glucides : 74g, Lipides : 8g, Protides :9g, A conserver dans un endroit frais et sec.]|"
9,20€ / Kg"|"
1,15 €"
4541|Pains azymes croustillants, sachets fraîcheur|La boîte de 300g|[Origine : FRANCE, Du petit déjeuner au dîner, à la maison, au travail, en camping, en voyage et pour vos activités de plein air, notre pain azyme est le compagnon idéal de tous vos instants.Pains Azymes croustillants en sachets fraîcheurs, se conservent et se consomment toute l'année., Si malgré tout, ils ont perdu leur croustillant, faites-les réchauffer quelques instants dans votre four., Farine de froment, eau. Sans adjonction de sel, sans matière grasse, ni sucre, ni levure, ni produits chimiques., Conservez vos pains azymes à l'abri de l'humidité.]|"
4,62€ / Kg"|"
2,77 €"
4542|Pain grillé au blé complet, certifié AB|Le paquet de 250g|[Origine : FRANCE]|"
10,36€ / Kg"|"
2,59 €"
4543|Tartines craquantes 3 cereales bio|Le paquet de 150g|[Origine : FRANCE, Appréciez les bienfaits nutritionnels et la texture légère de nos Tartines Craquantes 3 céréales (maïs, riz, quinoa), sans gluten et sans sucres ajoutés. Elles peuvent être consommées en remplacement du pain à tout moment de la journée., Environ 28 tranches., Farine de maÕs* (39,7%), farine de riz* (30%), farine de quinoa* (30%), sel marin., Valeur énergétique en Joules :  1574, Valeur énergétique en Kcal : 371, Glucides : 77.6, Lipides : 2.2, Protides :8.9, A conserver à l'abri de la chaleur et de l'humidité. Refermer l'étui hermétiquement après son ouverture.]|"
20,60€ / Kg"|"
3,09 €"
4546|Tartines craquantes sarrasin millet bio|La boite de 150g|[Origine : FRANCE, Appréciez les bienfaits nutritionnels et la texture légère de nos Tartines Craquantes sarrasin millet, sans gluten et sans sucres ajoutés. Elles peuvent être consommées en remplacement du pain à tout moment de la journée., Farine de riz*, farine de sarrasin* (25%), farine de millet* (15%), sel marin., Valeur énergétique en Joules :  1548, Valeur énergétique en Kcal : 365, Glucides : 75.1, Lipides : 1.6, Protides :9.2, A conserver à labri de la chaleur et de lhumidité. Refermer l étui hermétiquement après son ouverture.]|"
20,27€ / Kg"|"
3,04 €"
4547|Tartines craquantes multicÍrÍales|La boîte de 145g|[Origine : FRANCE, Avec Céréale Bio, faites le choix de privilégier des produits issus de l'agriculture biologique, respectueuse de la terre et de sa biodiversité en refusant notamment l'utilisation de traitements agressifs et en limitant l'utilisation de fertilisantsou de pesticides pouvant être nuisibles pour notre environnement. Parce qu'on peut vouloir manger bio, plus sain et se faire plaisir, Céréale Bio, grâce à son expertise céréalière vous propose ces délicieuses tartines craquantes pour un moment de saveurs bio., Céréales 97% (semoule de riz*, farines de sarrasin* et de quinoa*), sucre de canne roux*, sel marin. *Ingrédients agricoles issus de l'Agriculture Biologique : 100%., Valeur énergétique en Joules :  1557, Valeur énergétique en Kcal : 367, Glucides : 74,3g, Lipides : 2,9g, Protides :11g]|"
16,55€ / Kg"|"
2,40 €"
4548|Tartines craquantes multicÍrÍales|La boîte de 145g|[Origine : FRANCE, Avec Céréale Bio, faites le choix de privilégier des produits issus de l'agriculture biologique, respectueuse de la terre et de sa biodiversité en refusant notamment l'utilisation de traitements agressifs et en limitant l'utilisation de fertilisantsou de pesticides pouvant être nuisibles pour notre environnement. Parce qu'on peut vouloir manger bio, plus sain et se faire plaisir, Céréale Bio, grâce à son expertise céréalière vous propose ces délicieuses tartines craquantes pour un moment de saveurs bio., Céréales 97% (semoule de riz*, farines de sarrasin* et de quinoa*), sucre de canne roux*, sel marin. *Ingrédients agricoles issus de l'Agriculture Biologique : 100%., Valeur énergétique en Joules :  1557, Valeur énergétique en Kcal : 367, Glucides : 74,3g, Lipides : 2,9g, Protides :11g]|"
16,55€ / Kg"|"
2,40 €"
4549|Tartines Craquantes au sarrasin, certifié AB|Le paquet de 145g|[Origine : FRANCE, Les Tartines Craquantes au Sarrasin Céréal Bio sont légères et croustillantes. Très digestes, elles se consomment en remplacement du pain, des galettes de riz ou des crackers, agrémentées selon vos envies ou nature. Pour de spauses plaisir à tout moment de la journée., Farine de sarrasin* 63,5%, semoule de riz*, sucre de canne roux*, sel marin. *ingrédients agricoles issus de l'agriculture biologique: 100%. Sans OGM. Sans conservateur, sans colorant., Valeur énergétique en Joules :  1546Kj, Valeur énergétique en Kcal : 364Kcal, Glucides : 75,6g, Lipides : 1,8g, Protides :11,4g]|"
18,21€ / Kg"|"
2,64 €"
4550|Tartines Craquantes au sarrasin, certifié AB|Le paquet de 145g|[Origine : FRANCE, Les Tartines Craquantes au Sarrasin Céréal Bio sont légères et croustillantes. Très digestes, elles se consomment en remplacement du pain, des galettes de riz ou des crackers, agrémentées selon vos envies ou nature. Pour de spauses plaisir à tout moment de la journée., Farine de sarrasin* 63,5%, semoule de riz*, sucre de canne roux*, sel marin. *ingrédients agricoles issus de l'agriculture biologique: 100%. Sans OGM. Sans conservateur, sans colorant., Valeur énergétique en Joules :  1546Kj, Valeur énergétique en Kcal : 364Kcal, Glucides : 75,6g, Lipides : 1,8g, Protides :11,4g]|"
18,21€ / Kg"|"
2,64 €"
4552|Les Biscottes gourmandes, muesli|Le paquet de 230g|[Origine : FRANCE]|"
11,87€ / Kg"|"
2,73 €"
4553|Les Biscottes Gourmandes graines et céréales|La boite de 260g|[Origine : FRANCE, Valeur énergétique en Joules :  1760kj, Valeur énergétique en Kcal : 420kcal, Glucides : 66g, Lipides : 11g, Protides :12g]|"
10,62€ / Kg"|"
2,76 €"
4554|Les viennoiseries croustillantes pain au lait déja grillé|Le paquet de 200g|[Origine : FRANCE, Depuis 1903, Heudebert a mis tout son savoir faire au service de votre plaisir et vous propose aujourd'hui les premières viennoiseries croustillantes. Un pain au lait délicieux. Une texture inédite : à la fois légère, croustillante & fondante. Déjà grillé. Riche en céréales., Farine de blé 76%, margarine (matière grasse végétale, beurre concentré, sel, émulsifiants (E471), miel, arômes, correcteur d'acidité : acide citrique), sucre, levure, oeufs entier en poudre 3,4%, émulsifiants (E471, E472e, E481), lait écrémé en poudre 1,2% (équivalent lait écrémé 12,6%), sel, gluten de blé, arôme. Contient blé, gluten, oeuf, lait. Peut contenir des traces de soja, fruits à coque, lupin. Sans colorant, sans conservateur., Valeur énergétique en Joules :  1885kj, Valeur énergétique en Kcal : 450kcal, Glucides : 64g, Lipides : 16g, Protides :11g, A conserver à l'abri de la chaleur et de l'humidité.]|"
11,30€ / Kg"|"
2,26 €"
4555|Krisprolls briochés|Le sachet de 225g|[Origine : SUEDE, Farine de blÍ, sucre, matiÈres grasses vÍgÍtales, levure, ar«me brioche, sel, ar«me naturel de beurre. Contient du lait., Valeur énergétique en Joules :  1800, Valeur énergétique en Kcal : 430, Glucides : 71, Lipides : 10, Protides :10]|"
8,49€ / Kg"|"
1,91 €"
4556|Pains suédois, sans sucres ajoutés|Le paquet de 225g|[Origine : SUEDE, Farine complète de blé (90%), son d'avoine (6.5%), graines de lin jaune (5.5%), huile de colza partiellement hydrogénée, sel, levure. Sans additif ni conservateur  Sans sucres ajoutés, à conserver dans un endroit sec]|"
8,13€ / Kg"|"
1,83 €"
4558|Pains suédois complets|Le paquet de 225g|[Origine : SUEDE, Les Krisprolls complets sont riches en fibres, savoureux et croquants. Pour leur fabrication, nous sélectionnons uniquement des ingrédients d'origine naturelle et de meilleure qualité.La farine de blé complète qui les compose ainsi que le mode de cuisson lent utilisé assurent à ces Krisprolls un vrai goût de pain. Ils sont à la fois nourrissants et délicieux !, Dégustez-les à n'importe quel moment de la journée avec des fruits, de la confiture mais aussi des soupes et des salades., Farine complète de blé (56%), farine de blé, sucre, matière grasse végétale, levure, sel. Sans conservateur, sans additif, sans utilisation de matières grasses hydrogénées., Valeur énergétique en Joules :  1550, Valeur énergétique en Kcal : 370,3, Glucides : 65, Lipides : 7, Protides :12, A conserver dans un endroit sec.]|"
7,24€ / Kg"|"
1,63 €"
4559|Céréale Pépites croustillantes éclats de chocolat noir|La boite de 500g|[Origine : FRANCE, Versez vos pépites croustillantes de céréales aux éclats de chocolat noir dans un bol. Ajoutez du lait froid afin d'apprécier la croustillance des céréales. Pour un petit déjeuner gourmand : vous pouvez les déguster avec du yaourt ou du fromage blanc., Céréales (66%) (flocons d'avoine, flocons de blé, farine de blé, céréales extrudées (farine de riz, farine de blé, sucre, farine de malt de blé, sel, sucre caramélisé en poudre), pétales de maïs (maïs, sucre, extrait de malt d'orge, sel, émulsifiant: mono- et diglycérides d'acides gras)), carrés de chocolat noir (15%) (pâte de cacao, sucre, émulsifiant : lécithines de tournesol, arôme), sucre, huile de tournesol (huile de tournesol, antioxydant : extrait riche en tocophérols), sirop de glucose,noix de coco en poudre, sel, arôme, caramel (sucre, eau). Traces d'arachide, soja, lait, fruits à coque et graines de sésame., Valeur énergétique en Joules :  1806kj, Valeur énergétique en Kcal : 430kcal, Glucides : 64g, Lipides : 14g, Protides :8,9g, Refermez le sachet intérieur après chaque utilisation et conservez dans un endroit sec et frais.]|"
5,38€ / Kg"|"
2,69 €"
4560|Céréales 7 vitamines et fer fourrées lait|La boite de 375g|[Origine : FRANCE, Spécialité céréalière chocolatée fourrée au lait riche en vitamines B1, B2, B3, B6, B9, B12, E et en fer., Versez vos céréales fourrées au lait dans un bol. Ajoutez du lait froid afin d'apprécier la croustillance des céréales., Céréales 43% (semoule de riz, farine complète de blé, farine de blé, farine d'avoine), fourrage lait 40% (lait entier en poudre 13%, sucre, huiles végétales (tournesol, coco), lait écrémé en poudre 2%, lactosérum en poudre, émulsifiant : lécithine detournesol), chocolat en poudre 11% (sucre, cacao en poudre), sucre, lait entier en poudre, sel, dérivé du lactosérum riche en calcium, vitamines : niacine (B3), E, B6, riboflavine (B2), thiamine (B1), acide folique (B9), B12, fer. Traces d'arachide,soja, fruits à coque et graines de sésame., Valeur énergétique en Joules :  559kj, Valeur énergétique en Kcal : 133kcal, Glucides : 19,5g, Lipides : 4,5g, Protides :3g, Refermez le sachet intérieur après chaque utilisation et conservez dans un endroit sec et frais.]|"
6,48€ / Kg"|"
2,43 €"
4563|Céréales soufflées au chocolat, certifié AB|Le paquet de 375g|[Origine : FRANCE, Céréales soufflées au chocolat issues de l'agriculture biologique., Versez 30 g de céréales au chocolat dans un bol, ajoutez 125 ml de lait demi écrémé froid ou chaud, consommez rapidement., Farine de blé*, chocolat* en poudre (23%) (sucre de canne* roux, cacao* (32%), extrait de vanille*), farine complète de blé*, sucre de canne* roux (13%), avoine*, cacao* en poudre, sirop de malt d'orge*, émulsifiant: carbonate de calcium. Présence possible de soja, sésame, fruits à coque, lait, oeufs. *ingrédients issus de l'agriculture biologique., Valeur énergétique en Joules :  1608kj, Valeur énergétique en Kcal : 380kcal, Glucides : 74g, Lipides : 3,4g, Protides :9,3g, A conserver dans un endroit sec et frais à l'abri de la lumière. Bien refermer le sachet après ouverture. A consommer rapidement après ouverture. Conditionné sous atmosphère protectrice.]|"
7,44€ / Kg"|"
2,79 €"
4564|Céréales soufflées au chocolat, certifié AB|Le paquet de 375g|[Origine : FRANCE, Céréales soufflées au chocolat issues de l'agriculture biologique., Versez 30 g de céréales au chocolat dans un bol, ajoutez 125 ml de lait demi écrémé froid ou chaud, consommez rapidement., Farine de blé*, chocolat* en poudre (23%) (sucre de canne* roux, cacao* (32%), extrait de vanille*), farine complète de blé*, sucre de canne* roux (13%), avoine*, cacao* en poudre, sirop de malt d'orge*, émulsifiant: carbonate de calcium. Présence possible de soja, sésame, fruits à coque, lait, oeufs. *ingrédients issus de l'agriculture biologique., Valeur énergétique en Joules :  1608kj, Valeur énergétique en Kcal : 380kcal, Glucides : 74g, Lipides : 3,4g, Protides :9,3g, A conserver dans un endroit sec et frais à l'abri de la lumière. Bien refermer le sachet après ouverture. A consommer rapidement après ouverture. Conditionné sous atmosphère protectrice.]|"
7,44€ / Kg"|"
2,79 €"
4565|Corn flakes, pétales de maïs dorés|Le paquet de 375g|[Origine : FRANCE, Pétales de maïs riches en vitamines B1, B2, B5, B6, B9, B12, B8, B3 et fer., Versez vos Corn Flakes dans un bol. Ajoutez du lait, de préférence froid, afin d'apprécier la croustillance des céréales. Pour un petit déjeuner gourmand, vous pouvez aussi les déguster avec un yaourt ou du fromage blanc., Maïs, sucre, extrait de malt d'orge, sel, émulsifiant : mono- et diglycérides d'acides gras, vitamines : niacine (B3), acide pantothénique (B5), B6, riboflavine (B2), thiamine (B1), acide folique (B9), biotine (B8), B12, fer. Traces d'arachide, soja,lait, fruits à coque et graines de sésame., Valeur énergétique en Joules :  1584kj, Valeur énergétique en Kcal : 373kcal, Glucides : 82g, Lipides : 0,8g, Protides :8g, A conserver dans un endroit frais et sec. Bien refermer le sachet après chaque utilisation.]|"
4,11€ / Kg"|"
1,54 €"
4567|Corn flakes croustillants au sucre de canne|Le paquet de 375g|[Origine : FRANCE, Versez les pétales de maïs dans un bol. Ajoutez du lait, froid de préférence, pour en conserver la texture croustillante. Vous pouvez aussi déguster les pétales de maïs avec du yaourt ou du fromage blanc., Maïs* 90%, sucre de canne* 4,5%, malt d'orge*, sel marin, émulsifiant : lécithine de soja*. Présence possible de blé, d'arachide, de fruits à coque et de produits laitiers. *Ingrédients issus de l'agriculture biologique., Valeur énergétique en Joules :  1560kj, Valeur énergétique en Kcal : 367kcal, Glucides : 81,7g, Lipides : 1g, Protides :7,9g, A conserver dans un endroit frais et sec. Après ouverture, bien refermer le sachet.]|"
5,25€ / Kg"|"
1,97 €"
4573|Muesli croustillant Nature, Certifié Ab|Le paquet de 375g|[Origine : FRANCE, Monoprix a sélectionné pour vous, avec des entreprises partenaires, des produits issus de l'agriculture biologique.Leurs modes de production et de transformation sont contrôlés et certifiés par un organisme indépendant conformément à la réglementation en vigueur., A consommer avec du lait, du yaourt, du fromage blanc, de la compote, du lait de riz ou de soja, ou nature., Flocons de céréales *47% (flocons d'avoine*, flocons de blé*, flocons d'orge*), sucre de canne* 16%, noix de coco râpée*, graisse de palme*, sirop de riz* 6,5% (extraits de riz* 5,2%, eau), billes de céréales soufflées* 5% (riz*, blé*, orge*, avoine*, sirop de malt d'orge déshydraté*), farine de riz* 1,3%, farine de soja*, son de blé* 0,7%, sirop de malt d'orge déshydraté* 0,6%, miel*. Présence possible de fruits à coque, d'arachide et de sésame. * Ingrédients issus de l'agriculture biologique., Valeur énergétique en Joules :  1889kj, Valeur énergétique en Kcal : 451kcal, Glucides : 57g, Lipides : 19g, Protides :8,4g, A conserver à l'abri de la chaleur et de l'humidité. Bien refermer le sachet après chaque utilisation.]|"
7,81€ / Kg"|"
2,93 €"
4574|Muesli croustillant Nature, Certifié Ab|Le paquet de 375g|[Origine : FRANCE, Monoprix a sélectionné pour vous, avec des entreprises partenaires, des produits issus de l'agriculture biologique.Leurs modes de production et de transformation sont contrôlés et certifiés par un organisme indépendant conformément à la réglementation en vigueur., A consommer avec du lait, du yaourt, du fromage blanc, de la compote, du lait de riz ou de soja, ou nature., Flocons de céréales *47% (flocons d'avoine*, flocons de blé*, flocons d'orge*), sucre de canne* 16%, noix de coco râpée*, graisse de palme*, sirop de riz* 6,5% (extraits de riz* 5,2%, eau), billes de céréales soufflées* 5% (riz*, blé*, orge*, avoine*, sirop de malt d'orge déshydraté*), farine de riz* 1,3%, farine de soja*, son de blé* 0,7%, sirop de malt d'orge déshydraté* 0,6%, miel*. Présence possible de fruits à coque, d'arachide et de sésame. * Ingrédients issus de l'agriculture biologique., Valeur énergétique en Joules :  1889kj, Valeur énergétique en Kcal : 451kcal, Glucides : 57g, Lipides : 19g, Protides :8,4g, A conserver à l'abri de la chaleur et de l'humidité. Bien refermer le sachet après chaque utilisation.]|"
7,81€ / Kg"|"
2,93 €"
4577|Pépites croustillantes aux fruits gourmands|Le paquet de 500g|[Origine : FRANCE, Pépites croustillantes de céréales aux fruits secs., Versez vos pépites croustillantes dans un bol. Ajoutez du lait, de préférence froid, afin d'apprécier la croustillance des céréales., Céréales 55% (flocons d'avoine, flocons de blé, farine de blé, céréales extrudées (farine de riz, farine de blé, sucre, farine de malt de blé, sel, sucre caramélisé en poudre), pétales de maïs (maïs, sucre, extrait de malt d'orge, sel, émulsifiant :mono- et diglycérides d'acides gras)), fruits secs 30% (raisins secs (raisins secs, huile de tournesol), bananes sucrées aromatisées (bananes, huile de coco, sucre, arôme), noix de coco en lamelles, papayes sucrées (papayes, sucre), ananas sucrés (ananas, sucre, antioxydant : acide citrique), pommes, noix de coco en poudre), sucre, huile de tournesol (huile de tournesol, antioxydant : extrait riche en tocophérols), sirop de glucose, sel, arôme, caramel (sucre, eau). Traces d'arachide, soja, lait, fruits à coque et graines de sésame., Valeur énergétique en Joules :  765kj, Valeur énergétique en Kcal : 182kcal, Glucides : 26g, Lipides : 6,8g, Protides :3g, Refermez le sachet intérieur après chaque utilisation et conservez dans un endroit sec et frais.]|"
5,66€ / Kg"|"
2,83 €"
4579|Pétales de riz et blé complet|Le paquet de 375g|[Origine : FRANCE, Versez vos pétales de riz et de blé complet dans un bol. Ajoutez du lait froid afin d'en apprécier la croustillance des céréales., Céréales 84% (riz 63%, blé complet 21%), sucre, gluten de blé, germe de blé, lait écrémé en poudre, sel, extrait de malt d'orge, émulsifiant : mono- et diglycérides d'acides gras, arôme. Traces d'arachide, soja, fruits à coque et graines de sésame., Valeur énergétique en Joules :  1613kj, Valeur énergétique en Kcal : 380kcal, Glucides : 80g, Lipides : 1,4g, Protides :10g, A conserver à l'abri de la chaleur et de l'humidité.]|"
5,01€ / Kg"|"
1,88 €"
4580|Pétales de riz et blé complet aux fruits rouges|Le paquet de 300g|[Origine : FRANCE, Pétales de riz et de blé complet aux fruits rouges lyophilisés., Versez vos pétales de riz et de blé complet aux fruits rouges dans un bol. Ajoutez du lait froid afin d'apprécier la croustillance des céréales. Pour un petit déjeuner gourmand : vous pouvez aussi les déguster avec un yaourt ou du fromage blanc., Céréales 78% (riz 59%, blé complet 19%), sucre, fruits rouges 6% (fraises, cerises, framboises), gluten de blé, germe de blé, lait écrémé en poudre, sel, extrait de malt d'orge, émulsifiant : mono- et diglycérides d'acides gras, arôme. Traces d'arachides, soja, fruits à coque et graines de sésame., Valeur énergétique en Joules :  1626kj, Valeur énergétique en Kcal : 384kcal, Glucides : 81g, Lipides : 1,6g, Protides :9,2g, A conserver dans un endroit frais et sec. Bien refermer le sachet après chaque utilisation.]|"
7,07€ / Kg"|"
2,12 €"
4582|Crousti' avoine chocolat|Le paquet de 500g|[Origine : ALLEMAGNE, Découvrez les Crousti' Avoine Chocolat Bjorg. Savoureux mélange d'avoine, de son d'avoine et de pépites de chocolat noir. Ces Crousti' Avoine ont une teneur réduite en acides gras saturés (-30% par rapport aux produits référents du marché) et contiennent des céréales complètes source de fibres., Flocons d'avoine complet* 47%, sucre de canne non raffinÍ*, chocolat noir* 10% (pÇte de cacao*, sucre de canne*, beurre de cacao*), riz soufflÍ* (farine de riz*), farine d'avoine* 6%, son d'avoine* 5%, huile de tournesol olÍique* 4.3% (huile de tournesol olÍique*, antioxydant : extrait de tocophÍrol), malt d'orge*, noix de coco*, sel de mer non raffinÍ., Valeur énergétique en Joules :  1851kj, Valeur énergétique en Kcal : 440kcal, Glucides : 68,9g, Lipides : 13,2g, Protides :8,8g, Conserver au frais et au sec. Bien refermer le paquet après utilisation.]|"
10,82€ / L"|"
5,41 €"
4583|Crousti' avoine chocolat|Le paquet de 500g|[Origine : ALLEMAGNE, Découvrez les Crousti' Avoine Chocolat Bjorg. Savoureux mélange d'avoine, de son d'avoine et de pépites de chocolat noir. Ces Crousti' Avoine ont une teneur réduite en acides gras saturés (-30% par rapport aux produits référents du marché) et contiennent des céréales complètes source de fibres., Flocons d'avoine complet* 47%, sucre de canne non raffinÍ*, chocolat noir* 10% (pÇte de cacao*, sucre de canne*, beurre de cacao*), riz soufflÍ* (farine de riz*), farine d'avoine* 6%, son d'avoine* 5%, huile de tournesol olÍique* 4.3% (huile de tournesol olÍique*, antioxydant : extrait de tocophÍrol), malt d'orge*, noix de coco*, sel de mer non raffinÍ., Valeur énergétique en Joules :  1851kj, Valeur énergétique en Kcal : 440kcal, Glucides : 68,9g, Lipides : 13,2g, Protides :8,8g, Conserver au frais et au sec. Bien refermer le paquet après utilisation.]|"
10,82€ / L"|"
5,41 €"
4587|Flocons d'avoine bio|La boîte de 500g|[Origine : FRANCE, Découvrez les flocons d'avoine Bjorg biologiques*, le plaisir naturel du petit déjeuner pour bien démarrer la journée et faire le plein d'énergie. L'avoine est  naturellement riche en magnésium et en phosphore., Ce produit se consomme aussi bien cru que cuit., Avoine complet issue de l'agriculture biologique, Valeur énergétique en Joules :  1531,2, Valeur énergétique en Kcal : 363,7, Glucides : 57,9, Lipides : 7,1, Protides :11,4, A conserver à l'abri de l'humidité.]|"
5,66€ / Kg"|"
2,83 €"
4590|Muesli avoine chocolat bio|Le sachet de 375g|[Origine : ALLEMAGNE, Des céréales complètes offrant naturellement à votre corps des fibres pour bien démarrer la journée. Des pétales croustillants et du véritable chocolat pour fondre de plaisir !, Flocons d?avoine complet* 40 %, flocons croustillants d?avoine* (avoine complet* 26 %, miel*), pÍtales de maÕs au chocolat* ÝpÍtales de maÕs* (maÕs*, sucre de canne brut*, sel de mer, malt de maÕs*), sucre de canne brut*, beurre de cacao*, lait entier en poudre*, pÇte de cacao*, agent d?enrobage : gomme arabique*~, chocolat* 7 % (pÇte de cacao*, sucre de canne brut*, beurre de cacao*), flocons d?orge complet* 5 %, Íclats d?amande* 3 %, billettes au cacao* (farine de blÍ*, sucre de canne brut*, farine d?avoine*, cacao*, farine de malt d?orge*).    Flocons d?avoine complet* 40 %, flocons croustillants d?avoine* (avoine complet* 26 %, miel*), pÍtales de maÕs au chocolat* ÝpÍtales de maÕs* (maÕs*, sucre de canne brut*, sel de mer, malt de maÕs*), sucre de canne brut*, beurre de cacao*, lait entier en poudre*, pÇte de cacao*, agent d?enrobage : gomme arabique*~, chocolat* 7 % (pÇte de cacao*, sucre de canne brut*, beurre de cacao*), flocons d?orge complet* 5 %, Íclats d?amande* 3 %, billettes au cacao* (farine de blÍ*, sucre de canne brut*, farine d?avoine*, cacao*, farine de malt d?orge*)., Valeur énergétique en Joules :  1642, Valeur énergétique en Kcal : 391, Glucides : 58.1, Lipides : 10.9, Protides :11.2, Conserver à l'abri de l'humidité. Conditionné sous atmosphère protectrice.]|"
11,39€ / Kg"|"
4,27 €"
4591|Muesli avoine chocolat bio|Le sachet de 375g|[Origine : ALLEMAGNE, Des céréales complètes offrant naturellement à votre corps des fibres pour bien démarrer la journée. Des pétales croustillants et du véritable chocolat pour fondre de plaisir !, Flocons d?avoine complet* 40 %, flocons croustillants d?avoine* (avoine complet* 26 %, miel*), pÍtales de maÕs au chocolat* ÝpÍtales de maÕs* (maÕs*, sucre de canne brut*, sel de mer, malt de maÕs*), sucre de canne brut*, beurre de cacao*, lait entier en poudre*, pÇte de cacao*, agent d?enrobage : gomme arabique*~, chocolat* 7 % (pÇte de cacao*, sucre de canne brut*, beurre de cacao*), flocons d?orge complet* 5 %, Íclats d?amande* 3 %, billettes au cacao* (farine de blÍ*, sucre de canne brut*, farine d?avoine*, cacao*, farine de malt d?orge*).    Flocons d?avoine complet* 40 %, flocons croustillants d?avoine* (avoine complet* 26 %, miel*), pÍtales de maÕs au chocolat* ÝpÍtales de maÕs* (maÕs*, sucre de canne brut*, sel de mer, malt de maÕs*), sucre de canne brut*, beurre de cacao*, lait entier en poudre*, pÇte de cacao*, agent d?enrobage : gomme arabique*~, chocolat* 7 % (pÇte de cacao*, sucre de canne brut*, beurre de cacao*), flocons d?orge complet* 5 %, Íclats d?amande* 3 %, billettes au cacao* (farine de blÍ*, sucre de canne brut*, farine d?avoine*, cacao*, farine de malt d?orge*)., Valeur énergétique en Joules :  1642, Valeur énergétique en Kcal : 391, Glucides : 58.1, Lipides : 10.9, Protides :11.2, Conserver à l'abri de l'humidité. Conditionné sous atmosphère protectrice.]|"
11,39€ / Kg"|"
4,27 €"
4593|Muesli croustillant et fruité, certifié AB|Le paquet de 375g|[Origine : FRANCE, Avec ses flocons d'avoine et son savoureux mélange de fruits, le Muesli Bjorg offre naturellement à votre corps des fibres pour bien démarrer la journée., ., Céréales* 69%: flocons d'avoine complet* (42%), flocons d'épeautre complet* (15%), cornflakes* (farine de mais*), pétales d'épeautre complet* (3%) (farine complète d'épeautre*, malt de mais*, sel de mer)  Fruits* 25%: raisins* 12% (huile de tournesol*), abricots* 8%, figues* 5%  Graines* 6%: graines de tournesol*, graines de lin*, graines de courge*., Valeur énergétique en Joules :  1523,7, Valeur énergétique en Kcal : 361,6, Glucides : 58,6, Lipides : 7,4, Protides :11,3, Pour préserver la croustillance de ce muesli, nous vous conseillons de le conserver à l'abri de l'humidité.]|"
9,01€ / Kg"|"
3,38 €"
4594|Muesli Superfruits cassis, cranberry, myrtille, raisin Bio|Le sachet de 375g|[Origine : FRANCE, Valeur énergétique en Kcal : 350kcal, Glucides : 60,7g, Lipides : 5,5g, Protides :10g]|"
11,73€ / Kg"|"
4,40 €"
4595|Muesli Superfruits cassis, cranberry, myrtille, raisin Bio|Le sachet de 375g|[Origine : FRANCE, Valeur énergétique en Kcal : 350kcal, Glucides : 60,7g, Lipides : 5,5g, Protides :10g]|"
11,73€ / Kg"|"
4,40 €"
4604|Céréales riches en noix|La boîte de 550g|[Origine : ROYAUME UNI, Succombez à une délicieuse recette de pépites de céréales croustillantes, alliées à un mélange riche et savoureux d'amandes, noisettes, noix du Brésil et noix de Pécan. Bonne dégustation !Dégustez une délicieuse recette de pépites croustillantes de céréales complètes, riche en fibres et garantie sans colorant ni conservateur. Faites-vous du bien !, Céréales complètes conservation grade (49%) (flocons d'avoine, flocons d'orge, farine d'avoine), sucre de canne non raffiné, noix (15%) (amandes effilées (6%), noisettes grillées (5%), morceaux de noix du Brésil (3%), éclat de noix de Pécan (1%)). Huiles végétales, farine de riz, noix de coco séchée, pâte de noisette. Sans colorant ni conservateur, très pauvre en sel, sans OGM. Informations sur les allergènes : contient de l'avoine, de l'orge, des amandes, des noisettes, des noix du Brésil et des noix de Pécan. Peut contenir du blé, du seigle, d'autres noix et du lait., Valeur énergétique en Joules :  2006kj, Valeur énergétique en Kcal : 480kcal, Glucides : 55,7g, Lipides : 22,7g, Protides :9,6g, Après chaque utilisation, refermez bien le sachet intérieur et conservez-le dans un endroit sec et frais.]|"
7,33€ / Kg"|"
4,03 €"
4605|Country crisp chocolat au lait|La boite de 550g|[Origine : ROYAUME UNI, Valeur énergétique en Joules :  1939kj, Valeur énergétique en Kcal : 462kcal, Glucides : 65,2g, Lipides : 17,8g, Protides :7,8g]|"
7,36€ / Kg"|"
4,05 €"
4608|Pétales de céréales complètes avec raisins, noix de coco, noisettes grillées et graines de tournesol, certifié AB|Le paquet de 500g|[Origine : ROYAUME UNI, Savourez un muesli à la texture unique et riche en goût avec des raisins onctueux, des copeaux de noix de coco et des noisettes grillées., Convient aux végétariens., Céréales complètes* (65%) (flocons de blé*, flocons d'avoine*, pétales de blé grillé*), fruits secs* et noix* (32%) (raisins secs*(26%), copeaux de noix de coco*, noisettes grillées*(3%)), graines de tournesol. *Ingrédients issus de l'agriculture biologique. Contient du blé, de l'avoine et des noisettes. Peut contenir de l'orge, du seigle, d'autres noix, des graines de sésame et du lait. Sans sucre, ni sel, ni additif artificiel ajouté. Sans conservateur, ni colorant., Valeur énergétique en Joules :  1477Kj, Valeur énergétique en Kcal : 350Kcal, Glucides : 58,4g, Lipides : 8,8g, Protides :9,3g, Après chaque utilisation, refermez bien le sachet intérieur et conservez-le dans un endroit sec et frais.]|"
7,00€ / Kg"|"
3,50 €"
4611|Céréales au au son de blé naturellement très riches en fibres alimentaires|Le paquet de 500g|[Origine : ROYAUME UNI, Les céréales All-Bran sont naturellement riches en fibres, qui participent au bon fonctionnement du système digestif.Goûtez All-Bran Fibre Plus : de délicieuses céréales croustillantes avec 87% de son de blé, enrichie en 6 vitamines du groupe B et enfer., Son de blé (87%), sucre, arôme de malt d'orge, sel, vitamines (PP, B6, B2, B1, B9, B12), fer. Allergènes : blé, ingrédient issu de l'orge., Valeur énergétique en Joules :  1184kj, Valeur énergétique en Kcal : 283,3kcal, Glucides : 48g, Lipides : 3.5g, Protides :14g, Refermer le sachet intérieur après chaque usage et conserver dans un endroit sec.]|"
7,50€ / Kg"|"
3,75 €"
4612|Céréales au chocolat au lait|La boîte de 400g|[Origine : EL SALVADOR, Céréales fourrées au chocolat au lait, enrichies en vitamines (B1, B2, B6, B9, B12, PP) et en fer., Farine de céréales (avoine, riz, blé), fourrage au chocolat au lait (chocolat au lait (14%) (sucre, poudre de lait entier, pâte de cacao), sucre, huile végétale, poudre de lait entier, poudre de cacao dégraissé, émulsifiant (lécithine de soja), arôme), sucre, sel, colorants (carotènes, caramel E150c), antioxydants (palmitate d'ascorbyle, alpha-tocophérol), vitamines (PP, B6, B2, B1, B9, B12), fer. Allergènes : lait, soja, blé, avoine. Traces éventuelles de noisettes et d'autres fruits à coque., Valeur énergétique en Joules :  1891kj, Valeur énergétique en Kcal : 450kcal, Glucides : 67g, Lipides : 16g, Protides :8g, Refermer le sachet intérieur après chaque usage et conserver dans un endroit sec.]|"
7,88€ / Kg"|"
3,15 €"
4613|Céréales au son All Bran Pépites Chocolat|La boite de 390g|[Origine : FRANCE, Valeur énergétique en Joules :  1730kj, Valeur énergétique en Kcal : 412kcal, Glucides : 62g, Lipides : 12g, Protides :8g]|"
11,15€ / Kg"|"
4,35 €"
4617|Barres céréales pépites de chocolat|Les 6 barres de 125g|[Origine : FRANCE, Céréales 37,5% (flocons d'avoine, farine de blé, pétales de maïs (maïs, sel, extrait de malt d'orge), farine de riz), sirop de glucose, chocolat noir 20% (pâte de cacao, sucre, beurre de cacao), poudre de chocolat 4,8% (pâte de cacao, sucre, cacao maigre en poudre), huile de tournesol, pâte de noisette, stabilisant : sorbitol, dextrose, sucre, sel, arôme, émulsifiant : lécithine de soja, antioxydant : tocophérol. Contient des sulfites. Traces de lait, d'oeufs, d'arachide et d'autres fruits à coque. Elaboré en France., Valeur énergétique en Joules :  1817kj, Valeur énergétique en Kcal : 433kcal, Glucides : 65g, Lipides : 15g, Protides :6,7g, A conserver à l'abri de la chaleur et de l'humidité.]|"
11,04€ / Kg"|"
1,38 €"
4620|Barres céréalières chocolat au lait, noix de coco|Le paquet de 6 sachets, 125g|[Origine : FRANCE, Céréales 37,5% (flocons d'avoine, farine de blé, pétales de blé complet (blé complet, sel, extrait de malt d'orge), farine de riz), sirop de glucose, chocolat au lait 15% (pâte de cacao, sucre, beurre de cacao, lait écrémé en poudre, matière grasse de lait), fruits 8,4% (noix de coco 6%, noisette), huile de tournesol, stabilisant : sorbitol, dextrose, sucre, caramel, sel, arôme, émulsifiant : lécithine de soja, antioxydant : tocophérol. Contient des sulfites. Traces d'arachide et d'autres fruitsà coque. Elaboré en France., Valeur énergétique en Joules :  1835kj, Valeur énergétique en Kcal : 437kcal, Glucides : 65g, Lipides : 16g, Protides :6,3g, A conserver à l'abri de la chaleur et de l'humidité.]|"
12,56€ / Kg"|"
1,57 €"
4626|Special K Barres Moelleuses Chocolat au Lait|La boite de 4x24g (96g)|[Origine : FRANCE, Barre de céréales riche en fibres sur une fine couche de chocolat au lait., Céréales (avoine (16%), farine de riz, farine de blé), chocolat au lait (21%) (sucre, poudre de lait entier, beurre de cacao, pâte de cacao, poudre de lait écrémé, émulsifiant (lécithine de soja), arôme), oligofructose, sirop de glucose, inuline, huile végétale, fructose, miel, poudre de cacao, pâte de cacao, sucre, humectant (glycérol), sel, émulsifiant (lécithine de soja), bicarbonate de calcium, carbonate de calcium, antioxydant (E320). Allergènes : lait, soja, blé, avoine. Traces éventuellesd'arachide et de fruits à coque., Valeur énergétique en Joules :  1664kj, Valeur énergétique en Kcal : 397kcal, Glucides : 57g, Lipides : 13g, Protides :5g, Conserver dans un endroit sec.]|"
32,29€ / Kg"|"
3,10 €"
4630|Barres de céréales au coeur fondant chocolat et noisettes|Le paquet de 120g|[Origine : ALLEMAGNE]|"
18,92€ / Kg"|"
2,27 €"
4634|Barres de céréales au riz et blé complet aux pépites de chocolat|Les 6 barres, 130g|[Origine : ROYAUME UNI, Au bureau, adoptez la pause avec Special K., Céréales Kellogg's spécial k (35%) (riz, blé (blé complet, farine de blé), sucre, gluten de blé, germe de blé dégraissé, poudre de lait écrémé, sel, arôme de malt d'orge, vitamines (C, PP, B6, B2, B1, B9, B12), fer), sirop de glucose, chocolat (14%)(sucre, pâte de cacao, beurre de cacao, émulsifiant (lécithine de soja E476), arôme), sucre, fructose, riz, dextrose, morceaux de chocolat (2,5%) (sucre, pâte de cacao, beurre de cacao, émulsifiant (lécithine de soja), humectants (sorbitol, glycérol), huile végétale, cacao maigre en poudre, arôme, carbonate de calcium, sel, émulsifiant (lécithine de soja), antioxygène (E320).  Allergènes : lait, soja, blé et ingrédient issu de l'orge., Valeur énergétique en Joules :  1694Kj, Valeur énergétique en Kcal : 405,3Kc, Lipides : 7g, Protides :9g, Conserver dans un endroit sec.]|"
21,94€ / Kg"|"
2,83 €"
4637|Biscuits aux myrtilles|Le paquet de 125g|[Origine : FRANCE]|"
22,48€ / Kg"|"
2,81 €"
4641|Barres aux 5 céréales et morceaux de noisettes|La boîte de 6 barres, 125g|[Origine : FRANCE, Céréales 38,5% (farine de riz 9,8%, flocons d'avoine 9,5% grains de mais 9,3%, farine de blé 6%, flocons de seigle malté 3,2%, farine de blé malté 0,7%) sirop de glucose, noisettes 14,9%, stabilisant: sorbitol, matière grasse végétale, sucre, arôme,sel, gluten, dextrose,émulsifiants: scucroesters d'acide gras, E 471, extrait de malt, correcteur d'acidité: acide citrique., Valeur énergétique en Joules :  1970kj, Valeur énergétique en Kcal : 470kcal, Glucides : 60g, Lipides : 22g, Protides :6,5g]|"
17,68€ / Kg"|"
2,21 €"
4643|Barres aux céréales à la framboise|Les 6 barres de 27g|[Origine : FRANCE, La gamme Belvita a été conçue avec des ingrédients de qualité pour répondre aux exigences des femmes : des recettes gourmandes et variées., Farine de blé 30,7%, sucre, sirop de glucose-fructose, agents de charge : maltitol, polydextrose, matière grasse végétale (colza, palme), humectant : glycérol, dextrose, sirop de glucose, framboise 2,6%, purée de framboise 1,9%, purée de Cranberry concentrée, gélifiant : pectines, purée de framboise concentré 0,7% (équivalent framboise 4,2%), amidon transformé, sel, acidifiants : acide malique, acide citrique, correcteurs d'acidité : citrates de calcium, citrates de sodium, arômes, poudre à lever : carbonate acide de sodium, carbonate d'ammonium, émulsifiants : E482, lécithine de soja, protéines de pois, vitamines : E, B1. Contient : blé, gluten, soja. Peut contenir des traces d'oeuf, lait, sésame. Sans colorants ni conservateurs., Valeur énergétique en Joules :  1485Kj, Valeur énergétique en Kcal : 354Kc, Glucides : 69g, Lipides : 7,7g, Protides :3,4g, A conserver à l'abri de la chaleur et de l'humidité. Consommer rapidement après ouverture.]|"
12,78€ / Kg"|"
2,07 €"
4656|Cacao maigre en poudre Amérique latine|La boîte de 250g|[Origine : FRANCE, Pour un chocolat très onctueux, versez 3 cuillères à café de cacao dans une casserole, du sucre de canne et faites chauffer avec du lait. Laissez frémir durant 5 minutes et savourez votre boisson., Valeur énergétique en Joules :  1411kj, Valeur énergétique en Kcal : 340kcal, Glucides : 15g, Lipides : 12g, Protides :24g, Cacao maigre en poudre conforme aux standards internationaux du commerce équitable (100% du volume total). Teneur en beurre de cacao : 12%. Présence possible de gluten, d'oeuf et de lait., A conserver à l'abri de la chaleur et de l'humidité. Bien refermer le sachet après ouverture.]|"
12,40€ / Kg"|"
3,10 €"
4657|Poudre instantanée au goût de cacao|La boîte de 450g|[Origine : ALLEMAGNE, Préparation pour boisson instantanée diététique de l'effort et d'apport glucidique au cacao maigre., Ce produit est destiné, dans le cadre d'une alimentation normale, à répondre aux besoins d'un effort musculaire immédiat effectué notamment lors d'une compétition ou dans des conditions d'environnement spéciales. Verser 3 à 4 cuillères à café de poudre instantanée (20 g) pour un bol de lait demi-écrémé chaud mais non bouillant (200 ml) ou bien pour un grand verre de lait demi-écrémé froid (200 ml). Mélanger., Sucre, cacao maigre en poudre 20%, émulsifiant : lécithine de soja, arôme.  Traces éventuelles de lait., Valeur énergétique en Joules :  1602Kj, Valeur énergétique en Kcal : 379KCal, Glucides : 80g, Lipides : 3,1g, Protides :4,5g, A conserver à l'abri de la chaleur et de l'humidité. Bien refermer la boite après utilisation.]|"
3,96€ / Kg"|"
1,78 €"
4660|Petit déjeuner instantané, Cacao + Céréales + Banane|La boite de 400g|[Origine : FRANCE, Valeur énergétique en Joules :  1664kj, Valeur énergétique en Kcal : 392kcal, Glucides : 86,5g, Lipides : 2,2g, Protides :6,6g]|"
5,60€ / Kg"|"
2,24 €"
4665|Lion goût caramel et chocolat|La boite de 500g|[Origine : FRANCE, Le p'tit dej, ça se respecte. Lion, le premier bonheur du jour. Son goût irrésistible chocolat et caramel, c'est bon pour le moral !, 3 cuillères à café de Lion + 250 ml de lait demi-écrémé chaud ou froid. Remuez, c'est prêt !, Ingrédients : Sucre, cacao maigre (19%), sirop de glucose, arôme caramel, sel, vanilline, cannelle, émulsifiant : lécithine de soja., A conserver dans un endroit sec et frais.]|"
5,80€ / Kg"|"
2,90 €"
4668|Poudre instantanée au chocolat|La boîte de 1kg|[Origine : FRANCE, Nesquik complète les bienfaits du lait pour bien grandir ! Avec de la vitamine D pour contribuer à l'absorption du calcium et du phosphore du lait, nécessaires pour la croissance et le développement des os. Et du fer et du zinc pour contribuer au fonctionnement de la mémoire et de la concentration., La dose idéale : 2 cuillères + 200 ml de lait., Ingrédients : Sucre, cacao maigre 20,3%, dextrose, émulsifiant : lécithine de soja, minéraux : carbonate de magnésium, pyrophosphate de fer, sulfate de zinc, vitamines : C, B1, D - sel, cannelle, arômes., A conserver dans un lieu frais et sec.]|"
4,11€ / Kg"|"
4,11 €"
4670|Préparation en poudre instantanée pour boisson cacaotée, Intense 32% cacao|La boîte de 600g|[Origine : FRANCE, 32% de cacao., Ingrédients : Sucre, cacao maigre 32%, émulsifiant : lécithine de soja, vitamines : B1, B3, B5, B6, B9, C, D, minéraux : carbonate de magnésium, pyrophosphate de fer, sel, cannelle, arômes.]|"
8,03€ / Kg"|"
4,82 €"
4678|Confiture aux abricots, prunes et cannelle au sucre de canne, cuite au chaudron|Le pot de 305g|[Origine : FRANCE, Toute la générosité des fruits., Fruits 64,8g* (abricots 32,4g*, prunes 32,4g*), sucre de canne 43g*, gélifiant : pectines, cannelle 0,2g*. (* quantité mise en oeuvre pour 100g de produit fini). Présence possible de beurre. Préparée avec 64,8g de fruits pour 100g de produit fini. Teneur totale en sucres : 50g pour 100g de produit fini., Valeur énergétique en Joules :  868Kj, Valeur énergétique en Kcal : 228Kc, Glucides : 57g, Lipides : 0g, Protides :0g, A conserver au frais. Après ouverture, à conserver au réfrigérateur et à consommer rapidement.]|"
8,39€ / Kg"|"
2,56 €"
4681|Confiture d'abricots au sucre de canne, cuite au chaudron|Le pot de 305g|[Origine : FRANCE, Toute la générosité des fruits., Abricots 65g*, sucre de canne 39g*, gélifiant : pectine, jus de citron concentré. (* quantité mise en oeuvre pour 100g de produit fini). Présence possible de beurre. Préparée avec 65g de fruits pour 100g de produit fini. Teneur totale en sucres : 50gpour 100g de produit fini., Valeur énergétique en Joules :  858Kj, Valeur énergétique en Kcal : 202Kc, Glucides : 49.5g, Lipides : 0.3g, Protides :0.3g, A conserver au frais. Après ouverture, à conserver au réfrigérateur et à consommer rapidement.]|"
7,41€ / Kg"|"
2,26 €"
4693|Confiture de rhubarbe et framboises au sucre de canne, cuite au chaudron|Le pot de 305g|[Origine : FRANCE, fruits( rhubarbe 36g, framboise 29g)-sucre de canne 44g-gélifiant: pectine- acidifiant: acide citrique.                                                       Présence possible de fruits à coque et lait., Valeur énergétique en Joules :  832kj, Valeur énergétique en Kcal : 196kcal, Glucides : 48g, Lipides : 0,2g, Protides :0,5g]|"
8,79€ / Kg"|"
2,68 €"
4697|Confiture extra de cerises griottes|Le pot de 360g|[Origine : FRANCE, Sucre de canne , cerises griottes , gélifiant : pectine de fruits , acidifiant : acide citrique. Traces éventuelles d'amandes et de noix .  Préparée avec 50g de fruits pour 100g  . Teneur totale en sucres : 60g pour 100g, Valeur énergétique en Joules :  960kj, Valeur énergétique en Kcal : 226kcal, Glucides : 55g, Lipides : 0,3g, Protides :0,5g, A conserver au frais après ouverture.]|"
4,42€ / Kg"|"
1,59 €"
4704|Confiture extra de framboises allégée en sucres|Le pot de 350g|[Origine : FRANCE, Confiture extra de framboises allégée en sucres (30% de sucres en moins)., Framboises, sucre, gélifiant : pectine de fruits, acidifiant : acide citrique. Préparée avec 50g de fruits pour 100g., Valeur énergétique en Joules :  749kj, Valeur énergétique en Kcal : 177kcal, Glucides : 42g, Lipides : 0,2g, Protides :0,7g, A conserver au frais après ouverture.]|"
4,46€ / Kg"|"
1,56 €"
4708|Confiture figues rouges au sucre de canne|Le pot de 270g|[Origine : FRANCE, Confiture extra de figues rouges issue de l'agriculture biologique., Sucre de canne 54%*, figues*, gélifiant : pectine de fruits (dont dextrose de blé), acidifiant : acide citrique, Préparée avec 50 g de fruits pour 100 g. Teneur totale en sucres : 60 g pour 100 g. * Issus de l'agriculture biologique., Valeur énergétique en Joules :  1021kj, Valeur énergétique en Kcal : 240kcal, Glucides : 59g, Lipides : 0,3g, Protides :0,7g, A conserver au frais après ouverture.]|"
7,48€ / Kg"|"
2,02 €"
4717|Confiture d'abricot|Le pot de 370g|[Origine : FRANCE, Cette confiture est élaborée avec des abricots rigoureusement sélectionnés pour leur goût acidulé. Elle est préparée traditionnellement dans un chaudron ouvert et travaillée par un cuiseur. Cette recette préserve les oreillons d'abricots entiers, confits avant d'être cuits, afin de restituer la saveur intacte du fruit., Abricot , sucre de canne , gélifiant(pectine de fruits) , acidifiant(acide citrique)., Conserver au frais après ouverture.]|"
16,43€ / Kg"|"
6,08 €"
4731|Pâte à tartiner au cacao et à la pâte de noisettes, sucre brut de canne, certifié AB|Le pot de 400g|[Origine : FRANCE, Sucre brut de canne* 48%, huile de tournesol* (dont antioxydant : extrait riche en tocophérols d'origine naturelle), pâte de noisettes* 12%, poudre de lait écrémé*, cacao maigre en poudre* 6%, émulsifiant : lécithine de soja. Présence possible de sésame et arachide. Pourcentage total d'ingrédients issus de l'agriculture biologique : 99,5%. *Ingrédients issus de l'agriculture biologique., Valeur énergétique en Joules :  2326Kj, Valeur énergétique en Kcal : 558Kcal, Glucides : 53g, Lipides : 35g, Protides :6,3g, A conserver à température ambiante, à l'abri de la chaleur. Ne pas mettre au réfrigérateur. Après ouverture, à consommer dans les 2 mois.]|"
9,18€ / Kg"|"
3,67 €"
4744|Crème de marrons de l'Ardèche vanillée|La boîte de 250g|[Origine : FRANCE, Châtaignes, sucre, débris de marrons glacés écrasés (marrons, sucre, sirop de glucose, arôme naturel vanille), eau, arôme naturel vanille. Préparé avec 45g de fruits pour 100g. Teneur totale en sucres : 60g pour 100g., A conserver au frais après ouverture.]|"
8,12€ / Kg"|"
2,03 €"
4752|Speculoos à tartiner|Le pot de 400g|[Origine : FRANCE, Elaborée à partir du seul et unique Speculoos Lotus : la garantie d'un irrésistible moment de plaisir., ORIGINAL SPECULOOS 57% (farine de blé, sucre, huiles végétales (palme, colza), sirop de sucre candi, poudre à lever (carbonate acide de sodium), farine de soja, sel, cannelle), huile de colza, sucre, émulsifiant (lécithine de soja), acidifiant (acidecitirique), Valeur énergétique en Joules :  2457, Valeur énergétique en Kcal : 590, Glucides : 56, Lipides : 39,2, Protides :2,8, Entre 17 C et 23 C]|"
7,73€ / Kg"|"
3,09 €"
4758|Miel d'acacia, certifié AB|Le flacon de 250g|[Origine : FRANCE, Récolté sur des zones de butinage soigneusement sélectionnées pour leurs cultures et leur flore sauvage biologiques, ce miel d'acacia dévoile une douceur et une finesse incomparables., Miel d'acacia de Hongrie issu de l'Agriculture Biologique.]|"
22,80€ / Kg"|"
5,70 €"
4786|Galettes au froment et chocolat au lait|Le paquet de 120g|[Origine : FRANCE, Farine de blÍ 47%, chocolat au lait 25% (Ídulcorant : maltitol, beurre de cacao, poudre de lait entier, pÇte de cacao, Ímulsifiant : lÍcithine de soja, ar«me naturel de vanille), Ídulcorant : sirop de maltitol, amidon de blÍ, huile de palme, Ípaississant : gomme d?accacia, poudres Å lever : carbonates d?ammonium, carbonates de sodium, diphosphates, ar«me naturel vanille, sel marin, poudre de lait ÍcrÍmÍ, sulfate de fer, Valeur énergétique en Joules :  1895, Valeur énergétique en Kcal : 453, Glucides : 66.7, Lipides : 20.8, Protides :6.8]|"
26,92€ / Kg"|"
3,23 €"
