Babybio || Lait 1er âge, jusqu'à 6 mois, protéines adaptées, certifié AB || La boîte de 900g || Origine : FRANCE || Le lait biologique 1er âge Babybio apporte en proportion adéquate : les éléments nutritionnels nécessaires à la croissance du nourrisson de la naissance à 6 mois, des protéines adaptées à l'immaturité de l'organisme du nourrisson. || Lactosérum déminéralisé*, maltodextrine*, huile de palme*, lait écrémé*, huiles végétales de première pression à froid* (colza*, tournesol*), citrate de calcium, chlorure de calcium, vitamine C, phosphate disodique, lactate de fer, hydroxyde de potassium, hydroxyde de sodium, oxyde de magnésium, sulfate de zinc, vitamine E, niacine, acide pantothénique, sulfate de cuivre, vitamines A, B6, riboflavine, thiamine, acide folique, vitamine K1, iodure de potassium, biotine, vitamines D, B12. *ingrédients issus de l'agriculture biologique. || Valeur énergétique en Joules :  2073Kj || Valeur énergétique en Kcal : 8665Kcal || Glucides : 60g || Lipides : 24g || Protides :10g || Veillez à bien refermer la boîte et à la conserver au sec jusqu'à 4 semaines maximum après ouverture. || 
22,99€ / Kg || 
20,69 € || 
Babybio || Lait 1er âge, jusqu'à 6 mois, protéines adaptées, certifié AB || La boîte de 900g || Origine : FRANCE || Le lait biologique 1er âge Babybio apporte en proportion adéquate : les éléments nutritionnels nécessaires à la croissance du nourrisson de la naissance à 6 mois, des protéines adaptées à l'immaturité de l'organisme du nourrisson. || Lactosérum déminéralisé*, maltodextrine*, huile de palme*, lait écrémé*, huiles végétales de première pression à froid* (colza*, tournesol*), citrate de calcium, chlorure de calcium, vitamine C, phosphate disodique, lactate de fer, hydroxyde de potassium, hydroxyde de sodium, oxyde de magnésium, sulfate de zinc, vitamine E, niacine, acide pantothénique, sulfate de cuivre, vitamines A, B6, riboflavine, thiamine, acide folique, vitamine K1, iodure de potassium, biotine, vitamines D, B12. *ingrédients issus de l'agriculture biologique. || Valeur énergétique en Joules :  2073Kj || Valeur énergétique en Kcal : 8665Kcal || Glucides : 60g || Lipides : 24g || Protides :10g || Veillez à bien refermer la boîte et à la conserver au sec jusqu'à 4 semaines maximum après ouverture. || 
22,99€ / Kg || 
20,69 € || 
Blédina Blédilait || Lait 1er âge en poudre, jusqu'à 4 mois || La boîte de 900g || Origine : FRANCE || Par sa composition, Blédilait Confort Premium 1 couvre les besoins nutritionnels de bébé de la naissance jusqu'à 6 mois et favorise ainsi sa croissance harmonieuse et sans carence. || Utilisez toujours 1 mesurette de poudre dans 30 ml d'eau. Lavez vous toujours les mains ainsi que votre plan de travail avant de préparer les biberons. Préparez le biberon juste avant le repas. Une fois préparé, il est recommandé de consommer le biberon dans la demi-heure. Versez la quantité d'eau froide nécessaire dans un biberon stérilisé. Utilisez la mesurette placée à l'intérieur de la boite. Agitez horizontalement pendant une dizaine de secondes. Puis agitez verticalement. Faites tiédir, puis agitez de nouveau le biberon. Contrôler la température à l'intérieur de votre poignet. Après la tétée, si votre bébé n'a pas tout bu, jetez le reste du biberon sans hésiter. Le lait maternel est l'aliment idéal du nourrisson. Toutefois, si vous nepouvez ou ne souhaitez pas allaiter, votre médecin vous conseillera un lait infantile adapté aux besoins nutritionnels de votre enfant dès la naissance. Ne changez pas ce lait sans demander l'avis de votre médecin. || Lait écrémé, lactosérum partiellement déminéralisé, matières grasses végétales (palme, coprah, colza, tournesol), amidons (maïs, pomme de terre), maltodextrines, lactose, taurine, inositol, bifidobactéries, ferments lactiques, émulsifiant : lécithinede soja, antioxydant : extrait riche en tocophérols, vitamines : A, D3, E, C, B1, B2, PP, B6, ac folique, B12, biotine, pantothénate de calcium, K1, minéraux : citrates de calcium, de potassium, de sodium et de choline, chlorure de magnésium, phosphate de calcium, sulfates de fer, de zinc, de cuivre et de manganèse, bicarbonate de sodium, iodure de potassium. || Une fois ouverte, la boîte peut se conserver au maximum 4 semaines bien refermée dans un endroit sec et frais. Conditionné sous atmosphère protectrice. || 
20,26€ / Kg || 
18,23 € || 
Gallia || Gallia calisma 2eme age || La boite de 3sachets de 400g  (1,2kg) || Origine : FRANCE || Lactose (lait) - huiles vÍgÍtales (palme, col za, coprah, tournesol, mortierella alpina) - maltodextrines - lait ÍcrÍmÍ - protÍines de lactosÍrum concentrÍes (lait) - galactooligosaccharides (GOS) (lait) - fructo-oligosaccharides (FOS) - huile de poisson - chlorure de choline - taurine - Ímulsifiant : lÍcithine de soja - inositol - antioxydant : extrait riche en tocophÍrols - L-tryptophane - nuclÍotides - L-carnitine - vitamines : C, niacine, acide pantothÍnique, acide folique, A, E, biotine, B1, D3, B12, B6, B2, K1 ? minÍraux : carbonate de calcium, citrate de potassium, chlorure de calcium, sulfate de fer, phosphate de calcium, chlorure de magnÍsium, sulfates de zinc, cuivre et manganÈse, iodure de potassium, sÍlÍnite de sodium. || Valeur énergétique en Joules :  1960 || Valeur énergétique en Kcal : 467 || Glucides : 59.3 || Lipides : 20.6 || Protides :9.3 || 
15,52€ / Kg || 
18,62 € || 
Gallia Galliagest || Lait 1er âge, de 0 à 6 mois || La boîte de 900g || Origine : FRANCE || Le Laboratoire Gallia a mis au point Galliagest 1, une formule ayant une consistance épaissie qui convient à lalimentation particulière du nourrisson de la naissance à 6 mois. || Le dosage et la fréquence des biberons sont proposés à titre indicatif. Le corps médical pourra adapter le régime quotidien de votre bébé en fonction de ses besoins spécifiques. Utilisez toujours 1 mesurette de poudre dans 30 ml d'eau. Durant les 2 premières semaines de vie, se référer à l'avis médical. Préparer le biberon juste avant le repas. Pour préparer le biberon, utilisez exclusivement la mesurette contenu dans cette boîte. Une fois préparé, il est conseillé de consommer le biberon dans la demi-heure. Après la tétée, si votre bébé na pas tout bu, jetez le reste du biberon sans hésiter. Formule épaissie pouvant nécessiter lutilisation dune tétine adaptée. Le lait maternel est, pour chaque nourrisson, laliment idéal et naturel. Toutefois, si vous ne pouvez pas ou ne souhaitez pas allaiter, le corps médical vous conseillera une préparation infantile répondant aux besoins nutritionnels spécifiques de votre enfant. Ce produit convient à lalimentation de votre bébé, nen changezpas sans demander lavis de votre médecin. || Lait ÍcrÍmÍ - lactosÍrum partiellement dÍminÍralisÍ (lait) - huiles vÍgÍtales (palme, colza, coprah,t o u r n e s o l , mo r t i e r e l l a alpina) - maltodextrines -amidons - Ímulsifiant : lÍcithine de soja - huile de poisson - nuclÍotides - taurine -bifidobactÍries - inositol -citrate de choline - ferments lactiques - antioxydant :extrait riche en tocophÍrols -Vitamines : C, niacine, K, D, A,acide pantothÍnique, B6, B12,B1, B2, acide folique, biotine -MinÍraux : citrates de calcium et de potassium, chlorures de potassium et de magnÍsium,sulfates de fer, de zinc, de cuivre et de manganÈse, iodure de potassium, sÍlÍnite de sodium. || Valeur énergétique en Joules :  2055 || Valeur énergétique en Kcal : 490 || Glucides : 59.7 || Lipides : 23.1 || Protides :9.8 || Avant ouverture, entreposez dans un endroit propre et sec. Une fois ouverte, la boîte peut se conserver au maximum 4 semaines, bien refermée, dans un endroit sec et frais. Conditionné sous atmosphèreprotectrice. || 
22,64€ / Kg || 
20,38 € || 
Gallia Calisma || Lait 1er âge, jusqu'à 6 mois || La boîte de 900g || Origine : FRANCE || LactosÍrum dÍminÍralisÍ (lait) - huiles vÍgÍtales (palme,colza, coprah, tournesol,mortierella alpina) - lactose (lait) - lait ÍcrÍmÍ - galactool i g o s a c c h a r i d e s (GOS) (lait) - protÍines de lactosÍrum concentrÍes (lait) - fructooligosaccharides (GOS) - huile de poisson - chlorure de choline - Ímulsifiant : lÍcithine de soja - taurine - nuclÍotides -antioxydant: extrait riche en tocophÍrols - inositol -L-tryptophane - vitamines : C,niacine, acide pantothÍnique,acide folique, A, E, biotine,B12, B1, D3, B6, K1 - minÍraux :carbonate de calcium,chlorure de potassium, citrate de potassium, chlorure de magnÍsium, citrate de sodium,sulfates de fer, de zinc, de cuivre et de manganÈse, iodure de potassium, sÍlÍnite de sodium. || Valeur énergétique en Joules :  2025 || Valeur énergétique en Kcal : 484 || Glucides : 53.8 || Lipides : 24.7 || Protides :9.7 || 
20,34€ / Kg || 
18,31 € || 
Gallia Calisma || Lait 1er âge, jusqu'à 6 mois || Les 3 sachets de 400g || Origine : FRANCE || LactosÍrum dÍminÍral isÍ (lait) - huiles vÍgÍtales (palme, colza, coprah, tournesol, mortierella alpina) - lactose (lait) - lait ÍcrÍmÍ - galactoo l i g o s a c c h a r i d e s (GOS) (lait) - protÍines de lactosÍrum concentrÍes (lait) - fructooligosaccharides (GOS) - huile de poisson - chlorure de choline - Ímulsifiant : lÍcithine de soja - taurine - nuclÍotides - antioxydant: extrait riche en tocophÍrols - inositol - L-tryptophane - vitamines : C, niacine, acide pantothÍnique, acide folique, A,E, biotine, B12, B1, D3, B6, K1 - minÍraux : carbonate de calcium, chlorure de potassium, citrate de potassium, chlorure de magnÍsium, citrate de sodium, sulfates de fer, de zinc, de cuivre et de manganÈse, iodure de potassium, sÍlÍnite de sodium. || Valeur énergétique en Joules :  2025 || Valeur énergétique en Kcal : 484 || Glucides : 53.8 || Lipides : 24.7 || Protides :9.7 || 
18,16€ / Kg || 
21,79 € || 
Gallia Calisma Relais || Lait 1er âge Relais, jusqu'à 4 mois || La boîte de 900g || Origine : FRANCE || Le Laboratoire Gallia a mis au point le lait infantile Gallia Calisma 1er âge. Il convient à l'alimentation particulière du nourrisson de la naissance à 6 mois quand il n'est pas allaité. || Préparez le biberon juste avant le repas. Utilisez exclusivement la mesurette contenue dans cette boîte. Une fois préparé, il est recommandé de consommer le biberon dans la demi-heure. Versez la quantité d'eau froide nécessaire dans un biberon stérilisé. Utilisez la mesurette et ajoutez le nombre correspondant en vous aidant du bord araseur de la boîte pour enlever le surplus. Agitez horizontalement pendant une dizaine de secondes. Puis agitez verticalement pendant une dizaine de secondes. Contrôlez la température sur l'intérieur de votre poignet. Après la tétée, si votre bébé n'a pas tout bu, jetez le reste du biberon sans hésiter. Le lait maternel est l'aliment idéal du nourrisson. Toutefois, si vous ne pouvez ou ne souhaitez pas allaiter, votre médecin vous conseillera un lait infantile adapté aux besoins alimentaires de votre enfant dès la naissance. Ne changez pas ce lait infantile sans demander l'avis de votre médecin. || Lait écrémé, lactose, matières grasses végétales (palme, coprah, colza, tournesol), maltodextrines, sérum partiellement déminéralisé, sirop de glucose, huiles de mortierella alpina et de poisson, protéines de lait, bifidobactéries, ferments lactiques, taurine, chlorhydrate de L-cystéine, nucléotides, L-tryptophane, inositol, émulsifiants : lécithine de soja, mono-diglycérides d'acides gras, antioxydant : extrait riche en tocophérols, vitamines : A, D3, E, C, B1, B2, PP, B6, acide folique, B12, biotine, pantothénate de calcium, K1, minéraux : citrates de calcium, de potassium, de sodium et de choline, chlorure de magnésium, phosphates de calcium et de potassium, sulfates de fer, de zinc, de cuivre et de manganèse, carbonate de sodium, iodurede potassium. || Valeur énergétique en Joules :  296 || Valeur énergétique en Kcal : 70,7 || Glucides : 8,3 || Lipides : 3,5 || Protides :1,45 || Une fois ouverte, la boîte peut se conserver au maximum 4 semaines bien refermée dans un endroit sec et frais. Conditionné sous atmosphère protectrice. || 
22,00€ / Kg || 
19,80 € || 
Guigoz || Guigoz 1  des la naissance omega 3 || La boite de 820g || Origine : FRANCE || Valeur énergétique en Joules :  2179kj || Valeur énergétique en Kcal : 521kcal || Glucides : 58,5g || Lipides : 27,6 || Protides :9,6g || 
21,09€ / Pce || 
17,29 € || 
Guigoz || Guigoz formule epaissie 1 || La boite de 820g || Origine : FRANCE || Valeur énergétique en Joules :  2149kj || Valeur énergétique en Kcal : 513kcal || Glucides : 61,1g || Lipides : 25,7g || Protides :9,4g || 
23,15€ / Kg || 
18,98 € || 
Guigoz Evolia || Lait 1er âge, pour nourrissons jusqu'à 6 mois, en relais de l'allaitement maternelle || La boîte de 800g || Origine : FRANCE || Valeur énergétique en Joules :  2140kj || Valeur énergétique en Kcal : 511kcal || Glucides : 57,8g || Lipides : 26,0g || Protides :11,5g || 
22,85€ / Kg || 
18,28 € || 
Guigoz || Lait de suite en poudre, 6 mois à 1 an || Le pot de 800g || Origine : FRANCE || Guigoz 'bAa' 2 est une formule légèrement acidifiée par des ferments lactiques, ce qui entraîne une augmentation de la fréquence et un ramollissement des selles du nourrisson. || Dosage à respecter impérativement : 1 mesurette arasée (4,5 g) dans 30 ml d'eau. Utilisez exclusivement la mesurette contenue dans la boîte. Préparer un seul biberon à la fois et donnez-le immédiatement à votre bébé. Afin d'éviter la formation de grumeaux, reconstituez le biberon avec de l'eau tiède (<40°C) et préférez un biberon à large diamètre et une tétine à débit variable convenant à une formule épaissie. Utilisez exclusivement la mesurette contenue dans la boîte. Lavez-vous soigneusement les mains. Stérilisez le biberon, tétine et la bague. Chauffez l'eau au bain-marie ou au chauffe biberon le volume d'eau exact. Ajouter le nombre exact de mesurette correspondant au volume d'eau. Arasez chaque mesurette sur le rebord. Après utilisation déposez la mesurette sur son support dans la boîte. Fermez le biberon avec la bague et la tétine stérilisées. Secouez énergiquement de haut en bas lors de la reconstitution jusqu'à dissolution complète de la poudre. Contrôlez la température sur ledos de la main. Veillez à toujours bien tenir votre bébé pendant qu'il prend son biberon pour éviter le risque d'étouffement. Le lait reconstitué est un milieu fragile qui peut facilement s'altérer : utilisez une eau minérale ou une eau de source convenant aux nourrissons. Nous vous déconseillons l'emploi du four à micro-ondes en raison du risque de brûlures. Jetez sans hésiter le reste d'un biberon non terminé. La préparation du biberon doit s'effectuer juste avant le repas. Le lait maternel es || Huiles végétales, lait écrémé, maltodextrines, protéines solubles de lait, lactose, amidons, citrates de calcium et de sodium, phosphate de calcium, émulsifiant : lécithine de soja, chlorure de potassium, vitamines : C, E, Niacine, Pantothénate de Calcium, B1, A, B6, B2, B9, K1, Biotine, D, culture de Lactobacillus reuteri DSM 17938*  (0,1%), carbonate de  magnésium, taurine, sulfates de zinc, de fer, de cuivre, inositol, L-carnitine, iodure de potassium, sélénate de sodium, acidifiant : ferments lactiques (S. Thermophilus). * sous licence Biogaia AB. || Valeur énergétique en Joules :  2069kj || Valeur énergétique en Kcal : 494kcal || Glucides : 57,4g || Lipides : 23,7g || Protides :11,2g || Conservez la boite bien fermée à laide de son couvercle en plastique dans un endroit sec et frais, pas plus de 3 semaines après ouverture. Conditionné sous atmosphère protectrice. || 
18,34€ / Kg || 
14,67 € || 
Guigoz BAa 1 || Lait pour nourrissons en poudre, de 0 à 6 mois || Le pot de 800g || Origine : FRANCE || Nouveau Décor, Formule inchangée                                          Pourquoi GUIGOZ 1  Formule bAa ?                                          Dans les premiers mois de sa vie, l'alimentation de votre bébé est exclusivement lactée.Les Laboratoires GUIGOZ® ont mis au point GUIGOZ 1 Formule bAa, une formule qui convient à l'alimentation particulière du nourrisson, dès la naissance quand il n'est pas allaité*. Parlez en à votre médecin.                *Conformément à la réglementation || Précautions d'emploi:                                                         Afin d'éviter la formation de grumeaux, reconstituez le biberon avec de l'eau tiède (<40°C), préférez un biberon à large diamètre et une tétine à débit variable convenant àune formule épaissie.                                           Pour tiédir l'eau, nous vous déconseillons l'emploi du four à micro-ondes en raison du risque de brûlures: faites tiédir le biberon au bain-marie dans une casserole ou dans un chauffe-biberon.                                             Contrôlez la température sur la face interne de votre avant-bras               Veillez à toujours bien tenir votre bébé pendant qu'il prend son biberon, pour éviter tout risque d'étouffement.La formule légèrement acidifiée de Guigoz BAa1  peut entraîner une augmentation de la fréquence et un ramolissment des selles. Parlez-en à votre médecin. || Huiles végétales (oléine de palme, colza, coprah, tournesol), protéines solubles de lait, lactose, lait écrémé, amidons, maltodextrine, citrates de calcium et de potassium; émulsifiant: lécithine de soja; chlorures de magnésium, de sodium, de calcium; vitamines : C, niacine, pantothénate de calcium, E, A, B1, B6, B2, B9, K1, biotine, D; L-phénylalanine,  taurine,  sulfates ferreux, de zinc, de cuivre, de manganèse; L-histidine, inositol, culture de Lactobacillus reuteri DSM 17938*, L-carnitine,iodure de potassium, sélénate de sodium, acidifiant:  ferments lactiques (S. Thermophilus).                                         * sous licence Biogaia AB || Valeur énergétique en Joules :  2182kj || Valeur énergétique en Kcal : 521kcal || Glucides : 56,6g || Lipides : 27,7g || Protides :10,4g || Conservez la boite bien fermée à laide de son couvercle en plastique dans un endroit sec et frais, pas plus de 3 semaines après ouverture. || 
21,93€ / Kg || 
17,54 € || 
Milumel || Lait 1er âge en poudre jusqu'à 6 mois, sans huile de palme || La boîte de 900g || Origine : FRANCE || Milumel 1er âge accompagne Bébé dans sa croissance. Grâce à son savoir-faire, Milumel a développé une formule qui respecte rigoureusement la réglémentation et répond aux besoins nutritionnels des bébés. De la naissance à 6 mois, Milumel apporte les éléments indispensables à la croissance de Bébé : fer, vitamines et acides gras essentiels.                              Caractéristiques de la formule Milumel 1er âge : Sans huile de palme, grâce à l'ajout de lipides laitiers.Aux nutriments essentiels, avec du fer, des vitamines et des acides gras essentiels (1).                                                            Produits en France, les laits infantiles en poudre Milumel sont fabriqués dans notreusine de Craon en Mayenne (53).                                                                                                          (1) Conformément à la réglementation. || Une fois reconstitué le lait devient un milieu fragile, il est donc important de ne pas conserver ni réutiliser le lait restant d'un biberon non terminé.    Le jeter sans hésiter. N'utiliser que la mesurette contenue dans cette boîte.  Ne jamais remettre une mesurette humide dans la poudre. || Lactose, maltodextrine, crème, huiles végétales (colza, tournesol, tournesol oléique), lait écrémé, protéines solubles de lait, minéraux (citrate tripotassique, phosphate tricalcique, carbonate de calcium, phosphate de magnésium, citrate trisodique,hydroxyde de potassium, chlorure de potassium, sulfate de zinc,sulfate ferreux, sélénite de sodium, iodure de potassium, sulfate de manganèse), émulsifiant (lécithine de soja), vitamines (C, PP, B5, A, K, B2, B6, B1, E, D, B9, H, B12), chlorure de choline, taurine, antioxygènes (palmitate d'ascorbyle, tocophérols), inositol, L-carnitine, ferments lactiques (Lactobacillus fermentum CECT 5716). || Valeur énergétique en Kcal : 66kcal || Glucides : 8,1g || Lipides : 3,1g || Protides :1,3g || Après chaque utilisation, bien refermer la boîte avec le couvercle. Conserver au frais et au sec. Utiliser le contenu dans les 4 semaines après ouverture. || 
19,11€ / Kg || 
17,20 € || 
Modilac || Lait 1er âge, jusqu'à 6 mois || La boîte de 900g || Origine : FRANCE || Modilac 1 a été spécialement élaboré pour répondre aux besoins nutritionnels des nourrissons dès la naissance ou en relais de l'allaitement maternel.Sa formule contient des Oméga 3 et 6, lipides présents dans le lait maternel. || 1 mesurette = 30ml d'eau. Préparez le biberon immédiatement avant emploi. Une fois préparé, il est recommandé de le consommer dans l'heure. Versez dans le biberon la quantité d'eau nécessaire. Pour une meilleure reconstitution, l'eau doit être tiède(environ 40-45°C) avant ajout de la poudre. Remplissez de poudre la mesurette présente dans la boite, puis arasez la sur le rebord de la boite prévu à cet effet. Ajoutez le nombre correspondant de mesurettes rases de poudre dans l'eau en respectant bien la proportion. Bouchez le biberon et, pour faciliter la dissolution, roulez le entre vos mains puis agitez le vigoureusement. Avant de donner le biberon, contrôlez la température du lait en versant quelques gouttes sur votre poignet. Jetez le reste d'un biberon non terminé, ne le réutilisez pas. Le lait maternel est l'aliment idéal du nourrisson. Modilac 1 peut le compléter ou le remplacer si vous n'allaitez pas. Modilac 1 répond aux besoins du nourrisson jusqu'à 6 mois. Suivez les conseilsde votre médecin pour l'utilisation d'un lait infantile et pour l'alimentation de votre bébé. || Lait écrémé, huiles végétales (palme, tournesol oléique, soja, coprah) dont acides gras polyinsaturés à longue chaîne (ARA, DHA), lactose, maltodextrine, protéines solubles déminéralisées, protéines solubles, émulsifiants (lécithine de soja, monoglycérides d'acides gras), citrate de sodium, carbonate de calcium, bicarbonate de potassium, chlorure de potassium, L-arginine, chlorure de calcium, vitamine C, hydroxyde de calcium, chlorure de magnésium, taurine, L-histidine, inositol, chlorure de choline, sulfate de fer, L-carnitine, antioxygènes (extrait riche en tocophérols, palmitate de L-ascorbyle), sulfate de zinc, cytidine-5' monophosphate, vitamine E, niacine, uridine-5' monophosphate de sodium, adénosine-5' monophosphate, pantothénate decalcium, inosine-5' monophosphate de sodium, guanosine-5' monophosphate de sodium, thiamine, vitamine A, sulfate de cuivre, riboflavine, vitamine B6, sulfate de manganèse, acide folique, iodure de potassium, vitamine K, bêta-carotène, biotine, sélénite de sodium, vitamine D, vitamine B12. || Valeur énergétique en Joules :  2132kj || Valeur énergétique en Kcal : 510,0kc || Glucides : 58g || Lipides : 26g || Protides :9,5g || Avant ouverture, conservez la boite à l'abri d'une source de chaleur. Après ouverture, fermez la boite et conservez la dans un endroit frais et sec. Utilisez la poudre dans un délai de 4 semaines. Conditionné sous atmosphère protectrice. || 
22,88€ / Kg || 
20,59 € || 
Nestlé Nidal || Lait 1er âge, jusqu'à 6 mois, formule epaissie || La boîte de 800g || Origine : FRANCE || Valeur énergétique en Joules :  2149kj || Valeur énergétique en Kcal : 513kcal || Glucides : 61,0g || Lipides : 25,7g || Protides :9,5g || 
21,60€ / Kg || 
17,28 € || 
Nestlé Nidal || Lait 1er âge, jusqu'à 6 mois, oméga 3 || La boîte de 800g || Origine : FRANCE || Valeur énergétique en Joules :  2171kj || Valeur énergétique en Kcal : 519kcal || Glucides : 57,8g || Lipides : 27,7g || Protides :9,6g || 
21,11€ / Kg || 
16,89 € || 
Nestlé Nidal || Lait 1er âge en relais de l'allaitement maternel, jusqu'à 6 mois || La boîte de 800g || Origine : FRANCE || Valeur énergétique en Joules :  2171kj || Valeur énergétique en Kcal : 519kcal || Glucides : 57,8g || Lipides : 27,7g || Protides :9,6g || 
23,13€ / Kg || 
18,50 € || 
Babybio || Lait 2ème âge, dès 5 mois, certifié AB || La boîte de 900g || Origine : FRANCE || Une composition nutritionnelle avancée : à partir du 5ème mois, le lait reste l'aliment liquide essentielle du nourrisson. Babybio 2ème âge permet, en complément d'une alimentation diversifiée de couvrir, les besoins nutritionnels les plus exigeantsde cette tranche d'âge. Le lait de vache n'est pas adapté aux besoins spécifiques de l'enfant en bas âge, il est donc conseillé de poursuivre Babybio 2ème âge jusqu'à 3 ans. Il apporte du fer, du calcium, un apport équilibré en acides gras essentiels, des protéines en quantité étudiée. || Maltodextrines*, lait écrémé*, lactosérum déminéralisé*, huiles végétales de 1ère pression à froid* (olive*, colza*, tournesol*), huile de palme*, phosphate tricalcique, carbonate de calcium, phosphate dipotassique, chlorure de magnésium, citrate desodium, chlorure de potassium, vitamine C, lactate de fer, oxyde de magnésium, hydroxyde de potassium, sulfate de zinc, vitamine E, sulfate de cuivre, vitamine A, iodure de potassium, vitamine D. *ingrédients d'origine agricole issus de l'agriculturebiologique. || Valeur énergétique en Joules :  2033Kj || Valeur énergétique en Kcal : 8498Kcal || Glucides : 58,26g || Lipides : 22,74g || Protides :12g || Veillez à bien refermer la boîte et à la conserver au sec jusqu'à 4 semaines maximum après ouverture. || 
20,66€ / Kg || 
18,59 € || 
Babybio || Lait 2ème âge, dès 5 mois, certifié AB || La boîte de 900g || Origine : FRANCE || Une composition nutritionnelle avancée : à partir du 5ème mois, le lait reste l'aliment liquide essentielle du nourrisson. Babybio 2ème âge permet, en complément d'une alimentation diversifiée de couvrir, les besoins nutritionnels les plus exigeantsde cette tranche d'âge. Le lait de vache n'est pas adapté aux besoins spécifiques de l'enfant en bas âge, il est donc conseillé de poursuivre Babybio 2ème âge jusqu'à 3 ans. Il apporte du fer, du calcium, un apport équilibré en acides gras essentiels, des protéines en quantité étudiée. || Maltodextrines*, lait écrémé*, lactosérum déminéralisé*, huiles végétales de 1ère pression à froid* (olive*, colza*, tournesol*), huile de palme*, phosphate tricalcique, carbonate de calcium, phosphate dipotassique, chlorure de magnésium, citrate desodium, chlorure de potassium, vitamine C, lactate de fer, oxyde de magnésium, hydroxyde de potassium, sulfate de zinc, vitamine E, sulfate de cuivre, vitamine A, iodure de potassium, vitamine D. *ingrédients d'origine agricole issus de l'agriculturebiologique. || Valeur énergétique en Joules :  2033Kj || Valeur énergétique en Kcal : 8498Kcal || Glucides : 58,26g || Lipides : 22,74g || Protides :12g || Veillez à bien refermer la boîte et à la conserver au sec jusqu'à 4 semaines maximum après ouverture. || 
20,66€ / Kg || 
18,59 € || 
Blédina || Bledilait 1er age des la naissance jusqu'à 6 mois || La boite de 900g || Origine : FRANCE || Mis au point par Blédina Blédilait 1 convient à l'alimentation particulière des nourrissons dès la naissance et jusqu'à 6 mois, conformément à la réglementation. || Le dosage et la fréquence des biberons sont proposés à titre indicatif. Le corps médical pourra adapter le régime quotidien de votre bébé en fonction de ses besoins spécifiques. Lavez-vous toujours les mains ainsi que votre plan de travail avant de préparer le biberon. Bien respecter les instructions suivantes afin d'éviter des risques pour la santé de votre bébé. Préparer le biberon juste avant le repas. Utilisez exclusivement la mesurette contenue dans cette boite. Une fois préparé, il est recommandé de consommer le biberon dans la demi-heure. Après la tétée, si votre bébé n'a pas tout bu, jetez le reste du biberon sans hésiter. Blédilait 1, par sa formulation peut entraîner une modification de la fréquence et de l'aspect des selles, sansqu'il faille s'en inquiéter. Pour tout nouveau changement de préparation infantile, nous vous recommandons d'effecteur une transition progressive en introduisant chaque jour un biberon de la nouvelle formule. Le lait maternel reste l'aliment idéal du nourrisson. Toutefois, si vous ne pouvez pas ou ne souhaitez pas allaiter, votre médecin vous conseillera un lait pour nourrissons répondant aux besoins nutritionnels spécifiques de votre enfant. Ce lait pour nourrisson convient à l'alimentation devotre enfant dès la naissance s'il n'est pas allaité. N'en changez pas sans demander l'avis de votre médecin. || LactosÍrum dÍminÍralisÍ - huiles vÍgÍtales (palme, colza, coprah, tournesol, mortierella alpina) - lactose - lait ÍcrÍmÍ - galacto-oligosaccharides - protÍines de lactosÍrum concentrÍes - fructo-oligosaccharides - carbonate de calcium - huile de poisson - chlorure de potassium - citrate de potassium - vitamine C - chlorures de magnÍsium et de choline - Ímulsifiant : lÍcithine de soja - taurine - citrate de sodium - nuclÍotides - sulfate de fer - antioxydant : extrait riche en tocophÍrols - sulfate de zinc - inositol - niacine - L-tryptophane - acide pantothÍnique - acide folique - sulfate de cuivre - vitamines : A, E, biotine, B12, B1, D3, B6 - sulfate de manganÈse - iodure de potassium - sÍlÍnite de sodium -vitamine K1. || Valeur énergétique en Joules :  2025 || Valeur énergétique en Kcal : 483 || Glucides : 54 || Lipides : 24.5 || Protides :9.7 || Une fois ouverte, la boite peut se conserver au maximum 4 semaines, bien refermée dans un endroit sec et frais. Conditionné sous atmosphère protectrice. || 
19,30€ / Kg || 
17,37 € || 
Blédina || Bledilait 2eme age  des 6 mois jusqu'à 1 an || La boite de 900g || Origine : FRANCE || Blédilait 2 a été formulé pour répondre aux besoins nutritionnels des bébés de 6 mois à 1 an dans le cadre d'une alimentation diversifiée, conformément à la réglementation. || Le dosage et la fréquence des biberons sont proposés à titre indicatif. Le corps médical pourra adapter le régime quotidien de votre bébé en fonction de ses besoins spécifiques. Lavez-vous toujours les mains ainsi que votre plan de travail avant de préparer le biberon. Bien respecter les instructions suivantes afin d'éviter des risques pour la santé de votre bébé. Préparer le biberon juste avant le repas. Utilisez exclusivement la mesurette contenue dans cette boite. Une fois préparé, il est recommandé de consommer le biberon dans la demi-heure. Après la tétée, si votre bébé n'a pas tout bu, jetez le reste du biberon sans hésiter. Blédilait 2, par sa formulation peut entraîner une modification de la fréquence et de l'aspect des selles, sansqu'il faille s'en inquiéter. Pour tout nouveau changement de préparation infantile, nous vous recommandons d'effecteur une transition progressive en introduisant chaque jour un biberon de la nouvelle formule. Le lait maternel, aliment exclusif des premières semaines de vie, reste l'aliment de base du jeune enfant lorsque son régime de diversifie. Les impératifs nutritionnels de la croissance du nourrisson font conseiller dès 6 mois et jusqu'à l'âge d'un an l'utilisation d'un lait de suite spécialement étudié pour cette période de la vie. Le lait de suite, qui n'est qu'un élément d'une alimentation diversifiée, ne peut être utilisé comme substitut de lait maternel pendant les 6 premiers mois de la vie. La décision d'introduire des aliments || Lactose - lait ÍcrÍmÍ - huiles vÍgÍtales (palme, colza, coprah, tournesol) - galacto-oligosaccharides - fructooligosaccharides - carbonate de calcium - chlorure de potassium - vitamine C - chlorure de choline - taurine - Ímulsifiant : lÍcithine de soja - nuclÍotides - sulfate de fer - L-tryptophane - inositol - antioxydant : extrait riche en tocophÍrols - L-isoleucine - sulfate de zinc - L-cystÍine - niacine - L-carnitine - acide pantothÍnique - acide folique - sulfate de cuivre - vitamines : A,E, biotine, B1, D3, B12, B6 - sulfate de manganÈse - iodure de potassium - vitamine K1 - sÍlÍnite de sodium. || Valeur énergétique en Joules :  1950 || Valeur énergétique en Kcal : 465 || Glucides : 59 || Lipides : 20.5 || Protides :9.3 || Une fois ouverte, la boite peut se conserver au maximum 4 semaines, bien refermée dans un endroit sec et frais. Conditionné sous atmosphère protectrice. || 
15,42€ / Kg || 
13,88 € || 
Blédina || Blédilait confort Premium 6mois à 1an || La boite de 900g || Origine : FRANCE || Blédilait Premium 2 a été conçu pour contribuer au confort digestif de votre enfant, grâce à sa formule contenant de la lactase et à sa consistance épaissie avec de l'amidon. || Utilisez toujours 1 mesurette de poudre dans 30ml d'eau. Lavez vous toujours les mains ainsi que votre plan de travail avant de préparer les biberons. Versez la quantité d'eau froide nécessaire dans un biberon stérilisé. Utilisez la mesurette placéeà l'intérieur de la boîte. Ajoutez le nombre correspondant de mesurettes en vous aidant du bord araseur de la boite pour enlever le surplus. Visser la bague en plastique, agitez horizontalement pendant une dizaine de secondes. Puis agitez verticalement. Contrôlez la température de la préparation à l'intérieur de votre poignet. Après avoir donné le biberon, nettoyez le à l'eau savonneuse ainsi que les accessoires. Rincez le tout abondamment à l'eau claire puis stérilisez l'ensemble. Préparez le biberon juste avant le repas. Une fois préparé, il est recommandé de consommer le biberon dans la demi-heure. Après la tétée si votre bébé n'a pas tout bu, jetez le reste du biberon sans hésiter. Le lait maternel, aliment exclusif des premières semaines de vie, reste l'aliment de base du jeune enfant lorsque son régime se diversifie. Les impératifs nutritionnels de la croissance du nourrisson font conseiller dès 6 mois et jusqu'à l'âge d'un an l'utilisation d'un lait de suite spécialement étudiépour cette période de la vie. Le lait de suite, qui n'est qu'un élément d'une alimentation diversifiée, ne peut être utilisé comme substitut de lait maternel pendant les 6 premiers mois de la vie. La décision d'introduire des aliments complémentaires || Lait écrémé, maltodextrines, matières grasses végétales (palme, coprah, colza, tournesol), lactose, lactosérum partiellement déminéralisé, amidons (maïs, pomme de terre), taurine, inositol, bifidobactéries, ferments lactiques, émulsifiant : lécithines de soja, antioxydant : extrait riche en tocophérols, vitamines : A, D3, E, C, B1, B2, PP, B6, acide folique, B12, biotine, pantothénate de calcium, K1, minéraux : citrates de calcium, de magnésium, de potassium, de sodium et de choline, chlorures de magnésium et de potassium, phosphate de calcium, sulfates de fer, de zinc, de cuivre et de manganèse, bicarbonates de sodium et de potassium, iodure de potassium. || Valeur énergétique en Joules :  1969kj || Valeur énergétique en Kcal : 469kcal || Glucides : 63,8 || Lipides : 18,8 || Protides :11,1g || Une fois ouverte, la boite peut se conserver au maximum 4 semaines bien refermée dans un endroit sec et frais. Conditionné sous atmosphère protectrice. || 
17,27€ / Kg || 
15,54 € || 
Blédina Blédilait || Lait 2e âge || La bouteille de 500ml || Origine : FRANCE || Blédilait est le seul lait 2ème âge au vitafer : une association exclusive de fer et de vitamine C dans une microcapsule, pour une meilleure absorption de fer. Pratique prêt à l'emploi. || Agitez bien la bouteille avant ouverture, versez le lait infantile dans le biberon stérilisé, selon les volumes indiqués : 6-9 mois = 230ml (3 biberons par 24h), 9-12 mois : 250ml (2 biberons par 24h). Donnez à température ambiante ou faites tiédir si le lait infantile a été conservé au réfrigérateur. Une fois préparé, il est recommandé de consommer le biberon dans la demi-heure. Après le repas, jetez sans hésiter le reste d'un biberon non terminé. Blédilait 2ème âge formule liquide est prêt à l'emploi : ne pas ajouter d'eau, ne pas faire bouillir, peut être réchauffer au micro-ondes dans un récipient adapté. Le lait maternel reste l'aliment de base même lorsque le régime alimentaire se diversifie. Les impératifs nutritionnels de la croissance du nourrisson font conseiller jusqu'à l'âge de 1 an l'utilisation de lait 2ème âge, spécialement étudié pour cette période de la vie. Le lait de suite ne peut pas être utilisé comme un substitut du lait maternel pendant les 6 premiers mois de lavie. La décision d'introduire des aliments complémentaires, en particulier avant l'âge de 6 mois, ne devrait être prise que sur avis d'un professionnel de la santé. || Lait écrémé, matières grasses végétales (palme, colza, coprah, tournesol), maltodextrines, lactosérum partiellement déminéralisé, lactose, phospholipides de soja, émulsifiants : lécithine de soja, monodiglycérides de colza, antioxydant : extrait riche en tocophérols, vitamines A, D3, E, C, B1, B2, PP, B6, acide folique, B12, biotine, pantothénate de calcium, K1, minéraux : citrates de calcium, de magnésium et de sodium, phosphate de calcium, sulfates de fer, de zinc, de cuivre et de manganèse, bicarbonate de sodium, iodure de potassium. || Avant ouverture, conserver à température ambiante. Après ouverture, conserver au réfrigérateur et consommer dans les 48 heures. Conditionné sous atmosphère protectrice. || 
3,36€ / L || 
1,68 € || 
Blédina Blédilait || Lait 2ème âge, de 6 à 12 mois, en relais de l'allaitement maternel || La boîte de 900g || Origine : FRANCE || Blédilait Relais 2ème âge garantit ainsi à votre bébé une croissance harmonieuse et sans carences jusqu'à 1 an. || Préparez le biberon juste avant le repas. Utilisez exclusivement la mesurette contenue dans cette boîte. Une fois préparé, il est recommandé de consommer le biberon dans la demi-heure. Versez la quantité d'eau froide nécessaire dans un biberon stérilisé. Utilisez la mesurette et ajoutez le nombre correspondant en vous aidant du bord araseur de la boîte pour enlever le surplus. Agitez horizontalement pendant une dizaine de secondes. Puis agitez verticalement pendant une dizaine de secondes. Contrôlez la température sur l'intérieur de votre poignet. Après la tétée, si votre bébé n'a pas tout bu, jetez le reste du biberon sans hésiter. || Lait écrémé, maltodextrines, matières grasses végétales (palme, coprah, colza, tournesol), lactose, lactosérum partiellement déminéralisé, protéines de sérum hydrolysées, taurine, inositol, ferments lactiques, bifidobactéries, émulsifiant : lécithinede soja, antioxydant : extrait riche en tocophérols, vitamines : A, D3, E, C, B1, B2, PP, B6, acide folique, B12, biotine, pantothénate de calcium, K1, minéraux : citrates de calcium, magnésium, potassium, sodium et choline, chlorures de magnésium et potassium, phosphate de calcium, sulfates de fer, zinc, cuivre et manganèse, diphosphate ferrique, bicarbonates de sodium et potassium, iodure de potassium. || Valeur énergétique en Joules :  2043 || Valeur énergétique en Kcal : 487 || Glucides : 63g || Lipides : 22g || Protides :10,3g || Une fois ouverte, la boîte peut se conserver au maximum 4 semaines bien refermée dans un endroit sec et frais. Conditionné sous atmosphère protectrice. || 
18,11€ / Kg || 
16,30 € || 
Gallia Calisma || Lait 2ème âge, de 5 à 12 mois || La boîte de 900g || Origine : FRANCE || Le laboratoire Gallia a mis au point Gallia Calisma 2ème âge. Parce que ses bienfaits s'inspirent de ceux du lait maternel, ce lait a été conçu pour prendre le relais de l'allaitement maternel.Elaboré à partir de deux ferments lactiques rigoureusement sélectionnés par la recherche Gallia, le lait Gallia Calisma 2ème âge a été formulé pour répondre aux besoins nutritionnels des bébés de 6 mois à 1 an. || Préparez le biberon juste avant le repas. Utilisez exclusivement la mesurette contenue dans cette boîte. Une fois préparé, il est recommandé de consommer le biberon dans la demi-heure. Versez la quantité d'eau froide nécessaire dans un biberon stérilisé. Utilisez la mesurette et ajoutez le nombre correspondant en vous aidant du bord araseur de la boîte pour enlever le surplus. Agitez horizontalement pendant une dizaine de secondes. Puis agitez verticalement pendant une dizaine de secondes. Contrôlez la température sur l'intérieur de votre poignet. Après la tétée, si votre bébé n'a pas tout bu, jetez le reste du biberon sans hésiter. || Lait écrémé, lactose, matières grasses végétales (palme, coprah, colza, tournesol), maltodextrines, sérum partiellement déminéralisé, protéines de lait, bifidobactéries, ferments lactiques, nucléotides, émulsifiants : lécithine de soja, antioxydant :extrait riche en tocophérols, vitamines : A, D3, E, C, B1, B2, PP, B6, acide folique, B12, biotine, pantothénate de calcium, K1, minéraux : citrates de calcium, de potassium, de sodium, chlorure de magnésium, phosphates de calcium et de potassium, sulfates de fer, de zinc, de cuivre et de manganèse, carbonate de sodium, iodure de potassium. || Valeur énergétique en Joules :  303 || Valeur énergétique en Kcal : 72,4 || Glucides : 9,1 || Lipides : 3,2 || Protides :1,86 || Une fois ouverte, la boîte peut se conserver au maximum 4 semaines bien refermée dans un endroit sec et frais. Conditionné sous atmosphère protectrice. || 
18,39€ / Kg || 
16,55 € || 
Gallia Galliagest || Lait 2ème âge, de 6 à 12 mois || La boite de 900g || Origine : FRANCE || Le Laboratoire Gallia a mis au point Galliagest 2 pour aider au confort digestif chez le nourrisson. Grâce à sa consistance épaissie, tout en répondant aux besoins nutritionnels spécifiques du nourrisson de 6 à 12 mois, dans le cadre dune alimentation diversifiée, conformément à la réglementation. || Le dosage et la fréquence des biberons sont proposés à titre indicatif. Le corps médical pourra adapter le régime quotidien de votre bébé en fonction de ses besoins spécifiques. Utilisez toujours 1 mesurette de poudre dans 30 ml d'eau. Préparer le biberon juste avant le repas. Pour préparer le biberon, utilisez exclusivement la mesurette contenu dans cette boîte. Une fois préparé, il est conseillé de consommer le biberon dans la demi-heure. Après la tétée, si votre bébé na pas tout bu, jetez lereste du biberon sans hésiter. Formule épaissie pouvant nécessiter lutilisation dune tétine adaptée. Le lait maternel est, pour chaque nourrisson, laliment idéal et naturel. Toutefois, si vous ne pouvez pas ou ne souhaitez pas allaiter, le corpsmédical vous conseillera une préparation infantile répondant aux besoins nutritionnels spécifiques de votre enfant. Ce produit convient à lalimentation de votre bébé, nen changez pas sans demander lavis de votre médecin. La préparation de suite est un élément de lalimentation diversifiée des nourrissons à partir de 6 mois et ne peut pas être utilisée comme substitut du lait maternel pendant les 6 premiers mois de la vie. La décision dintroduire des aliments complémentaires doit être prise sur lavis des professionnels de santé. || Lait ÍcrÍmÍ - huiles vÍgÍtales (palme, colza, coprah,tournesol) - lactosÍrum partiellement dÍminÍralisÍ (lait) - maltodextrines -amidons - lactose (lait) -Ímulsifiant : lÍcithine de soja - nuclÍotides - taurine -bifidobactÍries - inositol -citrate decholine - ferments lactiques - antioxydant :extrait riche en tocophÍrols -Vitamines : C, niacine, K, D, A,acide pantothÍnique, B6, B12,B1, B2, acide folique, biotine -MinÍraux : citrates de calcium et de potassium, chlorure de magnÍsium, sulfates defer, de zinc et de cuivre,iodure de potassium, sulfate de manganÈse, sÍlÍnite de sodium. || Valeur énergétique en Joules :  2010 || Valeur énergétique en Kcal : 479 || Glucides : 59.8 || Lipides : 21.8 || Protides :10.5 || Avant ouverture, entreposez dans un endroit propre et sec. Une fois ouverte, la boîte peut se conserver au maximum 4 semaines, bien refermée, dans un endroit sec et frais. Conditionné sous atmosphèreprotectrice. || 
19,92€ / Kg || 
17,93 € || 
Gallia Calisma || Lait 2ème âge, de 6 à 12 mois || La boîte de 900g || Origine : FRANCE || Lactose (lait) - huiles vÍgÍtales (palme, col za, coprah,tournesol, mortierella alpina) -maltodextrines - lait ÍcrÍmÍ -protÍines de lactosÍrum concentrÍes (lait) - galactooligosaccharides (GOS) (lait) -fructo-oligosaccharides (FOS) -huile de poisson- chlorure de choline - taurine - Ímulsifiant :lÍcithine de soja - inositol -antioxydant : extrait riche en tocophÍrols - L-tryptophane -nuclÍotides - L-carnitine -vitamines : C, niacine, acide pantothÍnique, acide folique, A,E, biotine, B1, D3, B12,B6, B2,K1 ? minÍraux : carbonate de calcium, citrate de potassium,chlorure de calcium, sulfate de fer,phosphate de calcium, chlorure de magnÍsium, sulfates de zinc,cuivre et manganÈse, iodure de potassium, sÍlÍnite de sodium. || Valeur énergétique en Joules :  1960 || Valeur énergétique en Kcal : 467 || Glucides : 59.3 || Lipides : 20.6 || Protides :9.3 || 
17,17€ / Kg || 
15,45 € || 
Guigoz || Guigoz 2 dès 6 mois omega 3 || La boite de 820g || Origine : FRANCE || Au moment de la diversification alimentaire, le lait de suite reste l'élément indispensable de l'alimentation de bébé dès 6 mois jusqu'à 1 an. Guigoz 2 répond aux besoins nutritionnels de votre bébé dès 6 mois jusqu'à 1 an dans le cadre d'une alimentation diversifiée avec notamment : de l'acide alpha-linolénique (AAL), un acide gras essentiel de la famille des Oméga 3 qui contribue au développement du tissu cérébral et nerveux. Du fer nécessaire au système immunitaire. Du calcium et de la vitamine D qui contribuent au développement des os. Hygiénique & pratique. Un support pour poser la mesurette ! || Dosages à respecter impérativement : une mesurette arasée (4,5 g) dans 30 ml d'eau. Une quantité inappropriée de poudre peut conduire à la déshydratation ou priver votre enfant d'une nutrition adéquate. La fréquence des biberons et les quantités à préparer sont des indications moyennes. La fréquence des biberons et les quantités à préparer sont des indications moyennes. Le volume et le nombre de biberons sont à ajuster par les professionnels de santé aux besoins de chaque enfant. A partir de 6 mois, l'alimentation de votre bébé se diversifie (céréales, fruits, légumes). Consultez votre médecin pour tout information supplémentaire. Pour tiédir l'eau, nous vous déconseillons l'emploi du four à micro-ondes en raison du risque de brûlures : faites tiédir le biberon au bain-marie dans casserole ou dans un chauffe-biberon. Contrôlez la température sur la face interne de votre avant-bras. Veillez à toujours bien tenir votre bébé pendant qu'il prend son biberon, pour éviter tout risque d'étouffement. Dès que votre bébé est assez grand, proposez lui la tasse au lieu du biberon. Le lait maternel est, pour chaque nourrisson, l'aliment idéal et naturel. Toutefois, si vous ne pouvez pas ou ne souhaitez pas allaiter, le Corps Médical vous conseillera un lait infantile pour votre enfant. N'en changez pas sans demander l'avis de votre médecin. Le lait de suite est un élément de l'alimentation diversifiée des nourrissons à partir de 6 mois et ne peut être utilisé comme substitut du lait mater || Lait écrémé, protéines solubles de lait, maltodextrine, huiles végétales (oléine de palme, colza, coprah, tournesol), lactose, citrates de calcium, de potassium et de sodium, phosphate de calcium, émulsifiant : lécithine de soja, chlorures de magnésium, de sodium, vitamines C, E, pantothénate de calcium, niacine, B1, A, B6, B2, D, K, B9, biotine, B12, sulfates ferreux, de zinc, de cuivre, antioxydant : palmitate de L-ascorbyle, culture de lactobacillus reuteri DSM 17938*, sélénate de sodium, iodure de potassium. *sous licence Biogaia AB. || Valeur énergétique en Joules :  2089kj || Valeur énergétique en Kcal : 498kcal || Glucides : 61,9g || Lipides : 23,6g || Protides :9,6g || Conservez la boîte bien fermée à l'aide de son couvercle en plastique dans un endroit sec et frais, pas plus de 3 semaines après son ouverture. Conditionné sous atmosphère protectrice. || 
17,27€ / Kg || 
14,16 € || 
Guigoz || Guigoz formule epaissie 2 || La boite de 820g || Origine : FRANCE || Valeur énergétique en Joules :  2087kj || Valeur énergétique en Kcal : 498kcal || Glucides : 61,9g || Lipides : 23,5g || Protides :9,7g || 
19,15€ / Kg || 
15,70 € || 
Guigoz Evolia || Lait 2ème âge, en relais de l'allaitement maternel, de 6 mois à 1 an || La boîte de 800g || Origine : FRANCE || Valeur énergétique en Joules :  2041kj || Valeur énergétique en Kcal : 487kcal || Glucides : 58,2g || Lipides : 22,4g || Protides :13,1g || 
18,93€ / Kg || 
15,14 € || 
Milumel || Lait 2ème âge, de 6 mois à 12 mois, sans huile de palme || La boîte de 900g || Origine : FRANCE || De 6 mois à 1 an, Milumel 2ème âge accompagne Bébé dans sa croissance.    Grâce à son savoir-faire, Milumel a développé une formule qui respecte rigoureusement la réglementation et répond aux besoins nutritionnels des bébés.Dès 6 mois, au moment de la diversification alimentaire, Milumel apporte les éléments indispensables à la croissance de Bébé : fer, vitamines et acides gras essentiels.Caractéristiques de la formule Milumel 2ème âge : sans huile de palme, grâce à l'ajout de lipides laitiers.                                         Aux nutriments essentiels, avec du fer, des vitamines et des acides gras essentiels(1). Produits en France, les laits infantiles en poudre Milumel sont fabriqués dans notre usine de Craon en Mayenne (53).                                                                                            (1) Conformément à la réglementation. || Une fois reconstitué le lait devient un milieu fragile, il est donc important de ne pas conserver ni réutiliser le lait restant d'un biberon non terminé. Le jeter sans hésiter. N'utiliser que la mesurette contenue dans cette boîte. Ne jamais remettreune mesurette humide dans la poudre. || Lactose, maltodextrines, crème, lait écrémé, huiles végétales (colza, tournesol oléique, tournesol ), protéines solubles de lait, minéraux (phosphate tricalcique, sulfate de magnésium, hydroxyde de potassium, citrate trisodique, sulfate ferreux, carbonate de calcium, sulfate de zinc, selenite de sodium, iodure de potassium, sulfate de cuivre, sulfate de manganèse), émulsifiant (lécithine de soja), vitamines (C, PP, B5, A, K, B1, B6, D, B2, B9, H, B12), chlorure de choline, taurine, antioxygènes(palmitate d'ascorbyle, tocophérols), inositol, L-carnitine, ferments lactiques (Lactobacillus fermentum CECT 5716). || Valeur énergétique en Kcal : 69kcal || Glucides : 7,8g || Lipides : 3,6g || Protides :1,4g || Après chaque utilisation, bien refermer la boîte avec le couvercle. Conserver au frais et au sec. Utiliser le contenu dans les 4 semaines après ouverture. || 
14,43€ / Kg || 
12,99 € || 
Milumel || Lait Bio 2ème âge, de 6 mois à 12 mois, sans huile de palme || La boîte de 900g || Origine : FRANCE || Milumel Bio 2ème âge apporte à votre bébé les nutriments nécessaires à sa croissance : fer, vitamines et acides gras essentiels, conformément à la réglementation. Milumel Bio 2ème âge est un produit issu de l'agriculture biologique, certifié par ECOCERT SAS F32600 (5101956). || Une fois reconstitué le lait devient un milieu fragile, il est donc important de ne pas conserver ni réutiliser le lait restant d'un biberon non terminé.    Le jeter sans hésiter. N'utiliser que la mesurette contenue dans cette boîte.  Ne jamais remettre une mesurette humide dans la poudre. || Lait écrémé*, maltodextrines*, matières grasses végétales* (huile de colza*, huile de coprah*, huile de tournesol*), lactose*, minéraux (carbonate de calcium, hydroxyde de potassium, phosphate de magnésium, sulfate de fer, sulfate de zinc, sélénite de sodium, sulfate de cuivre, iodure de potassium, sulfate de manganèse), émulsifiant (lécithine de soja),vitamines (C,A,PP,D,B5,E,K,B1,B6,B2,B9, H, B12), antioxygène (tocophérols).* Ingrédients issus de lagriculture biologique. || Valeur énergétique en Kcal : 63kcal || Glucides : 8,2g || Lipides : 2,7g || Protides :1,6g || Après chaque utilisation, bien refermer la boite avec le couvercle. Conserver au frais et au sec. Utiliser le contenu dans les 4 semaines après ouverture. || 
15,89€ / L || 
14,30 € || 
Milumel || Lait Bio 2ème âge, de 6 mois à 12 mois, sans huile de palme || La boîte de 900g || Origine : FRANCE || Milumel Bio 2ème âge apporte à votre bébé les nutriments nécessaires à sa croissance : fer, vitamines et acides gras essentiels, conformément à la réglementation. Milumel Bio 2ème âge est un produit issu de l'agriculture biologique, certifié par ECOCERT SAS F32600 (5101956). || Une fois reconstitué le lait devient un milieu fragile, il est donc important de ne pas conserver ni réutiliser le lait restant d'un biberon non terminé.    Le jeter sans hésiter. N'utiliser que la mesurette contenue dans cette boîte.  Ne jamais remettre une mesurette humide dans la poudre. || Lait écrémé*, maltodextrines*, matières grasses végétales* (huile de colza*, huile de coprah*, huile de tournesol*), lactose*, minéraux (carbonate de calcium, hydroxyde de potassium, phosphate de magnésium, sulfate de fer, sulfate de zinc, sélénite de sodium, sulfate de cuivre, iodure de potassium, sulfate de manganèse), émulsifiant (lécithine de soja),vitamines (C,A,PP,D,B5,E,K,B1,B6,B2,B9, H, B12), antioxygène (tocophérols).* Ingrédients issus de lagriculture biologique. || Valeur énergétique en Kcal : 63kcal || Glucides : 8,2g || Lipides : 2,7g || Protides :1,6g || Après chaque utilisation, bien refermer la boite avec le couvercle. Conserver au frais et au sec. Utiliser le contenu dans les 4 semaines après ouverture. || 
15,89€ / L || 
14,30 € || 
Modilac || Lait 2ème âge de 6 à 12 mois || La boîte de 900g || Origine : FRANCE || Modilac 2 convient à l'alimentation progressivement diversifiée du nourrisson à partir de 6 mois et participe activement à sa croissance et à son éveil. || 1 mesurette = 30ml d'eau. Préparez le biberon immédiatement avant emploi. Une fois préparé, il est recommandé de le consommer dans l'heure. Versez dans le biberon la quantité d'eau nécessaire. Pour une meilleure reconstitution, l'eau doit être tiède(environ 40-45°C) avant ajout de la poudre. Remplissez de poudre la mesurette présente dans la boite, puis arasez la sur le rebord de la boite prévu à cet effet. Ajoutez le nombre correspondant de mesurettes rases de poudre dans l'eau en respectant bien la proportion. Bouchez le biberon et, pour faciliter la dissolution, roulez le entre vos mains puis agitez le vigoureusement. Avant de donner le biberon, contrôlez la température du lait en versant quelques gouttes sur votre poignet. Modilac 2 convient à l'alimentation progressivement diversifiée du nourrisson à partir de 6 mois. Il ne doit pas être utilisé comme substitut du lait maternel avant l'âge de 6 mois. Avant d'initier la diversification alimentaire y compris avant l'âge de 6 mois,demandez conseil à un professionnel de santé. || Lait écrémé, protéines solubles déminéralisées, huiles végétales (soja, tournesol oléique, palme, coprah, colza), lactose, maltodextrine, galacto-oligosaccharides, protéines solubles, émulsifiant (lécithine de soja), phosphate de calcium, citrate depotassium, chlorure de sodium, citrate de magnesium, chlorure de potassium, vitamine C, bitartrate de choline, fructo-oligosaccharides, hydroxyde de calcium, taurine, inositol, sulfate de fer, hydroxyde de potassium, antioxydants (extrait riche en tocophérols, palmitate de L-ascorbyle), vitamine E, sulfate de zinc, L-carnitine, nicotinamide, pantothénate de calcium, sulfate de cuivre, vitamine A, thiamine, vitamine B6, sulfate de cuivre, vitamine A, thiamine, vitamine B6, sulfate de manganèse, iodure de potassium, acide folique, vitamine K, biotine, sélénite de sodium, vitamine D, vitamine B12, ferments lactiques (Lactobacillus rhamnosus, Bifidobacterium infantis). || Valeur énergétique en Joules :  2011kj || Valeur énergétique en Kcal : 480kcal || Glucides : 57,8g || Lipides : 22g || Protides :11,2g || Avant ouverture, conservez la boite à l'abri d'une source de chaleur. Après ouverture, fermez la boite et conservez la dans un endroit frais et sec. Utilisez la poudre dans un délai de 4 semaines. Conditionné sous atmosphère protectrice. || 
18,37€ / Kg || 
16,53 € || 
Nestlé Nidal || Lait 2ème âge, de 6 mois à 1 an || La boîte de 800g || Origine : FRANCE || 
17,91€ / Kg || 
14,33 € || 
Nestlé Nidal || Lait 2ème âge, de 6 mois à 1 an, oméga 3 et 6 || La boîte de 800g || Origine : FRANCE || Valeur énergétique en Joules :  2072kj || Valeur énergétique en Kcal : 495kcal || Glucides : 60,7g || Lipides : 23,6g || Protides :9,9g || 
16,88€ / Kg || 
13,50 € || 
Nestlé Nidal || Lait 2ème âge en relais de l'allaitement maternel, de 6 mois à 1 an || La boîte de 800g || Origine : FRANCE || NIDAL NOVAIA 2 : présente une composition unique notamment en protéines grâce au procédé exclusif Nestlé, apporte tous les éléments nutritionnels nécessaires (dont fer et 13 vitamines).Contribue à la croissance de votre bébé. Nouvelle mesurette pluspratique et plus hygiénique, spécialement conçue pour la formule Nidal Novaïa 2, présente à l'ouverture dans une compartiment séparé. || Dosage à respecter impérativement : 1 mesurette (4,5g) dans 30ml d'eau. Utilisez exclusivement la mesurette contenue dans la boîte. Utilisez une eau minérale ou une eau de source convenant aux nourrissons. Le lait infantile Nidal Novaïa 2 peut être consommé à température ambiante ou tiède. La préparation du biberon doit s'effectuer juste avant le repas. Stérilisez le biberon. Pour servir tiède : faites chauffez l'eau au bain-marie dans une casserole ou dans un chauffe-biberon à 40°C maximum. Ajoutez le nombre exact de mesurette correspondant au volume d'eau. Arasez chaque mesurette sur le rebord. Après utilisation, déposez la mesurette sur son support, dans la boîte. Fermez le biberon. Secouez énergiquement de haut en bas jusqu'à dissolution complète de la poudre. Contrôler la température sur le dos de la main. Nettoyez minutieusement le biberon. Nous vous déconseillons l'emploi du four à micro-ondes en raison du risque de brûlures. Préparez un seul biberon à la fois et donnez-le immédiatement à votre bébé. Jetez sans hésiter le reste d'un biberon non terminé. Veillez à toujours bien tenir votre bébé pendant qu'il prend son biberon, pour éviter le risque d'étouffement. Le lait maternel est, pour chaque nourrisson, l'aliment idéalet naturel. Toutefois, si vous ne pouvez pas ou ne souhaitez pas allaiter, le Corps Médical vous conseillera un lait infantile pour votre enfant. N'en changez pas sans demander l'avis de votre médecin. || Dextrine-maltose, huiles végétales, protéines solubles de lait, lait écrémé, lactose, citrates de calcium, de potassium et de sodium, phosphates de potassium et de calcium, émulsifiant : lécithine de soja, chlorures de sodium et de magnésium, vitamines : C, E, pantothénate de calcium, niacine, A, B1, B6, B2, acide folique, biotine, D, K, sulfates de fer, de zinc et de cuivre, iodure de potassium, sélénate de sodium. || Valeur énergétique en Joules :  2072kj || Valeur énergétique en Kcal : 494kcal || Glucides : 60,6g || Lipides : 23,6g || Protides :9,9g || Conservez la boite bien fermée à laide de son couvercle en plastique dans un endroit sec et frais, pas plus de 3 semaines après ouverture. Conditionné sous atmosphère protectrice. || 
19,13€ / Kg || 
15,30 € || 
Babybio Croissance || Croissance, de 10 mois à 3 ans, en poudre, certifié AB || La boîte de 900g || Origine : FRANCE || Votre enfant a des besoins spécifiques auxquels le lait de vache ne répond pas, Babybio a développé Babybio Croissance Bio au Bifidus élaboré avec du lait de vache d'origine française. || Versez dans le biberon stérilisé la quantité d'eau indiquée tiédie à 40°C maximum. Ajoutez à l'eau le nombre de mesurettes arasées nécessaires. Fermez et agitez vigoureusement le biberon. Les volumes et le nombre de repas pourront être adaptés aux besoins de chaque enfant, en accord avec le corps médical. Lavez-vous les mains avant chaque préparation. Le biberon doit être préparé juste avant le repas. Jetez tout reste de biberon sans hésiter. N'utilisez que la mesurette contenue dans cette boîte. Veillez à bien refermer la boîte. Après le repas, nettoyer soigneusement le biberon et tous les accessoires. || Maltodextrines de maïs*, lait écrémé*, lactosérum déminéralisé*, huiles végétales de première pression à froid* (colza*, olive*, tournesol*), huile de palme non hydrogénée*, concentré de minéraux du lait (calcium), vitamine C, chlorure de magnésium,citrate de sodium, lactate de fer, hydroxyde de potassium, sulfate de zinc, chlorure de potassium, vitamine E naturelle (D-alpha tocophérol acétate), niacine, iodure de potassium, acide pantothénique, sélénite de sodium, sulfate de cuivre, oxyde de magnésium, vitamine A, riboflavine, vitamine B6, thiamine, acide folique, sulfate de manganèse, vitamine K1, biotine, vitamine D, vitamine B12, bifidobactéries (bifidobactérium lactis). Sans gluten. || Valeur énergétique en Joules :  2055kj || Valeur énergétique en Kcal : 490kcal || Glucides : 59,5g || Lipides : 22,7g || Protides :12g || Se conserve à température ambiante. Conserver au sec jusqu'à 4 semaines maximum après ouverture. || 
18,87€ / Kg || 
16,98 € || 
Babybio Croissance || Croissance, de 10 mois à 3 ans, en poudre, certifié AB || La boîte de 900g || Origine : FRANCE || Votre enfant a des besoins spécifiques auxquels le lait de vache ne répond pas, Babybio a développé Babybio Croissance Bio au Bifidus élaboré avec du lait de vache d'origine française. || Versez dans le biberon stérilisé la quantité d'eau indiquée tiédie à 40°C maximum. Ajoutez à l'eau le nombre de mesurettes arasées nécessaires. Fermez et agitez vigoureusement le biberon. Les volumes et le nombre de repas pourront être adaptés aux besoins de chaque enfant, en accord avec le corps médical. Lavez-vous les mains avant chaque préparation. Le biberon doit être préparé juste avant le repas. Jetez tout reste de biberon sans hésiter. N'utilisez que la mesurette contenue dans cette boîte. Veillez à bien refermer la boîte. Après le repas, nettoyer soigneusement le biberon et tous les accessoires. || Maltodextrines de maïs*, lait écrémé*, lactosérum déminéralisé*, huiles végétales de première pression à froid* (colza*, olive*, tournesol*), huile de palme non hydrogénée*, concentré de minéraux du lait (calcium), vitamine C, chlorure de magnésium,citrate de sodium, lactate de fer, hydroxyde de potassium, sulfate de zinc, chlorure de potassium, vitamine E naturelle (D-alpha tocophérol acétate), niacine, iodure de potassium, acide pantothénique, sélénite de sodium, sulfate de cuivre, oxyde de magnésium, vitamine A, riboflavine, vitamine B6, thiamine, acide folique, sulfate de manganèse, vitamine K1, biotine, vitamine D, vitamine B12, bifidobactéries (bifidobactérium lactis). Sans gluten. || Valeur énergétique en Joules :  2055kj || Valeur énergétique en Kcal : 490kcal || Glucides : 59,5g || Lipides : 22,7g || Protides :12g || Se conserve à température ambiante. Conserver au sec jusqu'à 4 semaines maximum après ouverture. || 
18,87€ / Kg || 
16,98 € || 
Babybio Croissance || Croissance Bio De 10 mois à 3 ans || Les 6 bouteilles de 1L || Origine : FRANCE || Babybio apporte pour votre bébé tous les éléments nécessaire pour un bon développement : du fer, du calcium naturel, des vitamines, des protéines et des acides gras essentiels. || Nettoyez et stérilisez soigneusement biberons et tétines (1/4 d'heure à ébullition ou à froid dans un appareil approprié). Agiter le pack et verser la quantité souhaitée dans le biberon. Ne pas ajouter d'eau ni de sucre. Peut être réchauffé (40°C maxi, vérifier la température sur l'intérieur de votre poignet). Jeter toujours un biberon entamé. || Lait partiellement écrémé*, eau, maltodextrines*, huiles végétales* (colza*, tournesol*), lactose*, vitamines : A, B1, B2, B5, B6, B8, B9, B12, C, D3, E, K1 et PP, subtances d'apport minéral : sulfates de fer, de magnésium, de zinc, de cuivre et de manganèse, citrate de sodium, iodure de potassium, hydroxyde de potassium, sélénite de sodium, émulsifiant : lécithine de colza. *ingrédients issus de l'agriculture biologique. || Valeur énergétique en Joules :  284kj || Valeur énergétique en Kcal : 68kcal || Glucides : 8,2g || Lipides : 3g || Protides :2g || Se conserve à température ambiante avant ouverture. || 
2,61€ / L || 
15,68 € || 
Babybio Croissance || Croissance Bio De 10 mois à 3 ans || Les 6 bouteilles de 1L || Origine : FRANCE || Babybio apporte pour votre bébé tous les éléments nécessaire pour un bon développement : du fer, du calcium naturel, des vitamines, des protéines et des acides gras essentiels. || Nettoyez et stérilisez soigneusement biberons et tétines (1/4 d'heure à ébullition ou à froid dans un appareil approprié). Agiter le pack et verser la quantité souhaitée dans le biberon. Ne pas ajouter d'eau ni de sucre. Peut être réchauffé (40°C maxi, vérifier la température sur l'intérieur de votre poignet). Jeter toujours un biberon entamé. || Lait partiellement écrémé*, eau, maltodextrines*, huiles végétales* (colza*, tournesol*), lactose*, vitamines : A, B1, B2, B5, B6, B8, B9, B12, C, D3, E, K1 et PP, subtances d'apport minéral : sulfates de fer, de magnésium, de zinc, de cuivre et de manganèse, citrate de sodium, iodure de potassium, hydroxyde de potassium, sélénite de sodium, émulsifiant : lécithine de colza. *ingrédients issus de l'agriculture biologique. || Valeur énergétique en Joules :  284kj || Valeur énergétique en Kcal : 68kcal || Glucides : 8,2g || Lipides : 3g || Protides :2g || Se conserve à température ambiante avant ouverture. || 
2,61€ / L || 
15,68 € || 
Babybio Croissance || Lait croissance de 10 mois à 3 ans fer et vitamines sans arôme   ajouté || La bouteille de 1L || Origine : FRANCE || lait partiellement ecreme*, eau, maltodextrines*, huiles vegetales* (colza*, tournesol*), lactose*, vitamines : a, b1, b2, b5, b6, b8, b9, b12, c, d3, e, k1 et pp, substances  d'apport mineral : sulfates de fer, de magnesium, de zinc, de cuivre et demanganese, citrate de sodium, iodure de potassium, hydroxyde de potassium, selenite de sodium, emulsifiant : lecithine de colza. || 
2,81€ / L || 
2,81 € || 
Babybio Croissance || Lait croissance de 10 mois à 3 ans fer et vitamines sans arôme   ajouté || La bouteille de 1L || Origine : FRANCE || lait partiellement ecreme*, eau, maltodextrines*, huiles vegetales* (colza*, tournesol*), lactose*, vitamines : a, b1, b2, b5, b6, b8, b9, b12, c, d3, e, k1 et pp, substances  d'apport mineral : sulfates de fer, de magnesium, de zinc, de cuivre et demanganese, citrate de sodium, iodure de potassium, hydroxyde de potassium, selenite de sodium, emulsifiant : lecithine de colza. || 
2,81€ / L || 
2,81 € || 
Blédina Blédilait || Blédilait 2éme age à partir de 6 mois || Les 6 bouteilles de 50cl || Origine : FRANCE || Eau dÍminÍralisÍe - lait ÍcrÍmÍ - lactose (lait) - huiles vÍgÍtales Ýpalme, colza, coprah (soja), tournesol~ -galacto-oligosaccharides (lait) - Ímulsifiant (mono et diglycÍrides d'acides gras) - fructo-oligosaccharides - taurine -inositol - nuclÍotides - L-tryptophane - antioxydant: extrait riche en tocophÍrols -L-carnitine - minÍraux (citrate de calcium,chlorure de potassium, citrate de potassium,hydroxyde de potassium, citrate de sodium, chlorure de choline, lactate de fer, sulfate de zinc, gluconate de cuivre,sÍlÍnite de sodium, iodure de potassium,sulfate de manganÈse) - vitamines (C, A,D3, niacine, acide pantothÍnique, biotine,acide folique, B2, K1, B12, B1, B6). || Valeur énergétique en Joules :  285 || Valeur énergétique en Kcal : 68 || Glucides : 8.6 || Lipides : 3 || Protides :1.4 || 
2,65€ / L || 
7,96 € || 
Blédina || Bledilait croissance + || La boite de 900g || Origine : FRANCE || INGRñDIENTS : Lait ÍcrÍmÍ - lactose (lait) - lactoserum (lactoserum dÍminÍralisÍ, protÍines de lactoserum concentrÍes) (lait) - maltodextrine - galacto-oligosaccharides (GOS) (lait) - Huiles vÍgÍtales (palme, tournesol, colza) - fructo-oligosaccharides (FOS) (lait) - Ímulsifiant: lÍcithine de soja - taurine - antioxydant: extrait riche en tocophÍrols - Vitamines : C, niacine, acide pantothÍnique, acide folique, E, A, biotine, D3, B1, B6, B2, B12, K1 - MinÍraux : phosphate de calcium, carbonate de calcium, citrates de potassium et de sodium, chlorure de magnÍsium, de choline et de potassium,sulfate de fer, de zinc et de cuivre, iodure de potassium,sulfate de manganÈse, sÍlÍnite de sodium. || Valeur énergétique en Joules :  1880 || Valeur énergétique en Kcal : 448 || Glucides : 57.5 || Lipides : 18.7 || Protides :10 || 
14,23€ / Kg || 
12,81 € || 
Blédina Blédilait || Croissance, de 10 mois à 3 ans || La bouteille de 1L || Origine : FRANCE || Le seul lait de croissance au Vitafer : une association exclusive de fer et de vitamine C protégée par une micro-capsule pour une meilleure assimilation du fer. || Ce lait est prêt à l'emploi.  Ne pas ajouter d'eau. Verser le lait dans un contenant propre et réchauffer si vous le souhaitez sans faire bouillir. Agiter avant de consommer. || Lait écrémé, lactose, matières grasses végétales (palme, coprah, colza, tournesol), saccharose, arôme : vanilline, émulsifiant : lécithine de soja, antioxydant : extrait riche en tocophérols, vitamines : A, D3, E, C, B1, B2, PP, B6, acide folique, B12, biotine, pantothénate de calcium, K1, minéraux : citrate de calcium, de magnésium et de sodium, phosphate de calcium, sulfate de fer, de zinc et de cuivre, bicarbonate de sodium, iodure de potassium. || Avant ouverture, conserver à température ambiante. Après ouverture, refermez soigneusement à l'aide du bouchon, conservez dans le réfrigérateur et consommez dans les 48 heures. || 
2,20€ / L || 
2,20 € || 
Blédina Blédilait || Croissance, de 10 mois à 3 ans || Les 18 bouteilles de 250ml || Origine : FRANCE || Blédilat Croissance 250ml, un format pratique pour vous faciliter la vie à la maison ou lors de vos déplacements. Une bouteille = Un biberon. || Eau - Lait écrémé - perméat de lactosérum (lait) - matières grasses végétales (palme, coprah, colza, tournesol) - saccharose - arôme : vanilline - émulsifiant : lÍcithines de soja - antioxydant : extrait riche en tocophérols - Vitamines : A, D3, E, C, B1, B2, PP, B6, acide folique, B12, biotine, pantothénate de calcium, K1 - Minéraux : citrates de calcium, magnésium et sodium, phosphate de calcium, sulfates de fer, zinc et cuivre, bicarbonate de sodium, iodure de potassium. || Valeur énergétique en Joules :  257 || Valeur énergétique en Kcal : 61 || Glucides : 8 || Lipides : 2.5 || Protides :1.7 || 
2,42€ / L || 
10,90 € || 
Blédina Blédilait || Croissance, de 10 mois à 3 ans || Les 6 bouteilles de 1L || Origine : FRANCE || 
1,90€ / L || 
11,39 € || 
Blédina Blédilait || Croissance, de 10 mois à 3 ans, prêt à l'emploi || La bouteille de 500ml || Origine : FRANCE || Le seul lait de croissance au Vitafer : une association exclusive de fer et de vitamine C protégée par une micro-capsule.Ainsi le fer arrive intact dans l'intestin de l'enfant et la vitamine C favorise ensuite son assimilation par l'organisme. || Ce lait est prêt à l'emploi, ne pas ajouter d'eau. Verser le lait dans un contenant propre et réchauffer si vous le souhaitez sans faire bouillir. Agiter avant de consommer. || Lait écrémé, perméat de lactosérum, matières grasses végétales (palme, coprah, colza, tournesol), saccharose, arôme : vanilline, émulsifiant : lécithine de soja, antioxydant : extrait riche en tocophérols, vitamines : A, D3, E, C, B1, B2, PP, B6, acide folique, B12, biotine, pantothénate de calcium, K1, minéraux : citrates de calcium, de magnésium et de sodium, phosphate de calcium, sulfates de fer, de zinc et de cuivre, bicarbonate de sodium, iodure de potassium. || Valeur énergétique en Joules :  252kj || Valeur énergétique en Kcal : 60KCal || Glucides : 7,9g || Lipides : 2,4g || Protides :1,8g || Avant ouverture, conserver à température ambiante. Après ouverture, refermer soigneusement à l'aide du bouchon, conserver dans le réfrigérateur et consommer dans les 48 heures. Conditionné sous atmosphère protectrice. || 
2,66€ / L || 
1,33 € || 
Blédina Blédilait || Croissance, de 10 mois à 3 ans, prêt à l'emploi || Les 4 bouteilles de 500ml || Origine : FRANCE || Blédilait Croissance avec Vitafer, construisez jour après jour le Capital Croissance de votre enfant.Blédilait Croissance au Vitafer : une association exclusive de fer et de vitamine C dans une micro-capsule, vitamine C et fer pour un fer mieux absorbé. || Lavez-vous les mains avant de préparer les biberons ainsi que votre plan de travail. Ce lait est prêt à l'emploi. Ne pas ajouter d'eau. Verser le lait infantile dans un contenant propre et réchauffer si vous le souhaitez sans faire bouillir. Agiter avant de consommer. Contrôler la température du lait infantile . Après avoir donné le biberon, nettoyez-le ainsi que ses accessoires à l'eau savonneuse. Rincez le tout abondamment à l'eau claire. Entreposez le contenant nettoyé, fermé dans un endroitsec et propre. Ce lait de suite est un élément d'une alimentation diversifiée. Seul un médecin pourra vous conseiller d'introduire des aliments complémentaires. Ce produit n'est pas un substitut du lait maternel. || Lait écrémé, Perméat de lactosérum, matières grasses végétales (palme, coprah, colza, tournesol), saccharose, arôme : vanilline, émulsifiant : lécithines de soja, antioxydant : extrait riche en tocophérols, vitamines : A, D3, E, C, B1, B2, PP, B6, acide folique, B12, biotine, pantothénate de calcium, K1, minéraux : citrates de calcium de magnésium et de sodium, phosphate de calcium, sulfates de fer, de zinc et de cuivre, bicarbonate de sodium, iodure de potassium. || Valeur énergétique en Joules :  250kj || Valeur énergétique en Kcal : 59,8kc || Glucides : 8,1g || Lipides : 2,3g || Protides :1,7g || Avant ouverture, conserver à température ambiante. Après ouverture, refermer soigneusement à l'aide du bouchon, conserver dans le régrigérateur et consommer dans les 48 heures. Conditionné sous atmosphère protectrice. || 
2,64€ / L || 
5,28 € || 
