Lait 1er âge, jusqu'à 6 mois, protéines adaptées, certifié AB || La boîte de 900g || Origine : FRANCE || Le lait biologique 1er âge Babybio apporte en proportion adéquate : les éléments nutritionnels nécessaires à la croissance du nourrisson de la naissance à 6 mois, des protéines adaptées à l'immaturité de l'organisme du nourrisson. || Lactosérum déminéralisé*, maltodextrine*, huile de palme*, lait écrémé*, huiles végétales de première pression à froid* (colza*, tournesol*), citrate de calcium, chlorure de calcium, vitamine C, phosphate disodique, lactate de fer, hydroxyde de potassium, hydroxyde de sodium, oxyde de magnésium, sulfate de zinc, vitamine E, niacine, acide pantothénique, sulfate de cuivre, vitamines A, B6, riboflavine, thiamine, acide folique, vitamine K1, iodure de potassium, biotine, vitamines D, B12. *ingrédients issus de l'agriculture biologique. || Valeur énergétique en Joules :  2073Kj || Valeur énergétique en Kcal : 8665Kcal || Glucides : 60g || Lipides : 24g || Protides :10g || Veillez à bien refermer la boîte et à la conserver au sec jusqu'à 4 semaines maximum après ouverture. || 
22,99€ / Kg || 
20,69 € || 
Lait 1er âge, jusqu'à 6 mois, protéines adaptées, certifié AB || La boîte de 900g || Origine : FRANCE || Le lait biologique 1er âge Babybio apporte en proportion adéquate : les éléments nutritionnels nécessaires à la croissance du nourrisson de la naissance à 6 mois, des protéines adaptées à l'immaturité de l'organisme du nourrisson. || Lactosérum déminéralisé*, maltodextrine*, huile de palme*, lait écrémé*, huiles végétales de première pression à froid* (colza*, tournesol*), citrate de calcium, chlorure de calcium, vitamine C, phosphate disodique, lactate de fer, hydroxyde de potassium, hydroxyde de sodium, oxyde de magnésium, sulfate de zinc, vitamine E, niacine, acide pantothénique, sulfate de cuivre, vitamines A, B6, riboflavine, thiamine, acide folique, vitamine K1, iodure de potassium, biotine, vitamines D, B12. *ingrédients issus de l'agriculture biologique. || Valeur énergétique en Joules :  2073Kj || Valeur énergétique en Kcal : 8665Kcal || Glucides : 60g || Lipides : 24g || Protides :10g || Veillez à bien refermer la boîte et à la conserver au sec jusqu'à 4 semaines maximum après ouverture. || 
22,99€ / Kg || 
20,69 € || 
Lait 1er âge en poudre, jusqu'à 4 mois || La boîte de 900g || Origine : FRANCE || Par sa composition, Blédilait Confort Premium 1 couvre les besoins nutritionnels de bébé de la naissance jusqu'à 6 mois et favorise ainsi sa croissance harmonieuse et sans carence. || Utilisez toujours 1 mesurette de poudre dans 30 ml d'eau. Lavez vous toujours les mains ainsi que votre plan de travail avant de préparer les biberons. Préparez le biberon juste avant le repas. Une fois préparé, il est recommandé de consommer le biberon dans la demi-heure. Versez la quantité d'eau froide nécessaire dans un biberon stérilisé. Utilisez la mesurette placée à l'intérieur de la boite. Agitez horizontalement pendant une dizaine de secondes. Puis agitez verticalement. Faites tiédir, puis agitez de nouveau le biberon. Contrôler la température à l'intérieur de votre poignet. Après la tétée, si votre bébé n'a pas tout bu, jetez le reste du biberon sans hésiter. Le lait maternel est l'aliment idéal du nourrisson. Toutefois, si vous nepouvez ou ne souhaitez pas allaiter, votre médecin vous conseillera un lait infantile adapté aux besoins nutritionnels de votre enfant dès la naissance. Ne changez pas ce lait sans demander l'avis de votre médecin. || Lait écrémé, lactosérum partiellement déminéralisé, matières grasses végétales (palme, coprah, colza, tournesol), amidons (maïs, pomme de terre), maltodextrines, lactose, taurine, inositol, bifidobactéries, ferments lactiques, émulsifiant : lécithinede soja, antioxydant : extrait riche en tocophérols, vitamines : A, D3, E, C, B1, B2, PP, B6, ac folique, B12, biotine, pantothénate de calcium, K1, minéraux : citrates de calcium, de potassium, de sodium et de choline, chlorure de magnésium, phosphate de calcium, sulfates de fer, de zinc, de cuivre et de manganèse, bicarbonate de sodium, iodure de potassium. || Une fois ouverte, la boîte peut se conserver au maximum 4 semaines bien refermée dans un endroit sec et frais. Conditionné sous atmosphère protectrice. || 
20,26€ / Kg || 
18,23 € || 
Gallia calisma 2eme age || La boite de 3sachets de 400g  (1,2kg) || Origine : FRANCE || Lactose (lait) - huiles vÍgÍtales (palme, col za, coprah, tournesol, mortierella alpina) - maltodextrines - lait ÍcrÍmÍ - protÍines de lactosÍrum concentrÍes (lait) - galactooligosaccharides (GOS) (lait) - fructo-oligosaccharides (FOS) - huile de poisson - chlorure de choline - taurine - Ímulsifiant : lÍcithine de soja - inositol - antioxydant : extrait riche en tocophÍrols - L-tryptophane - nuclÍotides - L-carnitine - vitamines : C, niacine, acide pantothÍnique, acide folique, A, E, biotine, B1, D3, B12, B6, B2, K1 ? minÍraux : carbonate de calcium, citrate de potassium, chlorure de calcium, sulfate de fer, phosphate de calcium, chlorure de magnÍsium, sulfates de zinc, cuivre et manganÈse, iodure de potassium, sÍlÍnite de sodium. || Valeur énergétique en Joules :  1960 || Valeur énergétique en Kcal : 467 || Glucides : 59.3 || Lipides : 20.6 || Protides :9.3 || 
15,52€ / Kg || 
18,62 € || 
Lait 1er âge, de 0 à 6 mois || La boîte de 900g || Origine : FRANCE || Le Laboratoire Gallia a mis au point Galliagest 1, une formule ayant une consistance épaissie qui convient à lalimentation particulière du nourrisson de la naissance à 6 mois. || Le dosage et la fréquence des biberons sont proposés à titre indicatif. Le corps médical pourra adapter le régime quotidien de votre bébé en fonction de ses besoins spécifiques. Utilisez toujours 1 mesurette de poudre dans 30 ml d'eau. Durant les 2 premières semaines de vie, se référer à l'avis médical. Préparer le biberon juste avant le repas. Pour préparer le biberon, utilisez exclusivement la mesurette contenu dans cette boîte. Une fois préparé, il est conseillé de consommer le biberon dans la demi-heure. Après la tétée, si votre bébé na pas tout bu, jetez le reste du biberon sans hésiter. Formule épaissie pouvant nécessiter lutilisation dune tétine adaptée. Le lait maternel est, pour chaque nourrisson, laliment idéal et naturel. Toutefois, si vous ne pouvez pas ou ne souhaitez pas allaiter, le corps médical vous conseillera une préparation infantile répondant aux besoins nutritionnels spécifiques de votre enfant. Ce produit convient à lalimentation de votre bébé, nen changezpas sans demander lavis de votre médecin. || Lait ÍcrÍmÍ - lactosÍrum partiellement dÍminÍralisÍ (lait) - huiles vÍgÍtales (palme, colza, coprah,t o u r n e s o l , mo r t i e r e l l a alpina) - maltodextrines -amidons - Ímulsifiant : lÍcithine de soja - huile de poisson - nuclÍotides - taurine -bifidobactÍries - inositol -citrate de choline - ferments lactiques - antioxydant :extrait riche en tocophÍrols -Vitamines : C, niacine, K, D, A,acide pantothÍnique, B6, B12,B1, B2, acide folique, biotine -MinÍraux : citrates de calcium et de potassium, chlorures de potassium et de magnÍsium,sulfates de fer, de zinc, de cuivre et de manganÈse, iodure de potassium, sÍlÍnite de sodium. || Valeur énergétique en Joules :  2055 || Valeur énergétique en Kcal : 490 || Glucides : 59.7 || Lipides : 23.1 || Protides :9.8 || Avant ouverture, entreposez dans un endroit propre et sec. Une fois ouverte, la boîte peut se conserver au maximum 4 semaines, bien refermée, dans un endroit sec et frais. Conditionné sous atmosphèreprotectrice. || 
22,64€ / Kg || 
20,38 € || 
Lait 1er âge, jusqu'à 6 mois || La boîte de 900g || Origine : FRANCE || LactosÍrum dÍminÍralisÍ (lait) - huiles vÍgÍtales (palme,colza, coprah, tournesol,mortierella alpina) - lactose (lait) - lait ÍcrÍmÍ - galactool i g o s a c c h a r i d e s (GOS) (lait) - protÍines de lactosÍrum concentrÍes (lait) - fructooligosaccharides (GOS) - huile de poisson - chlorure de choline - Ímulsifiant : lÍcithine de soja - taurine - nuclÍotides -antioxydant: extrait riche en tocophÍrols - inositol -L-tryptophane - vitamines : C,niacine, acide pantothÍnique,acide folique, A, E, biotine,B12, B1, D3, B6, K1 - minÍraux :carbonate de calcium,chlorure de potassium, citrate de potassium, chlorure de magnÍsium, citrate de sodium,sulfates de fer, de zinc, de cuivre et de manganÈse, iodure de potassium, sÍlÍnite de sodium. || Valeur énergétique en Joules :  2025 || Valeur énergétique en Kcal : 484 || Glucides : 53.8 || Lipides : 24.7 || Protides :9.7 || 
20,34€ / Kg || 
18,31 € || 
Lait 1er âge, jusqu'à 6 mois || Les 3 sachets de 400g || Origine : FRANCE || LactosÍrum dÍminÍral isÍ (lait) - huiles vÍgÍtales (palme, colza, coprah, tournesol, mortierella alpina) - lactose (lait) - lait ÍcrÍmÍ - galactoo l i g o s a c c h a r i d e s (GOS) (lait) - protÍines de lactosÍrum concentrÍes (lait) - fructooligosaccharides (GOS) - huile de poisson - chlorure de choline - Ímulsifiant : lÍcithine de soja - taurine - nuclÍotides - antioxydant: extrait riche en tocophÍrols - inositol - L-tryptophane - vitamines : C, niacine, acide pantothÍnique, acide folique, A,E, biotine, B12, B1, D3, B6, K1 - minÍraux : carbonate de calcium, chlorure de potassium, citrate de potassium, chlorure de magnÍsium, citrate de sodium, sulfates de fer, de zinc, de cuivre et de manganÈse, iodure de potassium, sÍlÍnite de sodium. || Valeur énergétique en Joules :  2025 || Valeur énergétique en Kcal : 484 || Glucides : 53.8 || Lipides : 24.7 || Protides :9.7 || 
18,16€ / Kg || 
21,79 € || 
Lait 1er âge Relais, jusqu'à 4 mois || La boîte de 900g || Origine : FRANCE || Le Laboratoire Gallia a mis au point le lait infantile Gallia Calisma 1er âge. Il convient à l'alimentation particulière du nourrisson de la naissance à 6 mois quand il n'est pas allaité. || Préparez le biberon juste avant le repas. Utilisez exclusivement la mesurette contenue dans cette boîte. Une fois préparé, il est recommandé de consommer le biberon dans la demi-heure. Versez la quantité d'eau froide nécessaire dans un biberon stérilisé. Utilisez la mesurette et ajoutez le nombre correspondant en vous aidant du bord araseur de la boîte pour enlever le surplus. Agitez horizontalement pendant une dizaine de secondes. Puis agitez verticalement pendant une dizaine de secondes. Contrôlez la température sur l'intérieur de votre poignet. Après la tétée, si votre bébé n'a pas tout bu, jetez le reste du biberon sans hésiter. Le lait maternel est l'aliment idéal du nourrisson. Toutefois, si vous ne pouvez ou ne souhaitez pas allaiter, votre médecin vous conseillera un lait infantile adapté aux besoins alimentaires de votre enfant dès la naissance. Ne changez pas ce lait infantile sans demander l'avis de votre médecin. || Lait écrémé, lactose, matières grasses végétales (palme, coprah, colza, tournesol), maltodextrines, sérum partiellement déminéralisé, sirop de glucose, huiles de mortierella alpina et de poisson, protéines de lait, bifidobactéries, ferments lactiques, taurine, chlorhydrate de L-cystéine, nucléotides, L-tryptophane, inositol, émulsifiants : lécithine de soja, mono-diglycérides d'acides gras, antioxydant : extrait riche en tocophérols, vitamines : A, D3, E, C, B1, B2, PP, B6, acide folique, B12, biotine, pantothénate de calcium, K1, minéraux : citrates de calcium, de potassium, de sodium et de choline, chlorure de magnésium, phosphates de calcium et de potassium, sulfates de fer, de zinc, de cuivre et de manganèse, carbonate de sodium, iodurede potassium. || Valeur énergétique en Joules :  296 || Valeur énergétique en Kcal : 70,7 || Glucides : 8,3 || Lipides : 3,5 || Protides :1,45 || Une fois ouverte, la boîte peut se conserver au maximum 4 semaines bien refermée dans un endroit sec et frais. Conditionné sous atmosphère protectrice. || 
22,00€ / Kg || 
19,80 € || 
Guigoz 1  des la naissance omega 3 || La boite de 820g || Origine : FRANCE || Valeur énergétique en Joules :  2179kj || Valeur énergétique en Kcal : 521kcal || Glucides : 58,5g || Lipides : 27,6 || Protides :9,6g || 
21,09€ / Pce || 
17,29 € || 
Guigoz formule epaissie 1 || La boite de 820g || Origine : FRANCE || Valeur énergétique en Joules :  2149kj || Valeur énergétique en Kcal : 513kcal || Glucides : 61,1g || Lipides : 25,7g || Protides :9,4g || 
23,15€ / Kg || 
18,98 € || 
Lait 1er âge, pour nourrissons jusqu'à 6 mois, en relais de l'allaitement maternelle || La boîte de 800g || Origine : FRANCE || Valeur énergétique en Joules :  2140kj || Valeur énergétique en Kcal : 511kcal || Glucides : 57,8g || Lipides : 26,0g || Protides :11,5g || 
22,85€ / Kg || 
18,28 € || 
Lait de suite en poudre, 6 mois à 1 an || Le pot de 800g || Origine : FRANCE || Guigoz 'bAa' 2 est une formule légèrement acidifiée par des ferments lactiques, ce qui entraîne une augmentation de la fréquence et un ramollissement des selles du nourrisson. || Dosage à respecter impérativement : 1 mesurette arasée (4,5 g) dans 30 ml d'eau. Utilisez exclusivement la mesurette contenue dans la boîte. Préparer un seul biberon à la fois et donnez-le immédiatement à votre bébé. Afin d'éviter la formation de grumeaux, reconstituez le biberon avec de l'eau tiède (<40°C) et préférez un biberon à large diamètre et une tétine à débit variable convenant à une formule épaissie. Utilisez exclusivement la mesurette contenue dans la boîte. Lavez-vous soigneusement les mains. Stérilisez le biberon, tétine et la bague. Chauffez l'eau au bain-marie ou au chauffe biberon le volume d'eau exact. Ajouter le nombre exact de mesurette correspondant au volume d'eau. Arasez chaque mesurette sur le rebord. Après utilisation déposez la mesurette sur son support dans la boîte. Fermez le biberon avec la bague et la tétine stérilisées. Secouez énergiquement de haut en bas lors de la reconstitution jusqu'à dissolution complète de la poudre. Contrôlez la température sur ledos de la main. Veillez à toujours bien tenir votre bébé pendant qu'il prend son biberon pour éviter le risque d'étouffement. Le lait reconstitué est un milieu fragile qui peut facilement s'altérer : utilisez une eau minérale ou une eau de source convenant aux nourrissons. Nous vous déconseillons l'emploi du four à micro-ondes en raison du risque de brûlures. Jetez sans hésiter le reste d'un biberon non terminé. La préparation du biberon doit s'effectuer juste avant le repas. Le lait maternel es || Huiles végétales, lait écrémé, maltodextrines, protéines solubles de lait, lactose, amidons, citrates de calcium et de sodium, phosphate de calcium, émulsifiant : lécithine de soja, chlorure de potassium, vitamines : C, E, Niacine, Pantothénate de Calcium, B1, A, B6, B2, B9, K1, Biotine, D, culture de Lactobacillus reuteri DSM 17938*  (0,1%), carbonate de  magnésium, taurine, sulfates de zinc, de fer, de cuivre, inositol, L-carnitine, iodure de potassium, sélénate de sodium, acidifiant : ferments lactiques (S. Thermophilus). * sous licence Biogaia AB. || Valeur énergétique en Joules :  2069kj || Valeur énergétique en Kcal : 494kcal || Glucides : 57,4g || Lipides : 23,7g || Protides :11,2g || Conservez la boite bien fermée à laide de son couvercle en plastique dans un endroit sec et frais, pas plus de 3 semaines après ouverture. Conditionné sous atmosphère protectrice. || 
18,34€ / Kg || 
14,67 € || 
Lait pour nourrissons en poudre, de 0 à 6 mois || Le pot de 800g || Origine : FRANCE || Nouveau Décor, Formule inchangée                                          Pourquoi GUIGOZ 1  Formule bAa ?                                          Dans les premiers mois de sa vie, l'alimentation de votre bébé est exclusivement lactée.Les Laboratoires GUIGOZ® ont mis au point GUIGOZ 1 Formule bAa, une formule qui convient à l'alimentation particulière du nourrisson, dès la naissance quand il n'est pas allaité*. Parlez en à votre médecin.                *Conformément à la réglementation || Précautions d'emploi:                                                         Afin d'éviter la formation de grumeaux, reconstituez le biberon avec de l'eau tiède (<40°C), préférez un biberon à large diamètre et une tétine à débit variable convenant àune formule épaissie.                                           Pour tiédir l'eau, nous vous déconseillons l'emploi du four à micro-ondes en raison du risque de brûlures: faites tiédir le biberon au bain-marie dans une casserole ou dans un chauffe-biberon.                                             Contrôlez la température sur la face interne de votre avant-bras               Veillez à toujours bien tenir votre bébé pendant qu'il prend son biberon, pour éviter tout risque d'étouffement.La formule légèrement acidifiée de Guigoz BAa1  peut entraîner une augmentation de la fréquence et un ramolissment des selles. Parlez-en à votre médecin. || Huiles végétales (oléine de palme, colza, coprah, tournesol), protéines solubles de lait, lactose, lait écrémé, amidons, maltodextrine, citrates de calcium et de potassium; émulsifiant: lécithine de soja; chlorures de magnésium, de sodium, de calcium; vitamines : C, niacine, pantothénate de calcium, E, A, B1, B6, B2, B9, K1, biotine, D; L-phénylalanine,  taurine,  sulfates ferreux, de zinc, de cuivre, de manganèse; L-histidine, inositol, culture de Lactobacillus reuteri DSM 17938*, L-carnitine,iodure de potassium, sélénate de sodium, acidifiant:  ferments lactiques (S. Thermophilus).                                         * sous licence Biogaia AB || Valeur énergétique en Joules :  2182kj || Valeur énergétique en Kcal : 521kcal || Glucides : 56,6g || Lipides : 27,7g || Protides :10,4g || Conservez la boite bien fermée à laide de son couvercle en plastique dans un endroit sec et frais, pas plus de 3 semaines après ouverture. || 
21,93€ / Kg || 
17,54 € || 
Lait 1er âge en poudre jusqu'à 6 mois, sans huile de palme || La boîte de 900g || Origine : FRANCE || Milumel 1er âge accompagne Bébé dans sa croissance. Grâce à son savoir-faire, Milumel a développé une formule qui respecte rigoureusement la réglémentation et répond aux besoins nutritionnels des bébés. De la naissance à 6 mois, Milumel apporte les éléments indispensables à la croissance de Bébé : fer, vitamines et acides gras essentiels.                              Caractéristiques de la formule Milumel 1er âge : Sans huile de palme, grâce à l'ajout de lipides laitiers.Aux nutriments essentiels, avec du fer, des vitamines et des acides gras essentiels (1).                                                            Produits en France, les laits infantiles en poudre Milumel sont fabriqués dans notreusine de Craon en Mayenne (53).                                                                                                          (1) Conformément à la réglementation. || Une fois reconstitué le lait devient un milieu fragile, il est donc important de ne pas conserver ni réutiliser le lait restant d'un biberon non terminé.    Le jeter sans hésiter. N'utiliser que la mesurette contenue dans cette boîte.  Ne jamais remettre une mesurette humide dans la poudre. || Lactose, maltodextrine, crème, huiles végétales (colza, tournesol, tournesol oléique), lait écrémé, protéines solubles de lait, minéraux (citrate tripotassique, phosphate tricalcique, carbonate de calcium, phosphate de magnésium, citrate trisodique,hydroxyde de potassium, chlorure de potassium, sulfate de zinc,sulfate ferreux, sélénite de sodium, iodure de potassium, sulfate de manganèse), émulsifiant (lécithine de soja), vitamines (C, PP, B5, A, K, B2, B6, B1, E, D, B9, H, B12), chlorure de choline, taurine, antioxygènes (palmitate d'ascorbyle, tocophérols), inositol, L-carnitine, ferments lactiques (Lactobacillus fermentum CECT 5716). || Valeur énergétique en Kcal : 66kcal || Glucides : 8,1g || Lipides : 3,1g || Protides :1,3g || Après chaque utilisation, bien refermer la boîte avec le couvercle. Conserver au frais et au sec. Utiliser le contenu dans les 4 semaines après ouverture. || 
19,11€ / Kg || 
17,20 € || 
Lait 1er âge, jusqu'à 6 mois || La boîte de 900g || Origine : FRANCE || Modilac 1 a été spécialement élaboré pour répondre aux besoins nutritionnels des nourrissons dès la naissance ou en relais de l'allaitement maternel.Sa formule contient des Oméga 3 et 6, lipides présents dans le lait maternel. || 1 mesurette = 30ml d'eau. Préparez le biberon immédiatement avant emploi. Une fois préparé, il est recommandé de le consommer dans l'heure. Versez dans le biberon la quantité d'eau nécessaire. Pour une meilleure reconstitution, l'eau doit être tiède(environ 40-45°C) avant ajout de la poudre. Remplissez de poudre la mesurette présente dans la boite, puis arasez la sur le rebord de la boite prévu à cet effet. Ajoutez le nombre correspondant de mesurettes rases de poudre dans l'eau en respectant bien la proportion. Bouchez le biberon et, pour faciliter la dissolution, roulez le entre vos mains puis agitez le vigoureusement. Avant de donner le biberon, contrôlez la température du lait en versant quelques gouttes sur votre poignet. Jetez le reste d'un biberon non terminé, ne le réutilisez pas. Le lait maternel est l'aliment idéal du nourrisson. Modilac 1 peut le compléter ou le remplacer si vous n'allaitez pas. Modilac 1 répond aux besoins du nourrisson jusqu'à 6 mois. Suivez les conseilsde votre médecin pour l'utilisation d'un lait infantile et pour l'alimentation de votre bébé. || Lait écrémé, huiles végétales (palme, tournesol oléique, soja, coprah) dont acides gras polyinsaturés à longue chaîne (ARA, DHA), lactose, maltodextrine, protéines solubles déminéralisées, protéines solubles, émulsifiants (lécithine de soja, monoglycérides d'acides gras), citrate de sodium, carbonate de calcium, bicarbonate de potassium, chlorure de potassium, L-arginine, chlorure de calcium, vitamine C, hydroxyde de calcium, chlorure de magnésium, taurine, L-histidine, inositol, chlorure de choline, sulfate de fer, L-carnitine, antioxygènes (extrait riche en tocophérols, palmitate de L-ascorbyle), sulfate de zinc, cytidine-5' monophosphate, vitamine E, niacine, uridine-5' monophosphate de sodium, adénosine-5' monophosphate, pantothénate decalcium, inosine-5' monophosphate de sodium, guanosine-5' monophosphate de sodium, thiamine, vitamine A, sulfate de cuivre, riboflavine, vitamine B6, sulfate de manganèse, acide folique, iodure de potassium, vitamine K, bêta-carotène, biotine, sélénite de sodium, vitamine D, vitamine B12. || Valeur énergétique en Joules :  2132kj || Valeur énergétique en Kcal : 510,0kc || Glucides : 58g || Lipides : 26g || Protides :9,5g || Avant ouverture, conservez la boite à l'abri d'une source de chaleur. Après ouverture, fermez la boite et conservez la dans un endroit frais et sec. Utilisez la poudre dans un délai de 4 semaines. Conditionné sous atmosphère protectrice. || 
22,88€ / Kg || 
20,59 € || 
Lait 1er âge, jusqu'à 6 mois, formule epaissie || La boîte de 800g || Origine : FRANCE || Valeur énergétique en Joules :  2149kj || Valeur énergétique en Kcal : 513kcal || Glucides : 61,0g || Lipides : 25,7g || Protides :9,5g || 
21,60€ / Kg || 
17,28 € || 
Lait 1er âge, jusqu'à 6 mois, oméga 3 || La boîte de 800g || Origine : FRANCE || Valeur énergétique en Joules :  2171kj || Valeur énergétique en Kcal : 519kcal || Glucides : 57,8g || Lipides : 27,7g || Protides :9,6g || 
21,11€ / Kg || 
16,89 € || 
Lait 1er âge en relais de l'allaitement maternel, jusqu'à 6 mois || La boîte de 800g || Origine : FRANCE || Valeur énergétique en Joules :  2171kj || Valeur énergétique en Kcal : 519kcal || Glucides : 57,8g || Lipides : 27,7g || Protides :9,6g || 
23,13€ / Kg || 
18,50 € || 
Lait 2ème âge, dès 5 mois, certifié AB || La boîte de 900g || Origine : FRANCE || Une composition nutritionnelle avancée : à partir du 5ème mois, le lait reste l'aliment liquide essentielle du nourrisson. Babybio 2ème âge permet, en complément d'une alimentation diversifiée de couvrir, les besoins nutritionnels les plus exigeantsde cette tranche d'âge. Le lait de vache n'est pas adapté aux besoins spécifiques de l'enfant en bas âge, il est donc conseillé de poursuivre Babybio 2ème âge jusqu'à 3 ans. Il apporte du fer, du calcium, un apport équilibré en acides gras essentiels, des protéines en quantité étudiée. || Maltodextrines*, lait écrémé*, lactosérum déminéralisé*, huiles végétales de 1ère pression à froid* (olive*, colza*, tournesol*), huile de palme*, phosphate tricalcique, carbonate de calcium, phosphate dipotassique, chlorure de magnésium, citrate desodium, chlorure de potassium, vitamine C, lactate de fer, oxyde de magnésium, hydroxyde de potassium, sulfate de zinc, vitamine E, sulfate de cuivre, vitamine A, iodure de potassium, vitamine D. *ingrédients d'origine agricole issus de l'agriculturebiologique. || Valeur énergétique en Joules :  2033Kj || Valeur énergétique en Kcal : 8498Kcal || Glucides : 58,26g || Lipides : 22,74g || Protides :12g || Veillez à bien refermer la boîte et à la conserver au sec jusqu'à 4 semaines maximum après ouverture. || 
20,66€ / Kg || 
18,59 € || 
Lait 2ème âge, dès 5 mois, certifié AB || La boîte de 900g || Origine : FRANCE || Une composition nutritionnelle avancée : à partir du 5ème mois, le lait reste l'aliment liquide essentielle du nourrisson. Babybio 2ème âge permet, en complément d'une alimentation diversifiée de couvrir, les besoins nutritionnels les plus exigeantsde cette tranche d'âge. Le lait de vache n'est pas adapté aux besoins spécifiques de l'enfant en bas âge, il est donc conseillé de poursuivre Babybio 2ème âge jusqu'à 3 ans. Il apporte du fer, du calcium, un apport équilibré en acides gras essentiels, des protéines en quantité étudiée. || Maltodextrines*, lait écrémé*, lactosérum déminéralisé*, huiles végétales de 1ère pression à froid* (olive*, colza*, tournesol*), huile de palme*, phosphate tricalcique, carbonate de calcium, phosphate dipotassique, chlorure de magnésium, citrate desodium, chlorure de potassium, vitamine C, lactate de fer, oxyde de magnésium, hydroxyde de potassium, sulfate de zinc, vitamine E, sulfate de cuivre, vitamine A, iodure de potassium, vitamine D. *ingrédients d'origine agricole issus de l'agriculturebiologique. || Valeur énergétique en Joules :  2033Kj || Valeur énergétique en Kcal : 8498Kcal || Glucides : 58,26g || Lipides : 22,74g || Protides :12g || Veillez à bien refermer la boîte et à la conserver au sec jusqu'à 4 semaines maximum après ouverture. || 
20,66€ / Kg || 
18,59 € || 
Bledilait 1er age des la naissance jusqu'à 6 mois || La boite de 900g || Origine : FRANCE || Mis au point par Blédina Blédilait 1 convient à l'alimentation particulière des nourrissons dès la naissance et jusqu'à 6 mois, conformément à la réglementation. || Le dosage et la fréquence des biberons sont proposés à titre indicatif. Le corps médical pourra adapter le régime quotidien de votre bébé en fonction de ses besoins spécifiques. Lavez-vous toujours les mains ainsi que votre plan de travail avant de préparer le biberon. Bien respecter les instructions suivantes afin d'éviter des risques pour la santé de votre bébé. Préparer le biberon juste avant le repas. Utilisez exclusivement la mesurette contenue dans cette boite. Une fois préparé, il est recommandé de consommer le biberon dans la demi-heure. Après la tétée, si votre bébé n'a pas tout bu, jetez le reste du biberon sans hésiter. Blédilait 1, par sa formulation peut entraîner une modification de la fréquence et de l'aspect des selles, sansqu'il faille s'en inquiéter. Pour tout nouveau changement de préparation infantile, nous vous recommandons d'effecteur une transition progressive en introduisant chaque jour un biberon de la nouvelle formule. Le lait maternel reste l'aliment idéal du nourrisson. Toutefois, si vous ne pouvez pas ou ne souhaitez pas allaiter, votre médecin vous conseillera un lait pour nourrissons répondant aux besoins nutritionnels spécifiques de votre enfant. Ce lait pour nourrisson convient à l'alimentation devotre enfant dès la naissance s'il n'est pas allaité. N'en changez pas sans demander l'avis de votre médecin. || LactosÍrum dÍminÍralisÍ - huiles vÍgÍtales (palme, colza, coprah, tournesol, mortierella alpina) - lactose - lait ÍcrÍmÍ - galacto-oligosaccharides - protÍines de lactosÍrum concentrÍes - fructo-oligosaccharides - carbonate de calcium - huile de poisson - chlorure de potassium - citrate de potassium - vitamine C - chlorures de magnÍsium et de choline - Ímulsifiant : lÍcithine de soja - taurine - citrate de sodium - nuclÍotides - sulfate de fer - antioxydant : extrait riche en tocophÍrols - sulfate de zinc - inositol - niacine - L-tryptophane - acide pantothÍnique - acide folique - sulfate de cuivre - vitamines : A, E, biotine, B12, B1, D3, B6 - sulfate de manganÈse - iodure de potassium - sÍlÍnite de sodium -vitamine K1. || Valeur énergétique en Joules :  2025 || Valeur énergétique en Kcal : 483 || Glucides : 54 || Lipides : 24.5 || Protides :9.7 || Une fois ouverte, la boite peut se conserver au maximum 4 semaines, bien refermée dans un endroit sec et frais. Conditionné sous atmosphère protectrice. || 
19,30€ / Kg || 
17,37 € || 
Bledilait 2eme age  des 6 mois jusqu'à 1 an || La boite de 900g || Origine : FRANCE || Blédilait 2 a été formulé pour répondre aux besoins nutritionnels des bébés de 6 mois à 1 an dans le cadre d'une alimentation diversifiée, conformément à la réglementation. || Le dosage et la fréquence des biberons sont proposés à titre indicatif. Le corps médical pourra adapter le régime quotidien de votre bébé en fonction de ses besoins spécifiques. Lavez-vous toujours les mains ainsi que votre plan de travail avant de préparer le biberon. Bien respecter les instructions suivantes afin d'éviter des risques pour la santé de votre bébé. Préparer le biberon juste avant le repas. Utilisez exclusivement la mesurette contenue dans cette boite. Une fois préparé, il est recommandé de consommer le biberon dans la demi-heure. Après la tétée, si votre bébé n'a pas tout bu, jetez le reste du biberon sans hésiter. Blédilait 2, par sa formulation peut entraîner une modification de la fréquence et de l'aspect des selles, sansqu'il faille s'en inquiéter. Pour tout nouveau changement de préparation infantile, nous vous recommandons d'effecteur une transition progressive en introduisant chaque jour un biberon de la nouvelle formule. Le lait maternel, aliment exclusif des premières semaines de vie, reste l'aliment de base du jeune enfant lorsque son régime de diversifie. Les impératifs nutritionnels de la croissance du nourrisson font conseiller dès 6 mois et jusqu'à l'âge d'un an l'utilisation d'un lait de suite spécialement étudié pour cette période de la vie. Le lait de suite, qui n'est qu'un élément d'une alimentation diversifiée, ne peut être utilisé comme substitut de lait maternel pendant les 6 premiers mois de la vie. La décision d'introduire des aliments || Lactose - lait ÍcrÍmÍ - huiles vÍgÍtales (palme, colza, coprah, tournesol) - galacto-oligosaccharides - fructooligosaccharides - carbonate de calcium - chlorure de potassium - vitamine C - chlorure de choline - taurine - Ímulsifiant : lÍcithine de soja - nuclÍotides - sulfate de fer - L-tryptophane - inositol - antioxydant : extrait riche en tocophÍrols - L-isoleucine - sulfate de zinc - L-cystÍine - niacine - L-carnitine - acide pantothÍnique - acide folique - sulfate de cuivre - vitamines : A,E, biotine, B1, D3, B12, B6 - sulfate de manganÈse - iodure de potassium - vitamine K1 - sÍlÍnite de sodium. || Valeur énergétique en Joules :  1950 || Valeur énergétique en Kcal : 465 || Glucides : 59 || Lipides : 20.5 || Protides :9.3 || Une fois ouverte, la boite peut se conserver au maximum 4 semaines, bien refermée dans un endroit sec et frais. Conditionné sous atmosphère protectrice. || 
15,42€ / Kg || 
13,88 € || 
Blédilait confort Premium 6mois à 1an || La boite de 900g || Origine : FRANCE || Blédilait Premium 2 a été conçu pour contribuer au confort digestif de votre enfant, grâce à sa formule contenant de la lactase et à sa consistance épaissie avec de l'amidon. || Utilisez toujours 1 mesurette de poudre dans 30ml d'eau. Lavez vous toujours les mains ainsi que votre plan de travail avant de préparer les biberons. Versez la quantité d'eau froide nécessaire dans un biberon stérilisé. Utilisez la mesurette placéeà l'intérieur de la boîte. Ajoutez le nombre correspondant de mesurettes en vous aidant du bord araseur de la boite pour enlever le surplus. Visser la bague en plastique, agitez horizontalement pendant une dizaine de secondes. Puis agitez verticalement. Contrôlez la température de la préparation à l'intérieur de votre poignet. Après avoir donné le biberon, nettoyez le à l'eau savonneuse ainsi que les accessoires. Rincez le tout abondamment à l'eau claire puis stérilisez l'ensemble. Préparez le biberon juste avant le repas. Une fois préparé, il est recommandé de consommer le biberon dans la demi-heure. Après la tétée si votre bébé n'a pas tout bu, jetez le reste du biberon sans hésiter. Le lait maternel, aliment exclusif des premières semaines de vie, reste l'aliment de base du jeune enfant lorsque son régime se diversifie. Les impératifs nutritionnels de la croissance du nourrisson font conseiller dès 6 mois et jusqu'à l'âge d'un an l'utilisation d'un lait de suite spécialement étudiépour cette période de la vie. Le lait de suite, qui n'est qu'un élément d'une alimentation diversifiée, ne peut être utilisé comme substitut de lait maternel pendant les 6 premiers mois de la vie. La décision d'introduire des aliments complémentaires || Lait écrémé, maltodextrines, matières grasses végétales (palme, coprah, colza, tournesol), lactose, lactosérum partiellement déminéralisé, amidons (maïs, pomme de terre), taurine, inositol, bifidobactéries, ferments lactiques, émulsifiant : lécithines de soja, antioxydant : extrait riche en tocophérols, vitamines : A, D3, E, C, B1, B2, PP, B6, acide folique, B12, biotine, pantothénate de calcium, K1, minéraux : citrates de calcium, de magnésium, de potassium, de sodium et de choline, chlorures de magnésium et de potassium, phosphate de calcium, sulfates de fer, de zinc, de cuivre et de manganèse, bicarbonates de sodium et de potassium, iodure de potassium. || Valeur énergétique en Joules :  1969kj || Valeur énergétique en Kcal : 469kcal || Glucides : 63,8 || Lipides : 18,8 || Protides :11,1g || Une fois ouverte, la boite peut se conserver au maximum 4 semaines bien refermée dans un endroit sec et frais. Conditionné sous atmosphère protectrice. || 
17,27€ / Kg || 
15,54 € || 
Lait 2e âge || La bouteille de 500ml || Origine : FRANCE || Blédilait est le seul lait 2ème âge au vitafer : une association exclusive de fer et de vitamine C dans une microcapsule, pour une meilleure absorption de fer. Pratique prêt à l'emploi. || Agitez bien la bouteille avant ouverture, versez le lait infantile dans le biberon stérilisé, selon les volumes indiqués : 6-9 mois = 230ml (3 biberons par 24h), 9-12 mois : 250ml (2 biberons par 24h). Donnez à température ambiante ou faites tiédir si le lait infantile a été conservé au réfrigérateur. Une fois préparé, il est recommandé de consommer le biberon dans la demi-heure. Après le repas, jetez sans hésiter le reste d'un biberon non terminé. Blédilait 2ème âge formule liquide est prêt à l'emploi : ne pas ajouter d'eau, ne pas faire bouillir, peut être réchauffer au micro-ondes dans un récipient adapté. Le lait maternel reste l'aliment de base même lorsque le régime alimentaire se diversifie. Les impératifs nutritionnels de la croissance du nourrisson font conseiller jusqu'à l'âge de 1 an l'utilisation de lait 2ème âge, spécialement étudié pour cette période de la vie. Le lait de suite ne peut pas être utilisé comme un substitut du lait maternel pendant les 6 premiers mois de lavie. La décision d'introduire des aliments complémentaires, en particulier avant l'âge de 6 mois, ne devrait être prise que sur avis d'un professionnel de la santé. || Lait écrémé, matières grasses végétales (palme, colza, coprah, tournesol), maltodextrines, lactosérum partiellement déminéralisé, lactose, phospholipides de soja, émulsifiants : lécithine de soja, monodiglycérides de colza, antioxydant : extrait riche en tocophérols, vitamines A, D3, E, C, B1, B2, PP, B6, acide folique, B12, biotine, pantothénate de calcium, K1, minéraux : citrates de calcium, de magnésium et de sodium, phosphate de calcium, sulfates de fer, de zinc, de cuivre et de manganèse, bicarbonate de sodium, iodure de potassium. || Avant ouverture, conserver à température ambiante. Après ouverture, conserver au réfrigérateur et consommer dans les 48 heures. Conditionné sous atmosphère protectrice. || 
3,36€ / L || 
1,68 € || 
Lait 2ème âge, de 6 à 12 mois, en relais de l'allaitement maternel || La boîte de 900g || Origine : FRANCE || Blédilait Relais 2ème âge garantit ainsi à votre bébé une croissance harmonieuse et sans carences jusqu'à 1 an. || Préparez le biberon juste avant le repas. Utilisez exclusivement la mesurette contenue dans cette boîte. Une fois préparé, il est recommandé de consommer le biberon dans la demi-heure. Versez la quantité d'eau froide nécessaire dans un biberon stérilisé. Utilisez la mesurette et ajoutez le nombre correspondant en vous aidant du bord araseur de la boîte pour enlever le surplus. Agitez horizontalement pendant une dizaine de secondes. Puis agitez verticalement pendant une dizaine de secondes. Contrôlez la température sur l'intérieur de votre poignet. Après la tétée, si votre bébé n'a pas tout bu, jetez le reste du biberon sans hésiter. || Lait écrémé, maltodextrines, matières grasses végétales (palme, coprah, colza, tournesol), lactose, lactosérum partiellement déminéralisé, protéines de sérum hydrolysées, taurine, inositol, ferments lactiques, bifidobactéries, émulsifiant : lécithinede soja, antioxydant : extrait riche en tocophérols, vitamines : A, D3, E, C, B1, B2, PP, B6, acide folique, B12, biotine, pantothénate de calcium, K1, minéraux : citrates de calcium, magnésium, potassium, sodium et choline, chlorures de magnésium et potassium, phosphate de calcium, sulfates de fer, zinc, cuivre et manganèse, diphosphate ferrique, bicarbonates de sodium et potassium, iodure de potassium. || Valeur énergétique en Joules :  2043 || Valeur énergétique en Kcal : 487 || Glucides : 63g || Lipides : 22g || Protides :10,3g || Une fois ouverte, la boîte peut se conserver au maximum 4 semaines bien refermée dans un endroit sec et frais. Conditionné sous atmosphère protectrice. || 
18,11€ / Kg || 
16,30 € || 
Lait 2ème âge, de 5 à 12 mois || La boîte de 900g || Origine : FRANCE || Le laboratoire Gallia a mis au point Gallia Calisma 2ème âge. Parce que ses bienfaits s'inspirent de ceux du lait maternel, ce lait a été conçu pour prendre le relais de l'allaitement maternel.Elaboré à partir de deux ferments lactiques rigoureusement sélectionnés par la recherche Gallia, le lait Gallia Calisma 2ème âge a été formulé pour répondre aux besoins nutritionnels des bébés de 6 mois à 1 an. || Préparez le biberon juste avant le repas. Utilisez exclusivement la mesurette contenue dans cette boîte. Une fois préparé, il est recommandé de consommer le biberon dans la demi-heure. Versez la quantité d'eau froide nécessaire dans un biberon stérilisé. Utilisez la mesurette et ajoutez le nombre correspondant en vous aidant du bord araseur de la boîte pour enlever le surplus. Agitez horizontalement pendant une dizaine de secondes. Puis agitez verticalement pendant une dizaine de secondes. Contrôlez la température sur l'intérieur de votre poignet. Après la tétée, si votre bébé n'a pas tout bu, jetez le reste du biberon sans hésiter. || Lait écrémé, lactose, matières grasses végétales (palme, coprah, colza, tournesol), maltodextrines, sérum partiellement déminéralisé, protéines de lait, bifidobactéries, ferments lactiques, nucléotides, émulsifiants : lécithine de soja, antioxydant :extrait riche en tocophérols, vitamines : A, D3, E, C, B1, B2, PP, B6, acide folique, B12, biotine, pantothénate de calcium, K1, minéraux : citrates de calcium, de potassium, de sodium, chlorure de magnésium, phosphates de calcium et de potassium, sulfates de fer, de zinc, de cuivre et de manganèse, carbonate de sodium, iodure de potassium. || Valeur énergétique en Joules :  303 || Valeur énergétique en Kcal : 72,4 || Glucides : 9,1 || Lipides : 3,2 || Protides :1,86 || Une fois ouverte, la boîte peut se conserver au maximum 4 semaines bien refermée dans un endroit sec et frais. Conditionné sous atmosphère protectrice. || 
18,39€ / Kg || 
16,55 € || 
Lait 2ème âge, de 6 à 12 mois || La boite de 900g || Origine : FRANCE || Le Laboratoire Gallia a mis au point Galliagest 2 pour aider au confort digestif chez le nourrisson. Grâce à sa consistance épaissie, tout en répondant aux besoins nutritionnels spécifiques du nourrisson de 6 à 12 mois, dans le cadre dune alimentation diversifiée, conformément à la réglementation. || Le dosage et la fréquence des biberons sont proposés à titre indicatif. Le corps médical pourra adapter le régime quotidien de votre bébé en fonction de ses besoins spécifiques. Utilisez toujours 1 mesurette de poudre dans 30 ml d'eau. Préparer le biberon juste avant le repas. Pour préparer le biberon, utilisez exclusivement la mesurette contenu dans cette boîte. Une fois préparé, il est conseillé de consommer le biberon dans la demi-heure. Après la tétée, si votre bébé na pas tout bu, jetez lereste du biberon sans hésiter. Formule épaissie pouvant nécessiter lutilisation dune tétine adaptée. Le lait maternel est, pour chaque nourrisson, laliment idéal et naturel. Toutefois, si vous ne pouvez pas ou ne souhaitez pas allaiter, le corpsmédical vous conseillera une préparation infantile répondant aux besoins nutritionnels spécifiques de votre enfant. Ce produit convient à lalimentation de votre bébé, nen changez pas sans demander lavis de votre médecin. La préparation de suite est un élément de lalimentation diversifiée des nourrissons à partir de 6 mois et ne peut pas être utilisée comme substitut du lait maternel pendant les 6 premiers mois de la vie. La décision dintroduire des aliments complémentaires doit être prise sur lavis des professionnels de santé. || Lait ÍcrÍmÍ - huiles vÍgÍtales (palme, colza, coprah,tournesol) - lactosÍrum partiellement dÍminÍralisÍ (lait) - maltodextrines -amidons - lactose (lait) -Ímulsifiant : lÍcithine de soja - nuclÍotides - taurine -bifidobactÍries - inositol -citrate decholine - ferments lactiques - antioxydant :extrait riche en tocophÍrols -Vitamines : C, niacine, K, D, A,acide pantothÍnique, B6, B12,B1, B2, acide folique, biotine -MinÍraux : citrates de calcium et de potassium, chlorure de magnÍsium, sulfates defer, de zinc et de cuivre,iodure de potassium, sulfate de manganÈse, sÍlÍnite de sodium. || Valeur énergétique en Joules :  2010 || Valeur énergétique en Kcal : 479 || Glucides : 59.8 || Lipides : 21.8 || Protides :10.5 || Avant ouverture, entreposez dans un endroit propre et sec. Une fois ouverte, la boîte peut se conserver au maximum 4 semaines, bien refermée, dans un endroit sec et frais. Conditionné sous atmosphèreprotectrice. || 
19,92€ / Kg || 
17,93 € || 
Lait 2ème âge, de 6 à 12 mois || La boîte de 900g || Origine : FRANCE || Lactose (lait) - huiles vÍgÍtales (palme, col za, coprah,tournesol, mortierella alpina) -maltodextrines - lait ÍcrÍmÍ -protÍines de lactosÍrum concentrÍes (lait) - galactooligosaccharides (GOS) (lait) -fructo-oligosaccharides (FOS) -huile de poisson- chlorure de choline - taurine - Ímulsifiant :lÍcithine de soja - inositol -antioxydant : extrait riche en tocophÍrols - L-tryptophane -nuclÍotides - L-carnitine -vitamines : C, niacine, acide pantothÍnique, acide folique, A,E, biotine, B1, D3, B12,B6, B2,K1 ? minÍraux : carbonate de calcium, citrate de potassium,chlorure de calcium, sulfate de fer,phosphate de calcium, chlorure de magnÍsium, sulfates de zinc,cuivre et manganÈse, iodure de potassium, sÍlÍnite de sodium. || Valeur énergétique en Joules :  1960 || Valeur énergétique en Kcal : 467 || Glucides : 59.3 || Lipides : 20.6 || Protides :9.3 || 
17,17€ / Kg || 
15,45 € || 
Guigoz 2 dès 6 mois omega 3 || La boite de 820g || Origine : FRANCE || Au moment de la diversification alimentaire, le lait de suite reste l'élément indispensable de l'alimentation de bébé dès 6 mois jusqu'à 1 an. Guigoz 2 répond aux besoins nutritionnels de votre bébé dès 6 mois jusqu'à 1 an dans le cadre d'une alimentation diversifiée avec notamment : de l'acide alpha-linolénique (AAL), un acide gras essentiel de la famille des Oméga 3 qui contribue au développement du tissu cérébral et nerveux. Du fer nécessaire au système immunitaire. Du calcium et de la vitamine D qui contribuent au développement des os. Hygiénique & pratique. Un support pour poser la mesurette ! || Dosages à respecter impérativement : une mesurette arasée (4,5 g) dans 30 ml d'eau. Une quantité inappropriée de poudre peut conduire à la déshydratation ou priver votre enfant d'une nutrition adéquate. La fréquence des biberons et les quantités à préparer sont des indications moyennes. La fréquence des biberons et les quantités à préparer sont des indications moyennes. Le volume et le nombre de biberons sont à ajuster par les professionnels de santé aux besoins de chaque enfant. A partir de 6 mois, l'alimentation de votre bébé se diversifie (céréales, fruits, légumes). Consultez votre médecin pour tout information supplémentaire. Pour tiédir l'eau, nous vous déconseillons l'emploi du four à micro-ondes en raison du risque de brûlures : faites tiédir le biberon au bain-marie dans casserole ou dans un chauffe-biberon. Contrôlez la température sur la face interne de votre avant-bras. Veillez à toujours bien tenir votre bébé pendant qu'il prend son biberon, pour éviter tout risque d'étouffement. Dès que votre bébé est assez grand, proposez lui la tasse au lieu du biberon. Le lait maternel est, pour chaque nourrisson, l'aliment idéal et naturel. Toutefois, si vous ne pouvez pas ou ne souhaitez pas allaiter, le Corps Médical vous conseillera un lait infantile pour votre enfant. N'en changez pas sans demander l'avis de votre médecin. Le lait de suite est un élément de l'alimentation diversifiée des nourrissons à partir de 6 mois et ne peut être utilisé comme substitut du lait mater || Lait écrémé, protéines solubles de lait, maltodextrine, huiles végétales (oléine de palme, colza, coprah, tournesol), lactose, citrates de calcium, de potassium et de sodium, phosphate de calcium, émulsifiant : lécithine de soja, chlorures de magnésium, de sodium, vitamines C, E, pantothénate de calcium, niacine, B1, A, B6, B2, D, K, B9, biotine, B12, sulfates ferreux, de zinc, de cuivre, antioxydant : palmitate de L-ascorbyle, culture de lactobacillus reuteri DSM 17938*, sélénate de sodium, iodure de potassium. *sous licence Biogaia AB. || Valeur énergétique en Joules :  2089kj || Valeur énergétique en Kcal : 498kcal || Glucides : 61,9g || Lipides : 23,6g || Protides :9,6g || Conservez la boîte bien fermée à l'aide de son couvercle en plastique dans un endroit sec et frais, pas plus de 3 semaines après son ouverture. Conditionné sous atmosphère protectrice. || 
17,27€ / Kg || 
14,16 € || 
Guigoz formule epaissie 2 || La boite de 820g || Origine : FRANCE || Valeur énergétique en Joules :  2087kj || Valeur énergétique en Kcal : 498kcal || Glucides : 61,9g || Lipides : 23,5g || Protides :9,7g || 
19,15€ / Kg || 
15,70 € || 
Lait 2ème âge, en relais de l'allaitement maternel, de 6 mois à 1 an || La boîte de 800g || Origine : FRANCE || Valeur énergétique en Joules :  2041kj || Valeur énergétique en Kcal : 487kcal || Glucides : 58,2g || Lipides : 22,4g || Protides :13,1g || 
18,93€ / Kg || 
15,14 € || 
Lait 2ème âge, de 6 mois à 12 mois, sans huile de palme || La boîte de 900g || Origine : FRANCE || De 6 mois à 1 an, Milumel 2ème âge accompagne Bébé dans sa croissance.    Grâce à son savoir-faire, Milumel a développé une formule qui respecte rigoureusement la réglementation et répond aux besoins nutritionnels des bébés.Dès 6 mois, au moment de la diversification alimentaire, Milumel apporte les éléments indispensables à la croissance de Bébé : fer, vitamines et acides gras essentiels.Caractéristiques de la formule Milumel 2ème âge : sans huile de palme, grâce à l'ajout de lipides laitiers.                                         Aux nutriments essentiels, avec du fer, des vitamines et des acides gras essentiels(1). Produits en France, les laits infantiles en poudre Milumel sont fabriqués dans notre usine de Craon en Mayenne (53).                                                                                            (1) Conformément à la réglementation. || Une fois reconstitué le lait devient un milieu fragile, il est donc important de ne pas conserver ni réutiliser le lait restant d'un biberon non terminé. Le jeter sans hésiter. N'utiliser que la mesurette contenue dans cette boîte. Ne jamais remettreune mesurette humide dans la poudre. || Lactose, maltodextrines, crème, lait écrémé, huiles végétales (colza, tournesol oléique, tournesol ), protéines solubles de lait, minéraux (phosphate tricalcique, sulfate de magnésium, hydroxyde de potassium, citrate trisodique, sulfate ferreux, carbonate de calcium, sulfate de zinc, selenite de sodium, iodure de potassium, sulfate de cuivre, sulfate de manganèse), émulsifiant (lécithine de soja), vitamines (C, PP, B5, A, K, B1, B6, D, B2, B9, H, B12), chlorure de choline, taurine, antioxygènes(palmitate d'ascorbyle, tocophérols), inositol, L-carnitine, ferments lactiques (Lactobacillus fermentum CECT 5716). || Valeur énergétique en Kcal : 69kcal || Glucides : 7,8g || Lipides : 3,6g || Protides :1,4g || Après chaque utilisation, bien refermer la boîte avec le couvercle. Conserver au frais et au sec. Utiliser le contenu dans les 4 semaines après ouverture. || 
14,43€ / Kg || 
12,99 € || 
Lait Bio 2ème âge, de 6 mois à 12 mois, sans huile de palme || La boîte de 900g || Origine : FRANCE || Milumel Bio 2ème âge apporte à votre bébé les nutriments nécessaires à sa croissance : fer, vitamines et acides gras essentiels, conformément à la réglementation. Milumel Bio 2ème âge est un produit issu de l'agriculture biologique, certifié par ECOCERT SAS F32600 (5101956). || Une fois reconstitué le lait devient un milieu fragile, il est donc important de ne pas conserver ni réutiliser le lait restant d'un biberon non terminé.    Le jeter sans hésiter. N'utiliser que la mesurette contenue dans cette boîte.  Ne jamais remettre une mesurette humide dans la poudre. || Lait écrémé*, maltodextrines*, matières grasses végétales* (huile de colza*, huile de coprah*, huile de tournesol*), lactose*, minéraux (carbonate de calcium, hydroxyde de potassium, phosphate de magnésium, sulfate de fer, sulfate de zinc, sélénite de sodium, sulfate de cuivre, iodure de potassium, sulfate de manganèse), émulsifiant (lécithine de soja),vitamines (C,A,PP,D,B5,E,K,B1,B6,B2,B9, H, B12), antioxygène (tocophérols).* Ingrédients issus de lagriculture biologique. || Valeur énergétique en Kcal : 63kcal || Glucides : 8,2g || Lipides : 2,7g || Protides :1,6g || Après chaque utilisation, bien refermer la boite avec le couvercle. Conserver au frais et au sec. Utiliser le contenu dans les 4 semaines après ouverture. || 
15,89€ / L || 
14,30 € || 
Lait Bio 2ème âge, de 6 mois à 12 mois, sans huile de palme || La boîte de 900g || Origine : FRANCE || Milumel Bio 2ème âge apporte à votre bébé les nutriments nécessaires à sa croissance : fer, vitamines et acides gras essentiels, conformément à la réglementation. Milumel Bio 2ème âge est un produit issu de l'agriculture biologique, certifié par ECOCERT SAS F32600 (5101956). || Une fois reconstitué le lait devient un milieu fragile, il est donc important de ne pas conserver ni réutiliser le lait restant d'un biberon non terminé.    Le jeter sans hésiter. N'utiliser que la mesurette contenue dans cette boîte.  Ne jamais remettre une mesurette humide dans la poudre. || Lait écrémé*, maltodextrines*, matières grasses végétales* (huile de colza*, huile de coprah*, huile de tournesol*), lactose*, minéraux (carbonate de calcium, hydroxyde de potassium, phosphate de magnésium, sulfate de fer, sulfate de zinc, sélénite de sodium, sulfate de cuivre, iodure de potassium, sulfate de manganèse), émulsifiant (lécithine de soja),vitamines (C,A,PP,D,B5,E,K,B1,B6,B2,B9, H, B12), antioxygène (tocophérols).* Ingrédients issus de lagriculture biologique. || Valeur énergétique en Kcal : 63kcal || Glucides : 8,2g || Lipides : 2,7g || Protides :1,6g || Après chaque utilisation, bien refermer la boite avec le couvercle. Conserver au frais et au sec. Utiliser le contenu dans les 4 semaines après ouverture. || 
15,89€ / L || 
14,30 € || 
Lait 2ème âge de 6 à 12 mois || La boîte de 900g || Origine : FRANCE || Modilac 2 convient à l'alimentation progressivement diversifiée du nourrisson à partir de 6 mois et participe activement à sa croissance et à son éveil. || 1 mesurette = 30ml d'eau. Préparez le biberon immédiatement avant emploi. Une fois préparé, il est recommandé de le consommer dans l'heure. Versez dans le biberon la quantité d'eau nécessaire. Pour une meilleure reconstitution, l'eau doit être tiède(environ 40-45°C) avant ajout de la poudre. Remplissez de poudre la mesurette présente dans la boite, puis arasez la sur le rebord de la boite prévu à cet effet. Ajoutez le nombre correspondant de mesurettes rases de poudre dans l'eau en respectant bien la proportion. Bouchez le biberon et, pour faciliter la dissolution, roulez le entre vos mains puis agitez le vigoureusement. Avant de donner le biberon, contrôlez la température du lait en versant quelques gouttes sur votre poignet. Modilac 2 convient à l'alimentation progressivement diversifiée du nourrisson à partir de 6 mois. Il ne doit pas être utilisé comme substitut du lait maternel avant l'âge de 6 mois. Avant d'initier la diversification alimentaire y compris avant l'âge de 6 mois,demandez conseil à un professionnel de santé. || Lait écrémé, protéines solubles déminéralisées, huiles végétales (soja, tournesol oléique, palme, coprah, colza), lactose, maltodextrine, galacto-oligosaccharides, protéines solubles, émulsifiant (lécithine de soja), phosphate de calcium, citrate depotassium, chlorure de sodium, citrate de magnesium, chlorure de potassium, vitamine C, bitartrate de choline, fructo-oligosaccharides, hydroxyde de calcium, taurine, inositol, sulfate de fer, hydroxyde de potassium, antioxydants (extrait riche en tocophérols, palmitate de L-ascorbyle), vitamine E, sulfate de zinc, L-carnitine, nicotinamide, pantothénate de calcium, sulfate de cuivre, vitamine A, thiamine, vitamine B6, sulfate de cuivre, vitamine A, thiamine, vitamine B6, sulfate de manganèse, iodure de potassium, acide folique, vitamine K, biotine, sélénite de sodium, vitamine D, vitamine B12, ferments lactiques (Lactobacillus rhamnosus, Bifidobacterium infantis). || Valeur énergétique en Joules :  2011kj || Valeur énergétique en Kcal : 480kcal || Glucides : 57,8g || Lipides : 22g || Protides :11,2g || Avant ouverture, conservez la boite à l'abri d'une source de chaleur. Après ouverture, fermez la boite et conservez la dans un endroit frais et sec. Utilisez la poudre dans un délai de 4 semaines. Conditionné sous atmosphère protectrice. || 
18,37€ / Kg || 
16,53 € || 
Lait 2ème âge, de 6 mois à 1 an || La boîte de 800g || Origine : FRANCE || 
17,91€ / Kg || 
14,33 € || 
Lait 2ème âge, de 6 mois à 1 an, oméga 3 et 6 || La boîte de 800g || Origine : FRANCE || Valeur énergétique en Joules :  2072kj || Valeur énergétique en Kcal : 495kcal || Glucides : 60,7g || Lipides : 23,6g || Protides :9,9g || 
16,88€ / Kg || 
13,50 € || 
Lait 2ème âge en relais de l'allaitement maternel, de 6 mois à 1 an || La boîte de 800g || Origine : FRANCE || NIDAL NOVAIA 2 : présente une composition unique notamment en protéines grâce au procédé exclusif Nestlé, apporte tous les éléments nutritionnels nécessaires (dont fer et 13 vitamines).Contribue à la croissance de votre bébé. Nouvelle mesurette pluspratique et plus hygiénique, spécialement conçue pour la formule Nidal Novaïa 2, présente à l'ouverture dans une compartiment séparé. || Dosage à respecter impérativement : 1 mesurette (4,5g) dans 30ml d'eau. Utilisez exclusivement la mesurette contenue dans la boîte. Utilisez une eau minérale ou une eau de source convenant aux nourrissons. Le lait infantile Nidal Novaïa 2 peut être consommé à température ambiante ou tiède. La préparation du biberon doit s'effectuer juste avant le repas. Stérilisez le biberon. Pour servir tiède : faites chauffez l'eau au bain-marie dans une casserole ou dans un chauffe-biberon à 40°C maximum. Ajoutez le nombre exact de mesurette correspondant au volume d'eau. Arasez chaque mesurette sur le rebord. Après utilisation, déposez la mesurette sur son support, dans la boîte. Fermez le biberon. Secouez énergiquement de haut en bas jusqu'à dissolution complète de la poudre. Contrôler la température sur le dos de la main. Nettoyez minutieusement le biberon. Nous vous déconseillons l'emploi du four à micro-ondes en raison du risque de brûlures. Préparez un seul biberon à la fois et donnez-le immédiatement à votre bébé. Jetez sans hésiter le reste d'un biberon non terminé. Veillez à toujours bien tenir votre bébé pendant qu'il prend son biberon, pour éviter le risque d'étouffement. Le lait maternel est, pour chaque nourrisson, l'aliment idéalet naturel. Toutefois, si vous ne pouvez pas ou ne souhaitez pas allaiter, le Corps Médical vous conseillera un lait infantile pour votre enfant. N'en changez pas sans demander l'avis de votre médecin. || Dextrine-maltose, huiles végétales, protéines solubles de lait, lait écrémé, lactose, citrates de calcium, de potassium et de sodium, phosphates de potassium et de calcium, émulsifiant : lécithine de soja, chlorures de sodium et de magnésium, vitamines : C, E, pantothénate de calcium, niacine, A, B1, B6, B2, acide folique, biotine, D, K, sulfates de fer, de zinc et de cuivre, iodure de potassium, sélénate de sodium. || Valeur énergétique en Joules :  2072kj || Valeur énergétique en Kcal : 494kcal || Glucides : 60,6g || Lipides : 23,6g || Protides :9,9g || Conservez la boite bien fermée à laide de son couvercle en plastique dans un endroit sec et frais, pas plus de 3 semaines après ouverture. Conditionné sous atmosphère protectrice. || 
19,13€ / Kg || 
15,30 € || 
Croissance, de 10 mois à 3 ans, en poudre, certifié AB || La boîte de 900g || Origine : FRANCE || Votre enfant a des besoins spécifiques auxquels le lait de vache ne répond pas, Babybio a développé Babybio Croissance Bio au Bifidus élaboré avec du lait de vache d'origine française. || Versez dans le biberon stérilisé la quantité d'eau indiquée tiédie à 40°C maximum. Ajoutez à l'eau le nombre de mesurettes arasées nécessaires. Fermez et agitez vigoureusement le biberon. Les volumes et le nombre de repas pourront être adaptés aux besoins de chaque enfant, en accord avec le corps médical. Lavez-vous les mains avant chaque préparation. Le biberon doit être préparé juste avant le repas. Jetez tout reste de biberon sans hésiter. N'utilisez que la mesurette contenue dans cette boîte. Veillez à bien refermer la boîte. Après le repas, nettoyer soigneusement le biberon et tous les accessoires. || Maltodextrines de maïs*, lait écrémé*, lactosérum déminéralisé*, huiles végétales de première pression à froid* (colza*, olive*, tournesol*), huile de palme non hydrogénée*, concentré de minéraux du lait (calcium), vitamine C, chlorure de magnésium,citrate de sodium, lactate de fer, hydroxyde de potassium, sulfate de zinc, chlorure de potassium, vitamine E naturelle (D-alpha tocophérol acétate), niacine, iodure de potassium, acide pantothénique, sélénite de sodium, sulfate de cuivre, oxyde de magnésium, vitamine A, riboflavine, vitamine B6, thiamine, acide folique, sulfate de manganèse, vitamine K1, biotine, vitamine D, vitamine B12, bifidobactéries (bifidobactérium lactis). Sans gluten. || Valeur énergétique en Joules :  2055kj || Valeur énergétique en Kcal : 490kcal || Glucides : 59,5g || Lipides : 22,7g || Protides :12g || Se conserve à température ambiante. Conserver au sec jusqu'à 4 semaines maximum après ouverture. || 
18,87€ / Kg || 
16,98 € || 
Croissance, de 10 mois à 3 ans, en poudre, certifié AB || La boîte de 900g || Origine : FRANCE || Votre enfant a des besoins spécifiques auxquels le lait de vache ne répond pas, Babybio a développé Babybio Croissance Bio au Bifidus élaboré avec du lait de vache d'origine française. || Versez dans le biberon stérilisé la quantité d'eau indiquée tiédie à 40°C maximum. Ajoutez à l'eau le nombre de mesurettes arasées nécessaires. Fermez et agitez vigoureusement le biberon. Les volumes et le nombre de repas pourront être adaptés aux besoins de chaque enfant, en accord avec le corps médical. Lavez-vous les mains avant chaque préparation. Le biberon doit être préparé juste avant le repas. Jetez tout reste de biberon sans hésiter. N'utilisez que la mesurette contenue dans cette boîte. Veillez à bien refermer la boîte. Après le repas, nettoyer soigneusement le biberon et tous les accessoires. || Maltodextrines de maïs*, lait écrémé*, lactosérum déminéralisé*, huiles végétales de première pression à froid* (colza*, olive*, tournesol*), huile de palme non hydrogénée*, concentré de minéraux du lait (calcium), vitamine C, chlorure de magnésium,citrate de sodium, lactate de fer, hydroxyde de potassium, sulfate de zinc, chlorure de potassium, vitamine E naturelle (D-alpha tocophérol acétate), niacine, iodure de potassium, acide pantothénique, sélénite de sodium, sulfate de cuivre, oxyde de magnésium, vitamine A, riboflavine, vitamine B6, thiamine, acide folique, sulfate de manganèse, vitamine K1, biotine, vitamine D, vitamine B12, bifidobactéries (bifidobactérium lactis). Sans gluten. || Valeur énergétique en Joules :  2055kj || Valeur énergétique en Kcal : 490kcal || Glucides : 59,5g || Lipides : 22,7g || Protides :12g || Se conserve à température ambiante. Conserver au sec jusqu'à 4 semaines maximum après ouverture. || 
18,87€ / Kg || 
16,98 € || 
Croissance Bio De 10 mois à 3 ans || Les 6 bouteilles de 1L || Origine : FRANCE || Babybio apporte pour votre bébé tous les éléments nécessaire pour un bon développement : du fer, du calcium naturel, des vitamines, des protéines et des acides gras essentiels. || Nettoyez et stérilisez soigneusement biberons et tétines (1/4 d'heure à ébullition ou à froid dans un appareil approprié). Agiter le pack et verser la quantité souhaitée dans le biberon. Ne pas ajouter d'eau ni de sucre. Peut être réchauffé (40°C maxi, vérifier la température sur l'intérieur de votre poignet). Jeter toujours un biberon entamé. || Lait partiellement écrémé*, eau, maltodextrines*, huiles végétales* (colza*, tournesol*), lactose*, vitamines : A, B1, B2, B5, B6, B8, B9, B12, C, D3, E, K1 et PP, subtances d'apport minéral : sulfates de fer, de magnésium, de zinc, de cuivre et de manganèse, citrate de sodium, iodure de potassium, hydroxyde de potassium, sélénite de sodium, émulsifiant : lécithine de colza. *ingrédients issus de l'agriculture biologique. || Valeur énergétique en Joules :  284kj || Valeur énergétique en Kcal : 68kcal || Glucides : 8,2g || Lipides : 3g || Protides :2g || Se conserve à température ambiante avant ouverture. || 
2,61€ / L || 
15,68 € || 
Croissance Bio De 10 mois à 3 ans || Les 6 bouteilles de 1L || Origine : FRANCE || Babybio apporte pour votre bébé tous les éléments nécessaire pour un bon développement : du fer, du calcium naturel, des vitamines, des protéines et des acides gras essentiels. || Nettoyez et stérilisez soigneusement biberons et tétines (1/4 d'heure à ébullition ou à froid dans un appareil approprié). Agiter le pack et verser la quantité souhaitée dans le biberon. Ne pas ajouter d'eau ni de sucre. Peut être réchauffé (40°C maxi, vérifier la température sur l'intérieur de votre poignet). Jeter toujours un biberon entamé. || Lait partiellement écrémé*, eau, maltodextrines*, huiles végétales* (colza*, tournesol*), lactose*, vitamines : A, B1, B2, B5, B6, B8, B9, B12, C, D3, E, K1 et PP, subtances d'apport minéral : sulfates de fer, de magnésium, de zinc, de cuivre et de manganèse, citrate de sodium, iodure de potassium, hydroxyde de potassium, sélénite de sodium, émulsifiant : lécithine de colza. *ingrédients issus de l'agriculture biologique. || Valeur énergétique en Joules :  284kj || Valeur énergétique en Kcal : 68kcal || Glucides : 8,2g || Lipides : 3g || Protides :2g || Se conserve à température ambiante avant ouverture. || 
2,61€ / L || 
15,68 € || 
Lait croissance de 10 mois à 3 ans fer et vitamines sans arôme   ajouté || La bouteille de 1L || Origine : FRANCE || lait partiellement ecreme*, eau, maltodextrines*, huiles vegetales* (colza*, tournesol*), lactose*, vitamines : a, b1, b2, b5, b6, b8, b9, b12, c, d3, e, k1 et pp, substances  d'apport mineral : sulfates de fer, de magnesium, de zinc, de cuivre et demanganese, citrate de sodium, iodure de potassium, hydroxyde de potassium, selenite de sodium, emulsifiant : lecithine de colza. || 
2,81€ / L || 
2,81 € || 
Lait croissance de 10 mois à 3 ans fer et vitamines sans arôme   ajouté || La bouteille de 1L || Origine : FRANCE || lait partiellement ecreme*, eau, maltodextrines*, huiles vegetales* (colza*, tournesol*), lactose*, vitamines : a, b1, b2, b5, b6, b8, b9, b12, c, d3, e, k1 et pp, substances  d'apport mineral : sulfates de fer, de magnesium, de zinc, de cuivre et demanganese, citrate de sodium, iodure de potassium, hydroxyde de potassium, selenite de sodium, emulsifiant : lecithine de colza. || 
2,81€ / L || 
2,81 € || 
Blédilait 2éme age à partir de 6 mois || Les 6 bouteilles de 50cl || Origine : FRANCE || Eau dÍminÍralisÍe - lait ÍcrÍmÍ - lactose (lait) - huiles vÍgÍtales Ýpalme, colza, coprah (soja), tournesol~ -galacto-oligosaccharides (lait) - Ímulsifiant (mono et diglycÍrides d'acides gras) - fructo-oligosaccharides - taurine -inositol - nuclÍotides - L-tryptophane - antioxydant: extrait riche en tocophÍrols -L-carnitine - minÍraux (citrate de calcium,chlorure de potassium, citrate de potassium,hydroxyde de potassium, citrate de sodium, chlorure de choline, lactate de fer, sulfate de zinc, gluconate de cuivre,sÍlÍnite de sodium, iodure de potassium,sulfate de manganÈse) - vitamines (C, A,D3, niacine, acide pantothÍnique, biotine,acide folique, B2, K1, B12, B1, B6). || Valeur énergétique en Joules :  285 || Valeur énergétique en Kcal : 68 || Glucides : 8.6 || Lipides : 3 || Protides :1.4 || 
2,65€ / L || 
7,96 € || 
Bledilait croissance + || La boite de 900g || Origine : FRANCE || INGRñDIENTS : Lait ÍcrÍmÍ - lactose (lait) - lactoserum (lactoserum dÍminÍralisÍ, protÍines de lactoserum concentrÍes) (lait) - maltodextrine - galacto-oligosaccharides (GOS) (lait) - Huiles vÍgÍtales (palme, tournesol, colza) - fructo-oligosaccharides (FOS) (lait) - Ímulsifiant: lÍcithine de soja - taurine - antioxydant: extrait riche en tocophÍrols - Vitamines : C, niacine, acide pantothÍnique, acide folique, E, A, biotine, D3, B1, B6, B2, B12, K1 - MinÍraux : phosphate de calcium, carbonate de calcium, citrates de potassium et de sodium, chlorure de magnÍsium, de choline et de potassium,sulfate de fer, de zinc et de cuivre, iodure de potassium,sulfate de manganÈse, sÍlÍnite de sodium. || Valeur énergétique en Joules :  1880 || Valeur énergétique en Kcal : 448 || Glucides : 57.5 || Lipides : 18.7 || Protides :10 || 
14,23€ / Kg || 
12,81 € || 
Croissance, de 10 mois à 3 ans || La bouteille de 1L || Origine : FRANCE || Le seul lait de croissance au Vitafer : une association exclusive de fer et de vitamine C protégée par une micro-capsule pour une meilleure assimilation du fer. || Ce lait est prêt à l'emploi.  Ne pas ajouter d'eau. Verser le lait dans un contenant propre et réchauffer si vous le souhaitez sans faire bouillir. Agiter avant de consommer. || Lait écrémé, lactose, matières grasses végétales (palme, coprah, colza, tournesol), saccharose, arôme : vanilline, émulsifiant : lécithine de soja, antioxydant : extrait riche en tocophérols, vitamines : A, D3, E, C, B1, B2, PP, B6, acide folique, B12, biotine, pantothénate de calcium, K1, minéraux : citrate de calcium, de magnésium et de sodium, phosphate de calcium, sulfate de fer, de zinc et de cuivre, bicarbonate de sodium, iodure de potassium. || Avant ouverture, conserver à température ambiante. Après ouverture, refermez soigneusement à l'aide du bouchon, conservez dans le réfrigérateur et consommez dans les 48 heures. || 
2,20€ / L || 
2,20 € || 
Croissance, de 10 mois à 3 ans || Les 18 bouteilles de 250ml || Origine : FRANCE || Blédilat Croissance 250ml, un format pratique pour vous faciliter la vie à la maison ou lors de vos déplacements. Une bouteille = Un biberon. || Eau - Lait écrémé - perméat de lactosérum (lait) - matières grasses végétales (palme, coprah, colza, tournesol) - saccharose - arôme : vanilline - émulsifiant : lÍcithines de soja - antioxydant : extrait riche en tocophérols - Vitamines : A, D3, E, C, B1, B2, PP, B6, acide folique, B12, biotine, pantothénate de calcium, K1 - Minéraux : citrates de calcium, magnésium et sodium, phosphate de calcium, sulfates de fer, zinc et cuivre, bicarbonate de sodium, iodure de potassium. || Valeur énergétique en Joules :  257 || Valeur énergétique en Kcal : 61 || Glucides : 8 || Lipides : 2.5 || Protides :1.7 || 
2,42€ / L || 
10,90 € || 
Croissance, de 10 mois à 3 ans || Les 6 bouteilles de 1L || Origine : FRANCE || 
1,90€ / L || 
11,39 € || 
Croissance, de 10 mois à 3 ans, prêt à l'emploi || La bouteille de 500ml || Origine : FRANCE || Le seul lait de croissance au Vitafer : une association exclusive de fer et de vitamine C protégée par une micro-capsule.Ainsi le fer arrive intact dans l'intestin de l'enfant et la vitamine C favorise ensuite son assimilation par l'organisme. || Ce lait est prêt à l'emploi, ne pas ajouter d'eau. Verser le lait dans un contenant propre et réchauffer si vous le souhaitez sans faire bouillir. Agiter avant de consommer. || Lait écrémé, perméat de lactosérum, matières grasses végétales (palme, coprah, colza, tournesol), saccharose, arôme : vanilline, émulsifiant : lécithine de soja, antioxydant : extrait riche en tocophérols, vitamines : A, D3, E, C, B1, B2, PP, B6, acide folique, B12, biotine, pantothénate de calcium, K1, minéraux : citrates de calcium, de magnésium et de sodium, phosphate de calcium, sulfates de fer, de zinc et de cuivre, bicarbonate de sodium, iodure de potassium. || Valeur énergétique en Joules :  252kj || Valeur énergétique en Kcal : 60KCal || Glucides : 7,9g || Lipides : 2,4g || Protides :1,8g || Avant ouverture, conserver à température ambiante. Après ouverture, refermer soigneusement à l'aide du bouchon, conserver dans le réfrigérateur et consommer dans les 48 heures. Conditionné sous atmosphère protectrice. || 
2,66€ / L || 
1,33 € || 
Croissance, de 10 mois à 3 ans, prêt à l'emploi || Les 4 bouteilles de 500ml || Origine : FRANCE || Blédilait Croissance avec Vitafer, construisez jour après jour le Capital Croissance de votre enfant.Blédilait Croissance au Vitafer : une association exclusive de fer et de vitamine C dans une micro-capsule, vitamine C et fer pour un fer mieux absorbé. || Lavez-vous les mains avant de préparer les biberons ainsi que votre plan de travail. Ce lait est prêt à l'emploi. Ne pas ajouter d'eau. Verser le lait infantile dans un contenant propre et réchauffer si vous le souhaitez sans faire bouillir. Agiter avant de consommer. Contrôler la température du lait infantile . Après avoir donné le biberon, nettoyez-le ainsi que ses accessoires à l'eau savonneuse. Rincez le tout abondamment à l'eau claire. Entreposez le contenant nettoyé, fermé dans un endroitsec et propre. Ce lait de suite est un élément d'une alimentation diversifiée. Seul un médecin pourra vous conseiller d'introduire des aliments complémentaires. Ce produit n'est pas un substitut du lait maternel. || Lait écrémé, Perméat de lactosérum, matières grasses végétales (palme, coprah, colza, tournesol), saccharose, arôme : vanilline, émulsifiant : lécithines de soja, antioxydant : extrait riche en tocophérols, vitamines : A, D3, E, C, B1, B2, PP, B6, acide folique, B12, biotine, pantothénate de calcium, K1, minéraux : citrates de calcium de magnésium et de sodium, phosphate de calcium, sulfates de fer, de zinc et de cuivre, bicarbonate de sodium, iodure de potassium. || Valeur énergétique en Joules :  250kj || Valeur énergétique en Kcal : 59,8kc || Glucides : 8,1g || Lipides : 2,3g || Protides :1,7g || Avant ouverture, conserver à température ambiante. Après ouverture, refermer soigneusement à l'aide du bouchon, conserver dans le régrigérateur et consommer dans les 48 heures. Conditionné sous atmosphère protectrice. || 
2,64€ / L || 
5,28 € || 
Lait nature croissance de 10 mois à 3 ans || La bouteille de 1L || Origine : FRANCE || Donner du lait infantile jusqu'à 3 ans est essentiel pour participer à l'équilibre alimentaire de votre enfant.Blédilait Croissance Nature c'est la garantie de l'expertise nutritionnelle de Blédilait, sans arôme vanille, et sans sucres ajoutés pour ne pas habituer votre enfant au goût sucré et faciliter la transition vers le lait de vache. || Ce lait infantile est prêt à l'emploi, ne pas ajouter d'eau. Verser le lait infantile dans un contenant propre et réchauffer si vous le souhaitez sans faire bouillir. Agiter avant de consommer. Contrôler la température du lait infantile. || Lait partiellement écrémé, perméat de lactosérum, matières grasses végétales (palme, coprah, colza, tournesol), émulsifiant : lécithine de soja, antioxydant : extrait riche en tocophérols, vitamines : A, D3, E, C, B1, B2, PP, B6, acide folique, B12,biotine, pantothénate de calcium, K1, minéraux : citrates de calcium, de magnésium et de sodium, phosphate de calcium, sulfates de fer, de zinc et de cuivre, bicarbonate de sodium, iodure de potassium. || Valeur énergétique en Joules :  257kj || Valeur énergétique en Kcal : 61kcal || Glucides : 8g || Lipides : 7,5g || Protides :1,7g || Avant ouverture, conserver à température ambiante. Après ouverture, refermer soigneusement à l'aide du bouchon, conserver dans le réfrigérateur et consommer dans les 48 heures. || 
2,49€ / L || 
2,49 € || 
Croissance, de 10 mois à 3 ans || La bouteille de 1L || Origine : FRANCE || Candia Croissance apporte à votre enfant les éléments essentiels à son développement, conformément à la règlementation: du fer et du zinc pour entretenir les défenses de son organisme.de la vitamine D pour son capital osseux, des acides gras essentiels pour son développement cérébral, des vitamines pour faire le plein d'énergie, et la juste dose de protéines pour son équilibre nutritionnel. || Quantité quotidienne conseillée par nos pédiatres: 500ml de Candia Croissance répartis dans la journée. Ce lait est prêt-à-l'emploi, ne pas rajouter d'eau, ni de sucre. Bien agiter la bouteille avant emploi. Peut-être réchauffé au micro-ondes dans unrécipient adapté. Ne pas faire bouillir. Ne pas préparer les biberons à l'avance et jeter toujours un biberon entamé. Vérifier la température avant de faire consommer. Candia Croissance peut être consommé froid ou chaud, nature ou mélangé. Candia Croissance convient à l'alimentation progressivement diversifiée du nourrisson à partir de 6 mois. Il ne peut être utilisé comme substitut du lait maternel. Les 6 premiers mois de la vie. La décision d'introduire des aliments complémentaires, y comprisavant l'âge de 6 mois, doit être prise sur avis d'un professionnel de la santé. || Lait partiellement écrémé, eau, lactose, huiles végétales (colza, tournesol), vitamines : A, B1, B2, B5, B6, B8, B9, B12, C, D3, E, K1 et PP, substances d'apport minéral :  sulfates de fer, magnésium, zinc, cuivre et manganèse, citrate de sodium, émulsifiant : lécithine de colza, éthylvanilline. Ne contient pas de gluten conformément à la règlementation. || Valeur énergétique en Joules :  272kj || Valeur énergétique en Kcal : 65KCal || Glucides : 8g || Lipides : 2,5g || Protides :2,6g || Avant ouverture, à conserver dans un endroit frais et sec. Après ouverture, à conserver au froid à +6°C maxi et à consommer dans les 48h. || 
1,99€ / L || 
1,99 € || 
Croissance, de 10 mois à 3 ans || Les 6 bouteilles de 1L || Origine : FRANCE || Candia Croissance apporte à votre enfant les éléments essentiels à son développement, conformément à la règlementation: du fer et du zinc pour entretenir les défenses de son organisme.de la vitamine D pour son capital osseux, des acides gras essentiels pour son développement cérébral, des vitamines pour faire le plein d'énergie, et la juste dose de protéines pour son équilibre nutritionnel. || Quantité quotidienne conseillée par nos pédiatres: 500ml de Candia Croissance répartis dans la journée. Ce lait est prêt à l'emploi, ne pas rajouter d'eau, ni de sucre. Bien agiter la bouteille avant emploi. Peut-être réchauffé au micro-ondes dans unrécipient adapté. Ne pas faire bouillir. Ne pas préparer les biberons à l'avance et jeter toujours un biberon entamé. Vérifier la température avant de faire consommer. Candia Croissance peut être consommé froid ou chaud, nature ou mélangé. Candia Croissance convient à l'alimentation progressivement diversifiée du nourrisson à partir de 6 mois. Il ne peut être utilisé comme substitut du lait maternel. Les 6 premiers mois de la vie. La décision d'introduire des aliments complémentaires, y comprisavant l'âge de 6 mois, doit être prise sur avis d'un professionnel de la santé. || Lait partiellement écrémé, eau, lactose, huiles végétales (colza, tournesol), vitamines : A, B1, B2, B5, B6, B8, B9, B12, C, D3, E, K1 et PP, substances d'apport minéral :  sulfates de fer, magnésium, zinc, cuivre et manganèse, citrate de sodium, émulsifiant : lécithine de colza, ethylvanilline. Ne contient pas de gluten conformément à la règlementation. || Avant ouverture, à conserver dans un endroit frais et sec. Après ouverture, à conserver au froid à +6°C maxi et à consommer dans les 48h. || 
1,79€ / L || 
10,72 € || 
Croissance, de 10 mois à 3 ans || Les 6 bouteilles de 250ml || Origine : FRANCE || Candia Croissance apporte à votre enfant les éléments essentiels : du fer et du zinc, de la vitamine D, des acides gras essentiels et des vitamines pour faire le plein d'énergie. || Prêt à l'emploi ne pas rajouter d'eau ni de sucre. Bien agiter la bouteille avant emploi. Peut être réchauffé au micro-ondes en retirant l'opercule d'aluminium ou dans un récipient  adapté. Ne pas faire bouillir. Ne pas préparer les biberons à l'avance et jeter toujours un biberon entamé. Vérifier toujours la température avant de faire consommer. Peut être consommer froid ou chaud, nature ou mélanger. Pour transformer la bouteille en biberon : 1.Appuyez sur la pré-découpe au centre du bouchon. 2.Mettez en place votre tétine habituelle. 3.Enlevez l'opercule d'aluminium, puis vissez le bouchon avec votre tétine sur la bouteille Croissance. Attention : toute conservation ou préparation incorrecte peut nuire à la santé de votre bébé. || Lait partiellement écrémé, eau, lactose, huiles végétales (colza, tournesol), vitamines : A, B1, B2, B5, B6, B8, B9, B12, C, D3, E, K1 et PP, substances d'apport minéral : sulfates de fer, magnésium, zinc, cuivre et manganèse, citrate de sodium, iodure et hydroxyde de potassium, sélénite de sodium, émulsifiant : lécithine de colza, éthylvanilline. Ne contient pas de gluten conformément à la réglementation. || Valeur énergétique en Joules :  262Kj || Valeur énergétique en Kcal : 62Kc || Glucides : 8g || Lipides : 2,6g || Protides :2g || Avant ouverture, à conserver dans un endroit frais et sec. Après ouverture, à conserver au froid à +6°C maxi et à consommer dans les 48h. || 
2,93€ / L || 
4,40 € || 
Croissance, de 10 mois à 3 ans, certifié AB || Les 4 bouteilles de 500ml || Origine : FRANCE || Candia croissance bio convient à l'alimentation progressivement diversifiée du nourrisson à partir de 6 mois. || Ce produit ne peut être utilisé comme substitut du lait maternel les 6 premiers mois de la vie. Ce lait est prêt à l'emploi, ne pas rajouter d'eau, ni de sucre. Bien agiter la bouteille avant l'emploi. Peut être réchauffé au four à micro-ondes dans un récipient adapté. Ne pas faire bouillir. Ne pas préparer les biberons à l'avance et jeter toujours un biberon entamé. Vérifier toujours la température avant de faire consommer. Peut être consommé froid ou chaud, nature ou mélangé. || Lait partiellement écrémé*, eau, lactose*, huiles végétales* ( colza, tournesol), arôme naturel, vitamines : A, B1, B2, B5, B6, B8, B9, B12, C, D3, E, K1 et PP, substances d'apport minéral : sulfates de fer, magnésium, zinc, cuivre et manganèse, citrate de sodium, iodure et hydroxyde de potassium, sélénite de sodium, émulsifiant : lécithine de colza. Ne contient pas de gluten. *Issus de l'agriculture biologique. Sans arômes artificiels. || Valeur énergétique en Joules :  266kj || Valeur énergétique en Kcal : 63kcal || Glucides : 8g || Lipides : 2,6g || Protides :2g || Avant ouverture, à conserver dans un endroit frais et sec, jusqu'à la date indiquée sur la bouteille. Après ouverture, à conserver au froid à +6° C et à consommer dans les 48h. || 
2,38€ / L || 
4,76 € || 
Croissance, de 10 mois à 3 ans, certifié AB || Les 4 bouteilles de 500ml || Origine : FRANCE || Candia croissance bio convient à l'alimentation progressivement diversifiée du nourrisson à partir de 6 mois. || Ce produit ne peut être utilisé comme substitut du lait maternel les 6 premiers mois de la vie. Ce lait est prêt à l'emploi, ne pas rajouter d'eau, ni de sucre. Bien agiter la bouteille avant l'emploi. Peut être réchauffé au four à micro-ondes dans un récipient adapté. Ne pas faire bouillir. Ne pas préparer les biberons à l'avance et jeter toujours un biberon entamé. Vérifier toujours la température avant de faire consommer. Peut être consommé froid ou chaud, nature ou mélangé. || Lait partiellement écrémé*, eau, lactose*, huiles végétales* ( colza, tournesol), arôme naturel, vitamines : A, B1, B2, B5, B6, B8, B9, B12, C, D3, E, K1 et PP, substances d'apport minéral : sulfates de fer, magnésium, zinc, cuivre et manganèse, citrate de sodium, iodure et hydroxyde de potassium, sélénite de sodium, émulsifiant : lécithine de colza. Ne contient pas de gluten. *Issus de l'agriculture biologique. Sans arômes artificiels. || Valeur énergétique en Joules :  266kj || Valeur énergétique en Kcal : 63kcal || Glucides : 8g || Lipides : 2,6g || Protides :2g || Avant ouverture, à conserver dans un endroit frais et sec, jusqu'à la date indiquée sur la bouteille. Après ouverture, à conserver au froid à +6° C et à consommer dans les 48h. || 
2,38€ / L || 
4,76 € || 
Lait de suite de 10 mois à 3 ans || La bouteille de 50cl || Origine : FRANCE || Candia croissance bio convient à l'alimentation progressivement diversifiée du nourrisson à partir de 6 mois. || Ce produit ne peut être utilisé comme substitut du lait maternel les 6 premiers mois de la vie. Ce lait est prêt à l'emploi, ne pas rajouter d'eau, ni de sucre. Bien agiter la bouteille avant l'emploi. Peut être réchauffé au four à micro-ondes dans un récipient adapté. Ne pas faire bouillir. Ne pas préparer les biberons à l'avance et jeter toujours un biberon entamé. Vérifier toujours la température avant de faire consommer. Peut être consommé froid ou chaud, nature ou mélangé. || Lait partiellement écrémé*, eau, lactose*, huiles végétales* ( colza, tournesol), arôme naturel, vitamines : A, B1, B2, B5, B6, B8, B9, B12, C, D3, E, K1 et PP, substances d'apport minéral : sulfates de fer, magnésium, zinc, cuivre et manganèse, citrate de sodium, iodure et hydroxyde de potassium, sélénite de sodium, émulsifiant : lécithine de colza. Ne contient pas de gluten. *Issus de l'agriculture biologique. Sans arômes artificiels. || Valeur énergétique en Joules :  266kj || Valeur énergétique en Kcal : 63kcal || Glucides : 8,0g || Lipides : 2,6g || Protides :2,0g || Avant ouverture, à conserver dans un endroit frais et sec, jusqu'à la date indiquée sur la bouteille. Après ouverture, à conserver au froid à +6° C et à consommer dans les 48h. || 
2,62€ / L || 
1,31 € || 
Lait de suite de 10 mois à 3 ans || La bouteille de 50cl || Origine : FRANCE || Candia croissance bio convient à l'alimentation progressivement diversifiée du nourrisson à partir de 6 mois. || Ce produit ne peut être utilisé comme substitut du lait maternel les 6 premiers mois de la vie. Ce lait est prêt à l'emploi, ne pas rajouter d'eau, ni de sucre. Bien agiter la bouteille avant l'emploi. Peut être réchauffé au four à micro-ondes dans un récipient adapté. Ne pas faire bouillir. Ne pas préparer les biberons à l'avance et jeter toujours un biberon entamé. Vérifier toujours la température avant de faire consommer. Peut être consommé froid ou chaud, nature ou mélangé. || Lait partiellement écrémé*, eau, lactose*, huiles végétales* ( colza, tournesol), arôme naturel, vitamines : A, B1, B2, B5, B6, B8, B9, B12, C, D3, E, K1 et PP, substances d'apport minéral : sulfates de fer, magnésium, zinc, cuivre et manganèse, citrate de sodium, iodure et hydroxyde de potassium, sélénite de sodium, émulsifiant : lécithine de colza. Ne contient pas de gluten. *Issus de l'agriculture biologique. Sans arômes artificiels. || Valeur énergétique en Joules :  266kj || Valeur énergétique en Kcal : 63kcal || Glucides : 8,0g || Lipides : 2,6g || Protides :2,0g || Avant ouverture, à conserver dans un endroit frais et sec, jusqu'à la date indiquée sur la bouteille. Après ouverture, à conserver au froid à +6° C et à consommer dans les 48h. || 
2,62€ / L || 
1,31 € || 
Croissance, à partir de 12 mois || Les 3 sachets de 400g || Origine : FRANCE || LactosÍrum dÍminÍralisÍ (de lait) - huile vÍgÍtale (palme, tournesol, colza) - lait ÍcrÍmÍ - maltodextrines - lactose - galacto-oligosaccharides - protÍines de lactosÍrum concentrÍes - fructo-oligosaccharides - taurine - Ímulsifiant : lÍcithine de soja - antioxydant : extrait riche en tocophÍrols - vitamines : C, niacine, acide pantothÍnique, acide folique, D3, A, E, biotine, B1, B6, B12, K1 - minÍraux : phosphate de calcium, carbonate de calcium, citrate de potassium et de sodium, chlorure de magnÍsium, de choline et de potassium, sulfate de fer, de zinc et de cuivre, iodure de potassium, sulfate de manganÈse, sÍlÍnite de sodium. || Valeur énergétique en Joules :  1880 || Valeur énergétique en Kcal : 449 || Glucides : 57.3 || Lipides : 18.7 || Protides :10 || 
13,43€ / Kg || 
16,12 € || 
Croissance, de 10 mois à 3 ans || La bouteille de 500ml || Origine : FRANCE || Gallia croissance est un lait spécialement conçu pour aider activement l'organisme de votre enfant et favoriser sa croissance harmonieuse. || Agitez bien avant emploi. N'ajoutez pas d'eau, ce lait est prêt à l'emploi. Réchauffez à feu doux sans faire bouillir. Contrôler la température à l'intérieur du poignet. || Lait écrémé, lactose, matières grasses végétales (palme, coprah, colza, tournesol), protéines de lait, bifidobactéries, ferments lactiques, émulsifiant : lécithine de soja, antioxydant : extrait riche en tocophérols, vitamines : A, D3, E, C, B1, B2,PP, B6, acide folique, B12, biotine, pantothénate de calcium, K1, minéraux : citrate de calcium et  de sodium, chlorure de magnésium, phosphates de calcium et de potassium, sulfates de fer, zinc et cuivre, carbonate et bicarbonate de sodium, iodure de potassium. || Valeur énergétique en Joules :  261kj || Valeur énergétique en Kcal : 62kcal || Glucides : 7,8g || Lipides : 2,5g || Protides :2,1g || Avant ouverture, conservez à température ambiante. Après ouverture, conservez au réfrigérateur et consommez dans les 48 heures. Conditionné sous atmosphère protectrice. || 
3,18€ / L || 
1,59 € || 
Croissance, de 10 mois à 3 ans || Les 4 bouteilles de 500ml || Origine : FRANCE || Gallia croissance c'est aussi un goût nature, sans ajout d'arôme vanille, pour ne pas habituer votre bébé au goût sucré. || Agitez bien avant emploi. N'ajoutez pas d'eau, ce lait est prêt à l'emploi. Réchauffé à feu doux sans faire bouillir ou au micro-ondes dans un récipient adapté. Agiter avant de consommer. Contrôler la température sur l'intérieur du poignet. || Lait écrémé, lactose, matières grasses végétales (palme, coprah, colza, tournesol), protéines de lait, bifidobactéries, ferments lactiques, émulsifiant : lécithine de soja, antioxydant : extrait riche en tocophérols, vitamines : A, D3, E, C, B1, B2,PP, B6, acide folique, B12, biotine, pantothénate de calcium, K1, minéraux : citrates de calcium et de potassium, chlorure de magnésium, phosphate de calcium et de potassium, sulfate de fer, zinc et cuivre, carbonate et bicarbonate de sodium, iodurede potassium. || Valeur énergétique en Joules :  267Kj || Valeur énergétique en Kcal : 64KCal || Glucides : 8,3g || Lipides : 2,45g || Protides :2,1g || Avant ouverture, conserver à température ambiante. Après ouverture, conservez au réfrigérateur et consommez dans les 48 heures. Conditionné sous atmosphère protectrice. || 
2,88€ / L || 
5,75 € || 
Croissance, de 12 mois à 3 ans, en poudre || Le pot de 900g || Origine : FRANCE || Gallia Croissance est un lait spécialement conçu pour aider activement l'organisme de votre enfant et favoriser sa croissance harmonieuse. || Utilisez uniquement la mesurette contenue dans cette boîte de lait. Une mesurette arasée ajoutée à 30ml d'eau. Préparez le biberon juste avant le repas. Une fois préparé, il est recommandé de consommer le biberon dans la demi-heure. Versez la quantité d'eau froide nécessaire dans un biberon propre. Utilisez la mesurette et ajoutez le nombre correspondant en vous aidant du bord araseur de la boite pour enlever le surplus. Agitez horizontalement puis verticalement pendant une dizaine de secondes.Contrôlez la température du lait à l'intérieur de votre poignet. Après la tétée, si votre bébé n'a pas tout bu, jetez le reste du biberon sans hésiter. || Lait écrémé, matières grasses végétales (palme, coprah, colza, tournesol), lactose, maltodextrines, sérum partiellement déminéralisé, protéines de lait, bifidobactéries, ferments lactiques, nucléotides, émulsifiant : lécithine de soja, antioxydant :extrait riche en tocophérols, vitamines : A, B3, E, C, B1, B2, PP, B6, ac. folique, B12, biotine, pantothénate de calcium, k1, minéraux : citrates de calcium, de magnésium et de sodium, chlorure de magnésium, phosphates de calcium et de potassium, sulfates de fer, de zinc, de cuivre et de manganèse, bicarbonates de sodium et de potassium, iodure de potassium. || Valeur énergétique en Joules :  2020Kj || Valeur énergétique en Kcal : 481KCal || Glucides : 60,6g || Lipides : 20,9g || Protides :12,8g || Une fois ouverte, la boîte peut se conserver au maximum 4 semaines bien refermée dans un endroit sec et frais. Conditionné sous atmosphère protectrice. || 
13,50€ / Kg || 
12,15 € || 
Galliagest croissance  riche en fer || La boite de 900g || Origine : FRANCE || Riche en fer. Source de fibres. La formule Galliagest Croissance a été développée par nos experts de la nutrition infantile pour participer à répondre aux besoins nutritionnels spécifiques de votre enfant dès 12 mois dans le cadre d'une alimentationdiversifiée. Galliagest Croissance est source de fibres, en donnant 2 biberons de Galliagest Croissance à votre enfant, vous couvrez 50% de ses besoins journaliers en fibres. || Plus de 25 biberons de 240 ml reconstitués. Le dosage des biberons sont proposés à titre indicatif. Le corps médical pourra adapter le régime quotidien de votre bébé en fonction de ses besoins spécifiques. Utilisez toujours 1 mesurette de poudre dans30 ml d'eau. Age de l'enfant : dès 12 mois. Poids moyen du bébé : de 9,6 à 14,6 kg. Nombre de biberons par 24 h : 2 à 3. Préparation du biberon : 210 ml d'eau et 7 mesurettes. Galliagest Croissance, par sa formulation, peut entrainer une modification de la fréquence et de l'aspect des selles, sans qu'il faille s'en inquiéter. || IngrÍdients : Lait ÍcrÍmÍ - lactose (lait) - lactoserum (lactoserum dÍminÍralisÍ, protÍines de lactoserum concentrÍes) (lait) - sirop de galacto- oligosaccharides (GOS) (lait) - maltodextrines - huiles vÍgÍtales (palme,tournesol, colza) - poudre de galactooligos a c cha rides (GOS) (lait) - fructooligos a c cha r ides (FOS) - Ímulsifiant :lÍcithine de soja -taurine - antioxydant : extrait riche en tocophÍrols ? Vitamines :C, niacine, acide p a n t o t h Í n i q u e ,acide folique, E, A,biotine,B1, D3, B6,B2, B12, K1 ? MinÍraux : phosphate de calcium, carbonate de calcium, citrates de potassium et de sodium, chloruresde magnÍsium et de choline, sulfate de fer, chlorure de potassium, sulfates de zinc et de cuivre, iodure de potassium, sulfate de manganÈse,sÍlÍnite de sodium. || Valeur énergétique en Joules :  1860 || Valeur énergétique en Kcal : 444 || Glucides : 55.6 || Lipides : 18.7 || Protides :10 || Conditionné sous atmosphère protectrice. Une fois ouverture, la boîte peut se conserver au maximum 4 semaines, bien fermée, dans un endroit sec et frais. || 
16,30€ / Kg || 
14,67 € || 
Lait Croissance, à partir de 12 mois || La bouteille de 1l || Origine : FRANCE || Gallia Croissance est un lait infantile spécialement conçu pour répondre aux besoins nutritionnels de votre enfant et favoriser sa croissance harmonieuse. || Agitez bien avant emploi. N'ajoutez pas d'eau, ce lait est prêt à l'emploi. Réchauffez à feu doux sans faire bouillir. Contrôler la température à l'intérieur du poignet. || Lait écrémé, lactose, matières grasses végétales (palme, coprah, colza, tournesol), protéines de lait, bifidobactéries, ferments lactiques, émulsifiant : lécithine de soja, antioxydant : extrait riche en tocophérols, vitamines : A, D3, E, C, B1, B2,PP, B6, acide folique, B12, biotine, pantothénate de calcium, K1, minéraux : citrate de calcium et  de sodium, chlorure de magnésium, phosphates de calcium et de potassium, sulfates de fer, zinc et cuivre, carbonate et bicarbonate de sodium, iodure de potassium. || Valeur énergétique en Joules :  261kj || Valeur énergétique en Kcal : 62kcal || Glucides : 8,2g || Lipides : 2,5g || Protides :1,7g || Avant ouverture, conservez à température ambiante. Après ouverture, conservez au réfrigérateur et consommez dans les 48 heures. Conditionné sous atmosphère protectrice. || 
2,58€ / L || 
2,58 € || 
Croissance en poudre dès 12 mois || Le pot de 800g || Origine : FRANCE || Préparation lactée en poudre pour enfants en bas âge, à partir de 12 mois.Jusqu'aux 3 ans de bébé, le lait de vache n'est pas recommandé car il contient trop de protéines et pas assez de fer, ni d'acides gras essentiels.  Le Lait GUIGOZ Croissance Poudre est la solution adaptée aux besoins nutritionnels du petit enfant, car il apporte environ 24 fois plus de fer et 5 fois plus d'Acides linoléiques (Acide Gras essentiel) en moyenne que le lait de vache. Toujours plus à l'écoute des bébés, nos laboratoires ont développé une formule croissance  exclusive avec du Lactobacillus reute.      GUIGOZ Croissance Poudre a été élaboré pour aider à mieux satisfaire les Besoins nutritionnels des grands bébés et favoriser leur bien-être grâce à:une composition protéique optimisée : 1,5g/100mL soit 2 fois moins que le lait de vache, des acides gras essentiels, du fer et des vitamines, un goût nature pour de bonnes habitudes alimentaires, du Lactobacillus reuteri || Le lait infantile (pour nourrissons) reconstitué est un milieu fragile qui peut facilement s'altérer.                                                        -Utilisez une eau minérale ou une eau de source convenant aux nourrissons      -Le lait infantile GUIGOZ Croissance peut être consommé à température ambiante ou tiède. Nous vous déconseillons l'emploi du four à micro-ondes en raison du risque de brûlures                                                              - Préparez un seul biberonà la fois et donnez-le immédiatement à votre bébé. Jetez sans hésiter le reste d'un biberon non terminé.                           -Conservez la boîte bien fermée à l'aide de son couvercle en plastique dans un  endroit sec et frais, pas plus de 3 semaines après ouverture.                 -Veillez à toujours bien tenir votre bébé pendant qu'il prend son biberon, pou r éviter le risque d'étouffement.Respectez toujours un seul dosage : une mesurette arasée (4.5 g de poudre) pour30 ml d'eau. La fréquence des biberons et les quantités à préparer sont des indications moyennes.Le volume et le nombre de biberons sont à adapter par le Corps Médical, aux besoins de chaque enfant. Offrez le biberon sans l'imposer, en acceptant des écarts de volume d'une tétée à l'autre. || Avant ouverture : conservation à température ambiante.                                              Après ouverture : conservation 3 semaines à température ambiante. || 
10,20€ / Kg || ##
Croissance en poudre dès 12 mois || Le pot de 800g || Origine : FRANCE || Préparation lactée en poudre pour enfants en bas âge, à partir de 12 mois.Jusqu'aux 3 ans de bébé, le lait de vache n'est pas recommandé car il contient trop de protéines et pas assez de fer, ni d'acides gras essentiels.  Le Lait GUIGOZ Croissance Poudre est la solution adaptée aux besoins nutritionnels du petit enfant, car il apporte environ 24 fois plus de fer et 5 fois plus d'Acides linoléiques (Acide Gras essentiel) en moyenne que le lait de vache. Toujours plus à l'écoute des bébés, nos laboratoires ont développé une formule croissance  exclusive avec du Lactobacillus reute.      GUIGOZ Croissance Poudre a été élaboré pour aider à mieux satisfaire les Besoins nutritionnels des grands bébés et favoriser leur bien-être grâce à:une composition protéique optimisée : 1,5g/100mL soit 2 fois moins que le lait de vache, des acides gras essentiels, du fer et des vitamines, un goût nature pour de bonnes habitudes alimentaires, du Lactobacillus reuteri || Le lait infantile (pour nourrissons) reconstitué est un milieu fragile qui peut facilement s'altérer.                                                        -Utilisez une eau minérale ou une eau de source convenant aux nourrissons      -Le lait infantile GUIGOZ Croissance peut être consommé à température ambiante ou tiède. Nous vous déconseillons l'emploi du four à micro-ondes en raison du risque de brûlures                                                              - Préparez un seul biberonà la fois et donnez-le immédiatement à votre bébé. Jetez sans hésiter le reste d'un biberon non terminé.                           -Conservez la boîte bien fermée à l'aide de son couvercle en plastique dans un  endroit sec et frais, pas plus de 3 semaines après ouverture.                 -Veillez à toujours bien tenir votre bébé pendant qu'il prend son biberon, pou r éviter le risque d'étouffement.Respectez toujours un seul dosage : une mesurette arasée (4.5 g de poudre) pour30 ml d'eau. La fréquence des biberons et les quantités à préparer sont des indications moyennes.Le volume et le nombre de biberons sont à adapter par le Corps Médical, aux besoins de chaque enfant. Offrez le biberon sans l'imposer, en acceptant des écarts de volume d'une tétée à l'autre. || Avant ouverture : conservation à température ambiante.                                              Après ouverture : conservation 3 semaines à température ambiante. || 
10,20€ / Kg || ##
Croissance en poudre dès 12 mois || Le pot de 800g || Origine : FRANCE || Préparation lactée en poudre pour enfants en bas âge, à partir de 12 mois.Jusqu'aux 3 ans de bébé, le lait de vache n'est pas recommandé car il contient trop de protéines et pas assez de fer, ni d'acides gras essentiels.  Le Lait GUIGOZ Croissance Poudre est la solution adaptée aux besoins nutritionnels du petit enfant, car il apporte environ 24 fois plus de fer et 5 fois plus d'Acides linoléiques (Acide Gras essentiel) en moyenne que le lait de vache. Toujours plus à l'écoute des bébés, nos laboratoires ont développé une formule croissance  exclusive avec du Lactobacillus reute.      GUIGOZ Croissance Poudre a été élaboré pour aider à mieux satisfaire les Besoins nutritionnels des grands bébés et favoriser leur bien-être grâce à:une composition protéique optimisée : 1,5g/100mL soit 2 fois moins que le lait de vache, des acides gras essentiels, du fer et des vitamines, un goût nature pour de bonnes habitudes alimentaires, du Lactobacillus reuteri || Le lait infantile (pour nourrissons) reconstitué est un milieu fragile qui peut facilement s'altérer.                                                        -Utilisez une eau minérale ou une eau de source convenant aux nourrissons      -Le lait infantile GUIGOZ Croissance peut être consommé à température ambiante ou tiède. Nous vous déconseillons l'emploi du four à micro-ondes en raison du risque de brûlures                                                              - Préparez un seul biberonà la fois et donnez-le immédiatement à votre bébé. Jetez sans hésiter le reste d'un biberon non terminé.                           -Conservez la boîte bien fermée à l'aide de son couvercle en plastique dans un  endroit sec et frais, pas plus de 3 semaines après ouverture.                 -Veillez à toujours bien tenir votre bébé pendant qu'il prend son biberon, pou r éviter le risque d'étouffement.Respectez toujours un seul dosage : une mesurette arasée (4.5 g de poudre) pour30 ml d'eau. La fréquence des biberons et les quantités à préparer sont des indications moyennes.Le volume et le nombre de biberons sont à adapter par le Corps Médical, aux besoins de chaque enfant. Offrez le biberon sans l'imposer, en acceptant des écarts de volume d'une tétée à l'autre. || Avant ouverture : conservation à température ambiante.                                              Après ouverture : conservation 3 semaines à température ambiante. || 
13,60€ / Kg || 
10,88 € || 
Guigoz croissance, de 10 mois à 3 ans || La brique de 1L || Origine : EL SALVADOR || 
2,06€ / L || 
2,06 € || 
Guigoz croissance, de 10 mois à 3 ans || La brique de 1L || Origine : FRANCE || 
2,06€ / L || 
2,06 € || 
Guigoz croissance, de 10 mois à 3 ans || Les 4 briques de 1L || Origine : EL SALVADOR || En relais des laits de suite 2ème âge, les Laboratoires Guigoz vous proposent Guigoz Croissance liquide : Avec du calcium et de la vitamine D importants pour la construction osseuse de bébé. Avec des acides gras essentiels, dont l'acide alpha linolénique (AAL)* de la famille des Oméga 3, qui contribuent au développement du tissu cérébral et nerveux de votre bébé. Avec du fer, de la vitamine C et du zinc qui contribuent au fonctionnement normal du système immunitaire. Sans sucres ajoutés parce que les bonnes habitudes alimentaires se prennent dès le plus jeune âge. Avec une teneur réduite en protéines : près de 2 fois moins de protéines que dans le lait de vache. *Ciqual 2012. Lait de vache demi-écrémé UHT. || Quantités recommandées : 2x250 ml de Guigoz Croissance par jour. Le lait maternel est, pour chaque nourrisson, l'aliment idéal et naturel. Toutefois, si vous ne pouvez pas ou ne souhaitez pas allaiter, le Corps Médical vous conseillera un lait infantile pour votre enfant. N'en changez pas sans demander l'avis de votre médecin. Le lait de suite est un élément de l'alimentation diversifiée des nourrissons à partir de 6 mois et ne peut être utilisé comme substitut du lait maternel pendant les premiers mois de la vie. La décision d'introduire des aliments complémentaires y compris avant l'âge de 6 mois ne devrait être prise que sur avis d'un professionnel de santé. Ne pas utiliser si l'emballage (brique, bouchon) est abîmé. || Avant ouverture : conservez la brique à température ambiante (4-25°C) dans un endroit propre et sec. Après ouverture, conservez la brique au réfrigérateur (max 6°C), et consommez sous 48 heures. || 
1,89€ / L || 
7,56 € || 
Lait nature croisssance, de 10 à 36 mois || La bouteille de 1L || Origine : FRANCE || Lactel a développé Eveil Nature sans arôme vanille et sans sucres ajoutés pour ne pas habituer votre enfant au goût sucré. || Agiter avant emploi. Ne pas faire bouillir. En relais du lait 2ème âge, Lactel Eveil Nature convient particulièrement aux enfants de 10 mois à 3 ans. || Eau, lait partiellement écrémé, poudre de perméat de lait partiellement déminéralisé, maltodextrines, huiles de colza et de tournesol, citrates de calcium, de potassium et de magnésium, phosphate de sodium, sulfate de fer, gluconates de zinc, de cuivre, de manganèse, sélénite de sodium, iodure de potassium, vitamines (A, D, C, E, B1, B2, B5, B6, B8, B9, B12, K, PP), émulsifiant : mono et diglycérides dacide gras, antioxygène : alpha-tocophérol. Sans sucres ajoutés. || Valeur énergétique en Joules :  272kj || Valeur énergétique en Kcal : 65kcal || Glucides : 7,7g || Lipides : 3,0g || Protides :1,7g || Après ouverture, à conserver au réfrigérateur (+6°C max) et à consommer dans les 48 heures. || 
2,19€ / L || 
2,19 € || 
Lait nature croisssance, de 10 à 36 mois || Les 6 bouteilles de 1L || Origine : FRANCE || Eveil® Nature est sans arôme vanille et sans sucres ajoutés*. Le fait d'avoir un goût nature peut participer à l'apprentissage du goût de l'enfant et lui faire prendre de bonnes habitudes alimentaires dès son plus jeune âge.                                                                        De plus, comme le goût dEveil® Nature n'est pas vanillé, c'est le lait de  croissance idéal pour une bonne transition entre le lait 2ème âge et le lait de vache classique.                                                   Eveil® Nature, a été conçu par des experts en nutrition infantile pour apporter tous les nutriments du lait de croissance pour répondre aux besoins de votre enfant entre 10 mois et 3 ans, conformément à la réglementation. Eveil Nature Croissance contient du fer, 11 vitamines, du calcium et des acides gras essentiels. *Contient des sucres naturellement présents || Agiter avant emploi. Ne pas faire bouillir. La quantité quotidienne conseillées par les pédiatres est de 500ml. || Eau, lait partiellement écrémé, poudre de perméat de lait partiellement déminéralisée, maltodextrines, huiles végétales (colza, tournesol), minéraux (citrate de calcium, citrate de potassium, citrate de magnésium, phosphate de sodium, sulfate ferreux, gluconate de zinc, sélénite de sodium, gluconate de cuivre, iodure de potassium, gluconate de manganèse), vitamines (C, PP, A, D3, B5, E, B2, B6, B1, K, B9, H, B12), émulsifiant (lécithine de tournesol), antioxygène (alpha-tocophérol). || Valeur énergétique en Joules :  264kj || Valeur énergétique en Kcal : 63kcal || Glucides : 7,3g || Lipides : 3,0g || Protides :1,7g || Après ouverture à conserver au réfrigérateur (+6°Cmax) et à consommer dans les 48h. || 
2,19€ / L || 
13,15 € || 
Milumel croissance poudre || La boite de 1,5kg || Origine : FRANCE || À partir de 10 mois, Milumel Croissance apporte tous les éléments essentiels au développement de Bébé et laccompagne dans la diversification alimen taire.                                                                    Grâce à son savoir-faire, Milumel a développé une formule qui respecte rigoureusement la réglementation et répond aux besoins nutritionnels des bébés. Dès 10-12 mois, lorsque la diversification alimentaire se passe bien, Milumel apporte les éléments indispensables à la croissance de Bébé: fer, vitamines et acides gras essentiels. Milumel Croissance est nature et sans sucres ajoutés pour ne pas habituer bébé au goût sucré.                   Caractéristiques de la formule Milumel Croissance : Sans huile de palme, grâce à lajout de lipides laitiers. Aux nutriments essentiels, avec du fer  des vitamines et des acides gras essentiels(1). Produits en France, les laits infantiles en poudre Milumel sont fabriqués dans notre usine de Craon en Mayenne (53). || Lactosérum déminéralisé, lait écrémé, huiles végétales (colza, tournesol), maltodextrines, matière grasse laitière, lactosérum, minéraux (phosphate tricalcique, hydroxyde de potassium, sulfate ferreux, sulfate de zinc, chlorure de potassium, sélénitede sodium, sulfate de cuivre, iodure de potassium, sulfate de magnésium, sulfate de manganèse), émulsifiant (lécithine de soja),  vitamines (C,E,PP,A,B5,B2, B1,K, B6, D,B9,H,B12), antioxygènes (palmitate d'ascorbyle, tocophérols), inositol, chlorurede choline. || Valeur énergétique en Joules :  2035kj || Valeur énergétique en Kcal : 66kcal || Glucides : 7,9g || Lipides : 3,0g || Protides :1,7g || Après chaque utilisation, bien refermer la boîte avec le couvercle. Conserver au frais et au sec. Utiliser le contenu dans les 4 semaines après ouverture. || 
10,05€ / Kg || 
15,08 € || 
Croissance, sans huile de palme || La bouteille de 1L || Origine : FRANCE || À partir de 10 mois, Milumel Croissance apporte tous les éléments essentiels au développement de Bébé et l'accompagne dans la diversification alimentaire.                                                                    Grâce à son savoir-faire, Milumel a développé une formule qui respecte rigoureusement la réglementation et répond aux besoins nutritionnels des bébés.                                                                        Dès 10-12 mois, lorsque la diversification alimentaire se passe bien, Milumel Croissance est nature et sans sucres ajoutés pour ne pas habituer bébé au goût sucré. || Agiter avant emploi. Ne pas faire bouillir. La quantité quotidienne conseillées par les pédiatres est de 500ml. || Eau, lait partiellement écrémé, poudre de perméat de lait partiellement déminéralisée, maltodextrines, huiles végétales (colza, tournesol), minéraux (citrate de calcium, citrate de potassium, citrate de magnésium, phosphate de sodium, s sulfate ferreux, gluconate de zinc, sélénite de sodium, gluconate de cuivre, iodure de potassium, gluconate de manganèse), vitamines (C, PP, A, D3, B5, E, B2, B6, B1, K, B9, H, B12), émulsifiant (lécithine de tournesol), antioxygène (alpha-tocophérol). || Valeur énergétique en Kcal : 65kcal || Glucides : 7,7g || Lipides : 3,0g || Protides :1,7g || Après ouverture à conserver au réfrigérateur (+6°C max) et à consommer dans les 48h. || 
1,83€ / L || 
1,83 € || 
Biscuits boudoirs, dès 8 mois, certifié AB || Le paquet de 120g || Origine : FRANCE || Des biscuits équilibrés et savoureux pour le bébé dès 8 mois. Parfumés à l'huile essentielle d'orange douce, les biscuits Babybio séduiront votre bébé à l'heure du goûter.La forme et la taille du biscuit ont été spécialement étudiées pour la bouche et la main du bébé. Le biscuit Babybio possède une consistance à la fois croquante et fondante qui ne s'émiette pas et facilite la percée des dents. || Pour déguster son boudoir, Bébé devra être en position assise sous l'oeil attentif d'un adulte. || Farine de froment*, oeuf entier*, sucre de canne*, amidon de blé*, poudre à lever : carbonate acide d'ammonium, huile essentielle d'orange douce*, vitamine B1 (thiamine). *Ingrédients d'origine agricole issus de l'agriculture biologique. Contient dugluten. Peut contenir des traces d'arachide, de soja, de sésame, de lait et de fruits à coque. || Valeur énergétique en Joules :  1670Kj || Valeur énergétique en Kcal : 394Kcal || Glucides : 79g || Lipides : 4,3g || Protides :9,9g || 
27,75€ / Kg || 
3,33 € || 
Biscuits boudoirs, dès 8 mois, certifié AB || Le paquet de 120g || Origine : FRANCE || Des biscuits équilibrés et savoureux pour le bébé dès 8 mois. Parfumés à l'huile essentielle d'orange douce, les biscuits Babybio séduiront votre bébé à l'heure du goûter.La forme et la taille du biscuit ont été spécialement étudiées pour la bouche et la main du bébé. Le biscuit Babybio possède une consistance à la fois croquante et fondante qui ne s'émiette pas et facilite la percée des dents. || Pour déguster son boudoir, Bébé devra être en position assise sous l'oeil attentif d'un adulte. || Farine de froment*, oeuf entier*, sucre de canne*, amidon de blé*, poudre à lever : carbonate acide d'ammonium, huile essentielle d'orange douce*, vitamine B1 (thiamine). *Ingrédients d'origine agricole issus de l'agriculture biologique. Contient dugluten. Peut contenir des traces d'arachide, de soja, de sésame, de lait et de fruits à coque. || Valeur énergétique en Joules :  1670Kj || Valeur énergétique en Kcal : 394Kcal || Glucides : 79g || Lipides : 4,3g || Protides :9,9g || 
27,75€ / Kg || 
3,33 € || 
Boudoir adapté à bébé || Le paquet de 6 pochons de 4 biscuits || Origine : FRANCE || 39% de sucre en moins qu'un boudoir classsique. Une texture, une taille et une forme spécifiques adaptées aux bébés de plus de 10 mois. || Il est important de donner des biscuits dans le cadre du goûter. Vous pouvez donner Blédiscuit Boudoir à votre bébé s'il se tient assis tout seul dans sa chaise bébé, mange des plats avec des petits morceaux, mange un morceau de pain, a déjà deux dents. et sous la surveillance permanente d'un adulte. || Sucre, farine de blé, amidon de blé, oeuf 19%, huile de colza, arôme naturel, poudres à lever (carbonate acide d'ammonium, tartrate de potassium), vitamine B1. Contient du gluten. Peut contenir des traces d'arachide, de soja, de lait, de fruits à coques et de sésame. Contient du gluten. || A conserver dans un endroit frais et sec. || 
19,17€ / Kg || 
2,30 € || 
Lait et céréales, goût biscuité, dès 6 mois || Les 4 briques de 250ml || Origine : FRANCE || Elaboré par nos nutritionnistes, spécialistes de l'alimentation des bébés jusqu'à 3 ans, Blédidej c'est : un dîner complet et équilibré pour votre bébé.Blédidej, c'est une texture onctueuse et des saveurs gourmandes pour régaler bébé au petit déjeuner ! || A boire chaud ou à température ambiante. Ce produit ne peut être utilisé comme substitut de lait maternel pendant les quatre premiers mois de la vie. || Lait de suite 90% (lait écrémé, maltodextrines, matières grasses végétales (palme, coprah, colza, tournesol), lactose, émulsifiants : lécithine de soja, antioxydant : extrait riche en tocophérols, vitamines : A, D3, E, C, B1, B2, PP, B6, acide folique, B12, biotine, pantothénate de calcium, K1, minéraux : citrates de sodium, diphosphate ferrique, phosphate de calcium, sulfates de zinc et de cuivre, carbonate de calcium, bicarbonate de sodium, iodure de potassium), céréales infantiles 10% (farines de blé et de riz 3,1%, sucre, poudre de lait partiellement écrémé, amidon transformé de maïs, maltodextrines, caramel, matières grasses végétales (palme, coprah, colza, tournesol), arôme vanille (vanilline), émulsifiant : lécithine de soja, vitamines : C). Contient du gluten. || 
3,98€ / L || 
3,98 € || 
Mini-galette de riz à la pomme à croquer, dès 10 mois || Le paquet de 40g || Origine : FRANCE || 84,5% de riz complet bio, 15,5% de jus de pomme bio concentrÍ, vitamine B1 || Valeur énergétique en Joules :  1634kj || Valeur énergétique en Kcal : 386kcal || Glucides : 82,2g || Lipides : 2,4g || Protides :7,3g || 
46,75€ / Kg || 
1,87 € || 
Mini-galette de riz à la pomme à croquer, dès 10 mois || Le paquet de 40g || Origine : FRANCE || 84,5% de riz complet bio, 15,5% de jus de pomme bio concentrÍ, vitamine B1 || Valeur énergétique en Joules :  1634kj || Valeur énergétique en Kcal : 386kcal || Glucides : 82,2g || Lipides : 2,4g || Protides :7,3g || 
46,75€ / Kg || 
1,87 € || 
Biscuits, dès 10 mois || Le paquet de 180g || Origine : FRANCE || P'tit Biscuit a une forme idéale pour les petites mains et la petite bouche de bébé. Sa texture croquante et fondante est adaptée à la percée des dents. || C'est toujours assis bien droit et sous la surveillance d'un adulte que votre bébé peut savourer son p'tit biscuit. || Farine de blé (59,5%), sucre, huiles végétales, lait écrémé en poudre, poudre à lever (carbonate d'ammonium, carbonate de sodium), protéines de lait, extrait de malt d'orge, minéraux ( phosphate de calcium, pyrophosphate de fer), sel, émulsifiant : lécithine de soja : arômes, vitamines (PP, B5, B1, B2, B6). || Valeur énergétique en Joules :  1780kj || Valeur énergétique en Kcal : 422kcal || Glucides : 72,1g || Lipides : 9,8g || Protides :10,4g || Après ouverture, fermez soigneusement le paquet et conservez-le dans un endroit frais et sec. || 
12,50€ / Kg || 
2,25 € || 
Chocolat Gourmand, dès 12 mois || Les 4 briques de 250ml || Origine : FRANCE || Lait de suite 90 % ÝLait ÍcrÍmÍ - maltodextrines - matiÈres grasses vÍgÍtales (palme, coprah, colza,tournesol) - lactose - Ímulsifiant : lÍcithine de soja - antioxydant : extrait riche en tocophÍrols - Vitamines : A, D3, E, C, B1, B2, PP, B6, acide folique, B12, biotine, pantothÍnate de calcium, K1 - MinÍraux : citrate de sodium, diphosphate ferrique, phosphate de calcium, sulfates de zinc et de cuivre   carbonate de calcium, bicarbonate de sodium, iodure de potassium~ - CÍrÍales infantiles 10 %Ýfarines de blÍ et de riz 3,2 % - chocolat 1 % (sucre, pÇte de cacao, beurre de cacao, Ímulsifiant : lÍcithine de soja) - amidon transformÍ de maÕs - sucre - maltodextrines - cacao dÍgraissÍ 0,2 % - matiÈres grasses vÍgÍtales (palme,coprah, colza,tournesol) - ar«me vanille (vanilline) - Ímulsifiant : lÍcithine de soja - vitamine C~. Contient du gluten . || Valeur énergétique en Joules :  385 || Valeur énergétique en Kcal : 92 || Glucides : 13.5 || Lipides : 3.3 || Protides :2.1 || 
4,17€ / L || 
4,17 € || 
Dessert lacté à la pêche et poire, dès 6 mois || Les 6 pots de 60g || Origine : FRANCE || Les coupelles Blédilacté sont à base de lait infantile pouvant également participer à couvrir les besoins spécifiques des bébés et ainsi venir compléter les 500ml de lait infantile. || A savourer frais c'est encore meilleur ! Ne pas ajouter de sucre. Ne pas conserver le produit restant. || Lait de suite reconstitué sans vitamines A et D 78% (lait écrémé et lactosérum fermentés reconstitués 39,3%, crème, maltodextrines, sucre, huiles végétales 0,35% (colza, tournesol), lactose, vitamines : C, E, PP, B5, B1, B9, B6, K , minéraux : diphosphate ferrique, sulfates de zinc et de cuivre, iodure de potassium), eau, sucre, purée de fruits (pêches 3%, poires 2%), poudre de lait écrémé et lactosérum fermentés 3%, crème, amidon transformé de maïs, amidon de manioc, lactosérum, arômes, huilesvégétales 0,4% (colza, tournesol), acidifiant : acide citrique, émulsifiants : mono et diglycérides de colza, lécithine de soja, antioxydant : extraits riches en tocophérols. Sans gluten. Sans arômes artificiels. || Valeur énergétique en Joules :  414 || Valeur énergétique en Kcal : 98 || Glucides : 14,9g || Lipides : 3,1g || Protides :2,7g || Peut se conserver à température ambiante. A consommer dès l'ouverture. Conditionné sous atmosphère protectrice. || 
6,86€ / Kg || 
2,47 € || 
Dessert lacté nature et sucré, dès 6 mois || Les 6 pots de 60g || Origine : FRANCE || 1 coupelle = 45ml de lait infantile* = 18% des besoins journaliers en calcium au minimum par coupelle. *Sans vitamines A et D. || A savourer frais c'est encore meilleur ! Ne pas ajouter de sucre. Ne pas conserver le produit restant. || Lait de suite reconstitué sans vitamines A et D 78% (lait écrémé et lactosérum fermentés reconstitués 39.3%, crème, maltodextrines, sucre, huiles végétales 0.35% (colza, tournesol), lactose, vitamines : C, E, PP, B5, B1, B9, B6, K, minéraux : diphosphate ferrique, sulfates de zinc et de cuivre, iodure de potassium), eau, sucre 5.9%, poudre de lait écrémé et lactosérum fermentés, crème, amidon transformé de maïs, amidon de manioc, lactosérum, huiles végétales 0.4% (colza, tournesol), acidifiant :acide citrique, arôme naturel, émulsifiants : mono et diglycérides de colza, lécithine de soja, antioxydant : extraits riches en tocophérols. Sans gluten. Sans arômes artificiels. || Valeur énergétique en Joules :  435Kj || Valeur énergétique en Kcal : 103Kcal || Glucides : 15,5g || Lipides : 3,4g || Protides :2,7g || Peut se conserver à température ambiante. A consommer dès l'ouverture. || 
6,58€ / Kg || 
2,37 € || 
Dessert à la semoule et au lait, dès 6 mois || Les 4 pots de 100g || Origine : FRANCE || P'tit Gourmand contient la juste dose de protéines de lait, du calcium et du magnésium pour des os solides, et des nutriments essentiels (dont zinc) pour aider bébé à bien grandir. || Encore meilleur frais. Ne pas conserver le produit une fois entamé. || Lait entier 89 %, sucre, semoule de blé dur 4 %, amidon transformé, concentré de minéraux du lait, minéraux : citrate de magnésium, sulfate de zinc ,  vanilline, épaississant : farine de graines de caroube. Correcteur d'acidité : hydroxyde de potassium.  Sans conservateur. Sans colorant. || Avant ouverture, conserver à température ambiante. || 
4,40€ / Kg || 
1,76 € || 
Dessert au caramel, dès 6 mois || Les 4 coupelles de 100g || Origine : FRANCE || P'tit Gourmand contient la juste dose de protéines de lait, du calcium et du magnésium pour des os solides, et des nutriments essentiels pour aider bébé à bien grandir. || 
4,30€ / Kg || 
1,72 € || 
Dessert lacté à l'abricot || Les 6 pots de 60g || Origine : FRANCE || P'tit Brassé Mini est riche en calcium et contient la juste dose de protéine de lait. Grâce à sa texture lisse et son bon goût de fruits, bébé s'initiera en douceur à la diversification. || Encore meilleur frais. Ne pas conserver le produit une fois entamé. La bonne quantité c'est : quelques cuillères à café pour débuter, puis augmenter les cuillérées selon l'appétit et l'âge du bébé. || Lait entier 85%, sucre, purée d'abricots 3,5%, amidons transformés, protéines de lait, concentré de minéraux du lait, minéraux : chlorure de magnésium, sulfate de zinc, épaississant : pectine, correcteurs d'acidité : hydroxyde de potassium, acide lactique, ferments lactiques, arôme. Sans conservateur*, sans colorant*, sans gluten*. *conformément à la réglementation. || Se conserve à température ambiante. Conditionné sous atmosphère protectrice. || 
6,81€ / Kg || 
2,45 € || 
Dessert lacté à l'abricot, dès 6 mois || Les 4 pots de 100g || Origine : FRANCE || Retrouvez tous les bienfaits du lait dans un dessert spécialement adapté aux besoins de bébé. || Encore meilleur frais. Ne pas conserver le produit une fois entamé. || Lait entier 85%, sucre, purée d'abricot 3,5%, amidons transformés, protéines de lait, concentré de minéraux du lait, minéraux : chlorure de magnésium, sulfate de zinc, épaississant : pectine, correcteurs d'acidité : hydroxyde de potassium, acide lactique, ferments lactiques, arôme. Sans conservateur. Sans colorant. Sans arôme artificiel. || Valeur énergétique en Joules :  431Kj || Valeur énergétique en Kcal : 102Kc || Glucides : 15,8g || Lipides : 3g || Protides :3g || Avant ouverture conserver à température ambiante. || 
4,48€ / Kg || 
1,79 € || 
Dessert lacté à la banane, dès 6 mois || Les 4 pots de 100g || Origine : FRANCE || Retrouvez tous les bienfaits du lait dans un dessert spécialement adapté aux besoins de Bébé. P'tit Brassé est riche en calcium pour des os solides , contient la juste dose de protéines de lait et des nutriments essentiels (dont zinc) pour la croissance de bébé. || Encore meilleur frais. Ne pas conserver le produit une fois entamé. || Lait entier 85%, sucre, purée de bananes 3,5%, amidons transformés, protéines de lait, concentré de minéraux du lait, minéraux : chlorure de magnésium, sulfate de zinc, épaississant : pectine, correcteurs d'acidité : hydroxyde de potassium, acide lactique, ferments lactiques, arôme. Sans conservateur. Sans colorant. Sans arômes artificiels. || Valeur énergétique en Joules :  433Kj || Valeur énergétique en Kcal : 103Kc || Glucides : 16g || Lipides : 3g || Protides :3g || Avant ouverture, se conserve à température ambiante. Conditionné sous atmosphère protectrice. || 
4,45€ / Kg || 
1,78 € || 
Dessert lacté à la fraise, dès 6 mois || Les 4 pots de 100g || Origine : FRANCE || Retrouvez tous les bienfaits du lait dans un dessert spécialement adapté aux besoins de bébé. P'tit Brassé est riche en calcium pour des os solides, contient la juste dose de protéines de lait et des nutriments essentiels (dont zinc) pour la croissance de bébé. || Encore meilleur frais. || Lait entier 85%, sucre, purée de fraises 3.5%, amidons transformés, protéines de lait, concentré de minéraux du lait, minéraux : chlorure de magnésium, sulfate de zinc, épaississant : pectine, correcteur d'acidité : hydroxyde de potassium, acide lactique , ferments lactiques, arôme. Sans conservateur. Sans colorant. Sans arôme artificiel. || Valeur énergétique en Joules :  434kj || Valeur énergétique en Kcal : 104KCal || Glucides : 15,8g || Lipides : 3g || Protides :3,2g || Avant ouverture, conserver à température ambiante. Ne pas conserver le produit une fois entamé. || 
4,93€ / Kg || 
1,97 € || 
Dessert lacté à la framboise, dès 6 mois || Les 4 pots de 100g || Origine : FRANCE || Valeur énergétique en Joules :  393kj || Valeur énergétique en Kcal : 93kcal || Glucides : 13g || Lipides : 3g || Protides :3,1g || 
4,75€ / Kg || 
1,90 € || 
Dessert lacté à la myrtille, dès 6 mois || Les 4 pots de 100g || Origine : FRANCE || Valeur énergétique en Joules :  393kj || Valeur énergétique en Kcal : 93kcal || Glucides : 13g || Lipides : 3g || Protides :3,1g || 
4,40€ / Kg || 
1,76 € || 
Dessert lacté à la poire, dès 6 mois || Les 4 pots de 100g || Origine : FRANCE || P'tit Brassé contient la juste dose de protéines de lait, du calcium et du magnésium pour des os solides, et des nutriments essentiels (dont zinc) pour aider bébé à bien grandir. || Ne pas conserver le produit une fois entamé. Encore meilleur frais. || Lait entier 85%, sucre, purée de poire 3,5%, amidons transformés, protéines de lait, concentré de minéraux du lait, minéraux : chlorure de magnésium, sulfate de zinc, épaississant : pectine, correcteurs d'acidité : hydroxyde de potassium, acide lactique, ferments lactiques, arômes. Sans conservateur, sans colorant. || Valeur énergétique en Joules :  435kj || Valeur énergétique en Kcal : 103kcal || Glucides : 15,7g || Lipides : 3,0g || Protides :3,0g || Avant ouverture, conserver à température ambiante. Conditionné sous atmosphère protectrice. || 
4,65€ / Kg || 
1,86 € || 
Dessert lacté à la poire, dès 6 mois || Les 6 pots de 60g || Origine : FRANCE || P'tit Brassé Mini est riche en calcium et contient la juste dose de protéine de lait. Grâce à sa texture lisse et son bon goût de fruits, bébé s'initiera en douceur à la diversification. || Encore meilleur frais. Ne pas conserver le produit une fois entamé. La bonne quantité c'est : quelques cuillères à café pour débuter, puis augmenter les cuillérées selon l'appétit et l'âge du bébé. Ne pas conserver le produit une fois entamé. || Lait entier 85%, sucre, purée de poires 3,5%, amidons transformés, protéines de lait, concentré de minéraux du lait, minéraux : chlorure de magnésium, sulfate de zinc, épaississant : pectine, correcteurs d'acidité : hydroxyde de potassium, acide lactique : ferments lactiques, arôme. Sans conservateur*, sans colorant*, sans gluten*. *conformément à la réglementation. || Valeur énergétique en Joules :  393kj || Valeur énergétique en Kcal : 57kcal || Glucides : 13g || Lipides : 3,0g || Protides :3,1g || A conserver à température ambiante. Conditionné sous atmosphère protectrice. || 
6,86€ / Kg || 
2,47 € || 
Dessert lacté à la vanille, dès 6 mois || Les 4 pots de 100g || Origine : FRANCE || Nestlé pour bien démarrer dans la vie. Un dessert gourmand au lait infantile pour faire plaisir à bébé tout en aidant à respecter ses besoins nutritionnels || Encore meilleur frais. || Lait de suite reconstitué* 94.9% (lait demi-écrémé 89.4%, amidon de maïs, amidon de riz, huile de tournesol, huile de colza, vitamine C, minéraux : pyrophosphate de fer, sulfate de zinc), sucre, arôme naturel de vanille, épaississant : farine de caroube, graines de vanille épuisée broyée. Sans gluten. Sans conservateur. Sans colorant. Sans arôme artificiel. || Valeur énergétique en Joules :  391Kj || Valeur énergétique en Kcal : 93Kc || Glucides : 13,5g || Lipides : 3g || Protides :3,1g || Se conserve à température ambiante. || 
4,18€ / Kg || 
1,67 € || 
Dessert lacté au chocolat, dès 8 mois || Les 4 pots de 100g || Origine : FRANCE || Nestlé pour bien démarrer dans la vie. Un dessert gourmand au lait infantile pour faire plaisir à bébé tout en aidant à respecter ses besoins nutritionnels. || Encore meilleur frais. || Lait de suite reconstitué* 93.2% (lait demi-écrémé 87.8%, amidon de maïs, amidon de riz, huile de tournesol, huile de colza, vitamine C, minéraux : pyrophosphate de fer, sulfate de zinc), chocolat en poudre 3,4% (cacao, sucre), sucre, épaississant :farine de caroube. Sans gluten. Sans conservateur. Sans colorant. Sans arôme artificiel. || Valeur énergétique en Joules :  413Kj || Valeur énergétique en Kcal : 99Kc || Glucides : 14,3g || Lipides : 3,2g || Protides :3,2g || Se conserve à température ambiante. || 
4,85€ / Kg || 
1,94 € || 
Dessert lacté au fromage blanc nature et sucré, dès 6 mois || Les 4 pots de 100g || Origine : FRANCE || P'tit Onctueux au fromage blanc contient : du calcium pour aider à fortifier les os et la juste dose de protéines de lait pour aider bébé à bien grandir. || Encore meilleur frais. Ne pas conserver le produit une fois entamé. || Eau, fromage blanc au lait écrémé pasteurisé 25%, pomme 15%, sucre, lactose, crème fraîche, amidon, protéines de lait, huiles végétales, arôme, acidifiant : acide citrique, chlorure de calcium, épaississant : farine de graines de caroube, vitamine C.Sans conservateur, sans colorant, sans arôme artificiel. || Avant ouverture, se conserve à température ambiante. || 
5,25€ / Kg || 
2,10 € || 
Dessert lacté sans conservateur, biscuit source de fer, dès 6 mois || Les 4 coupelles de 100g || Origine : FRANCE || Pour bien démarrer dans la vie. Offrir les P'tit Gourmand au lait, spécialement adaptés à bébé, c'est l'aider à respecter ses besoins nutritionnels tout en lui faisant plaisir. || Encore meilleur frais.  Ne pas conserver le produit une fois entamé. || Lait demi-écrémé 88%, sucre, crème, biscuit 3% (farine de blé, eau, sucre, huile végétale, poudre de petit lait, agent levant : carbonate de potassium, acide citrique), amidon, huiles végétales, farine de blé, sirop de caramel, arômes naturels, vitamine C, pyrophosphate de fer, sulfate de zinc. Sans conservateur. Sans colorant. Sans arôme artificiel. || Valeur énergétique en Joules :  409kj || Valeur énergétique en Kcal : 97kcal || Glucides : 13,3g || Lipides : 3,2g || Protides :3,3g || Avant ouverture, se conserve à température ambiante. || 
5,05€ / Kg || 
2,02 € || 
Jus de Pomme-Orange || Les 2 boureilles de 20cl (40cl) || Origine : FRANCE || Pour l'éveil de bébé aux saveurs naturelles et son bon équilibre nutritionnel, tous les jus Babybio sont élaborés à partir de purs jus, sans sucres ajoutés. || Agiter avant emploi. A donner au biberon ou à la cuillère, pur ou dilué dans de l'eau. Ne pas ajouter de sucre. || Pur jus de pommes* 60%, pur jus d'oranges* 35%, acérola*. *Ingrédients issus de l'agriculture biologique. L'acérola est une petite cerise d'Amérique du Sud très riche en vitamine C naturelle. Sans gluten, sans sucres ajoutés. || Valeur énergétique en Joules :  173kj || Valeur énergétique en Kcal : 41kcal || Glucides : 9,9g || Lipides : 0,1g || Protides :0,28g || La bouteille refermée hermétiquement peut se conserver 48h au réfrigérateur. || 
7,68€ / L || 
3,07 € || 
Jus de Pomme-Orange || Les 2 boureilles de 20cl (40cl) || Origine : FRANCE || Pour l'éveil de bébé aux saveurs naturelles et son bon équilibre nutritionnel, tous les jus Babybio sont élaborés à partir de purs jus, sans sucres ajoutés. || Agiter avant emploi. A donner au biberon ou à la cuillère, pur ou dilué dans de l'eau. Ne pas ajouter de sucre. || Pur jus de pommes* 60%, pur jus d'oranges* 35%, acérola*. *Ingrédients issus de l'agriculture biologique. L'acérola est une petite cerise d'Amérique du Sud très riche en vitamine C naturelle. Sans gluten, sans sucres ajoutés. || Valeur énergétique en Joules :  173kj || Valeur énergétique en Kcal : 41kcal || Glucides : 9,9g || Lipides : 0,1g || Protides :0,28g || La bouteille refermée hermétiquement peut se conserver 48h au réfrigérateur. || 
7,68€ / L || 
3,07 € || 
Jus de fruits, pomme et framboise, dès 6 mois, sans sucres ajoutés || La bouteille de 200ml || Origine : FRANCE || La présence d'un dépôt est normale. Agitez la bouteille avant emploi. Vérifier que la bouteille fait bien un déclic à l'ouverture. Veiller à ne pas laissez bébé téter trop longtemps pour préserver sa futur dentition. Ne pas utiliser si la bouteille et/ou le couvercle sont endommagés. || Jus de pommes (à base de concentré) 61%, eau 19%, jus de framboise 10%, jus de raisin (à base de concentré) 8,2%, vitamine C. Sans sucres ajoutés. || Valeur énergétique en Joules :  160Kj || Valeur énergétique en Kcal : 38Kc || Glucides : 9,3g || Lipides : 0g || Protides :0,1g || Avant ouverture, conserver à température ambiante dans un endroit propre et sec. Après ouverture se conserve 48 heures au réfrigérateur, nous vous conseillons de ne pas consommer directement dans la bouteille. || 
4,70€ / L || 
0,94 € || 
Jus de fruits, pomme et pêche, dès 4/6 mois, sans sucre ajoutés || La bouteille de 200ml || Origine : FRANCE || Cette boisson Nestlé est sans sucres ajouté pour aider bébé à ne pas s'habituer au goût trop sucré.Nestlé pour bien démarrer dans la vie. Sans sucres ajoutés, les boissons Nestlé permettent d'hydrater votre bébé tout en respectant son équilibre alimentaire. || La présence d'un dépôt est naturelle, agitez la bouteille avant emploi. Au biberon, ne laissez pas bébé téter trop longtemps pour préserver sa future dentition. || Jus de pommes à base de jus de pommes concentré (eau 69,4%, jus de pommes concentré 13,8%), pulpe de pêches 16,6%, vitamine C. Fruits sélectionnés spécifiquement pour bébé : traitements limités au strict minimum. Sans conservateur. Sans colorant. Sans arôme artificiel. Sans gluten. Sans sucres ajoutés. Contient des sucres naturellement présents. || La bouteille bien refermée peut se conserver 48h au réfrigérateur. || 
4,65€ / Kg || 
0,93 € || 
Fruits jaunes, dès 4 mois || Les 2 coupelles de 120g || Origine : FRANCE || 
9,33€ / Kg || 
2,24 € || 
Fruits jaunes, dès 4 mois || Les 2 coupelles de 120g || Origine : FRANCE || 
9,33€ / Kg || 
2,24 € || 
Gourdes pomme, poire, pêche, dès 12mois || Les 4 gourdes de 90g || Origine : FRANCE || Quel plaisir pour bébé de déguster sa portion de fruits en toute autonomie. || Ne pas laisser le bébé jouer avec le bouchon. Ne pas laisser l'enfant sans surveillance. || Pomme* 50%, poire* 30%, pêche* 20%. *Ingrédients issus de l'agriculture biologique. Sans sucres ajoutés, sans gluten, sans lait. || Se conserve à température ambiante. Après ouverture, la gourde refermée se conserve 24h au réfrigérateur. Conditionné sous atmosphère protectrice. || 
10,00€ / Kg || 
3,60 € || 
Gourdes pomme, poire, pêche, dès 12mois || Les 4 gourdes de 90g || Origine : FRANCE || Quel plaisir pour bébé de déguster sa portion de fruits en toute autonomie. || Ne pas laisser le bébé jouer avec le bouchon. Ne pas laisser l'enfant sans surveillance. || Pomme* 50%, poire* 30%, pêche* 20%. *Ingrédients issus de l'agriculture biologique. Sans sucres ajoutés, sans gluten, sans lait. || Se conserve à température ambiante. Après ouverture, la gourde refermée se conserve 24h au réfrigérateur. Conditionné sous atmosphère protectrice. || 
10,00€ / Kg || 
3,60 € || 
Petits pots, Délice de fruits, dès 4 mois, certifié AB || Les 2 pots de 130g || Origine : FRANCE || Pour l'éveil de bébé aux saveurs naturelles et son bon équilibre nutritionnel, Babybio sélectionne avec soin l'origine de ses ingrédients. || Servir à température ambiante. Ne pas ajouter de sucre. || Pommes du Piémont*, poires Williams du Piémont*, pêches du Piémont* et d'Emilie Romagne*, myrtilles de Finlande*. *Ingrédients issus de l'agriculture biologique. Sans sucres ajoutés, sans gluten, sans lait. || Valeur énergétique en Joules :  230kj || Valeur énergétique en Kcal : 55kcal || Glucides : 11,66g || Lipides : 0,21g || Protides :0,34g || Le pot refermé peut se conserver 48h au réfrigérateur. || 
8,04€ / Kg || 
2,09 € || 
Petits pots, Délice de fruits, dès 4 mois, certifié AB || Les 2 pots de 130g || Origine : FRANCE || Pour l'éveil de bébé aux saveurs naturelles et son bon équilibre nutritionnel, Babybio sélectionne avec soin l'origine de ses ingrédients. || Servir à température ambiante. Ne pas ajouter de sucre. || Pommes du Piémont*, poires Williams du Piémont*, pêches du Piémont* et d'Emilie Romagne*, myrtilles de Finlande*. *Ingrédients issus de l'agriculture biologique. Sans sucres ajoutés, sans gluten, sans lait. || Valeur énergétique en Joules :  230kj || Valeur énergétique en Kcal : 55kcal || Glucides : 11,66g || Lipides : 0,21g || Protides :0,34g || Le pot refermé peut se conserver 48h au réfrigérateur. || 
8,04€ / Kg || 
2,09 € || 
Petits pots, poire williams, dès 4 mois, certifié AB || Les 2 pots de 130g || Origine : FRANCE || Pour l'éveil de bébé aux saveurs naturelles et son bon équilibre nutritionnel, nous avons sélectionné avec soin l'origine géographique des ingrédients des petits pots Babybio. || Servir à température ambiante. Ne pas ajouter de sucre. || Poires Williams d'Emilie Romagne issues de l'agriculture biologique. Sans gluten.  Sans sucre ajouté. || Valeur énergétique en Joules :  230Kj || Valeur énergétique en Kcal : 55Kcal || Glucides : 12,4g || Lipides : 0,3g || Protides :0,47g || Le pot refermé peut se conserver 48h au réfrigérateur. || 
9,23€ / Kg || 
2,40 € || 
Petits pots, poire williams, dès 4 mois, certifié AB || Les 2 pots de 130g || Origine : FRANCE || Pour l'éveil de bébé aux saveurs naturelles et son bon équilibre nutritionnel, nous avons sélectionné avec soin l'origine géographique des ingrédients des petits pots Babybio. || Servir à température ambiante. Ne pas ajouter de sucre. || Poires Williams d'Emilie Romagne issues de l'agriculture biologique. Sans gluten.  Sans sucre ajouté. || Valeur énergétique en Joules :  230Kj || Valeur énergétique en Kcal : 55Kcal || Glucides : 12,4g || Lipides : 0,3g || Protides :0,47g || Le pot refermé peut se conserver 48h au réfrigérateur. || 
9,23€ / Kg || 
2,40 € || 
Petits pots à la pêche, dès 4 mois, certifié AB || Les 2 pots de 130g || Origine : FRANCE || Pour l'éveil de bébé aux saveurs naturelles et son bon équilibre nutritionnel, Babybio sélectionne avec soin l'origine de ses ingrédients. || Servir à température ambiante. Ne pas ajouter de sucre. || Pêches d'Emilie Romagne* 55%, pommes du Trentino Alto Adige*45%. *ingrédients d'origine agricole issus de l'agriculture biologique 100%. Sans gluten. Sans sucres ajoutés. Sans épaississant. Contient des sucres naturellement présents dans les fruits. || Valeur énergétique en Joules :  203Kj || Valeur énergétique en Kcal : 48Kcal || Glucides : 11,1g || Lipides : 0Traces || Protides :0,7g || Le pot refermé peut se conserver 48h au réfrigérateur. || 
9,50€ / Kg || 
2,47 € || 
Petits pots à la pêche, dès 4 mois, certifié AB || Les 2 pots de 130g || Origine : FRANCE || Pour l'éveil de bébé aux saveurs naturelles et son bon équilibre nutritionnel, Babybio sélectionne avec soin l'origine de ses ingrédients. || Servir à température ambiante. Ne pas ajouter de sucre. || Pêches d'Emilie Romagne* 55%, pommes du Trentino Alto Adige*45%. *ingrédients d'origine agricole issus de l'agriculture biologique 100%. Sans gluten. Sans sucres ajoutés. Sans épaississant. Contient des sucres naturellement présents dans les fruits. || Valeur énergétique en Joules :  203Kj || Valeur énergétique en Kcal : 48Kcal || Glucides : 11,1g || Lipides : 0Traces || Protides :0,7g || Le pot refermé peut se conserver 48h au réfrigérateur. || 
9,50€ / Kg || 
2,47 € || 
Petits pots à la pomme et banane, dès 4 mois, certifié AB || Les 2 pots de 130g || Origine : FRANCE || Servir à température ambiante. Ne pas ajouter de sucre. || Pommes du Trentino Alto Adige* 85%, bananes du Costa Rica*(issues du commerce équitable) 15%. *Ingrédients d'origine agricole issus de l'agriculture biologique 100%. Sans gluten. Sans épaississant.  Sans sucre ajouté. || Valeur énergétique en Joules :  246Kj || Valeur énergétique en Kcal : 58Kcal || Glucides : 13,9g || Lipides : 0,1g || Protides :0,4g || Le pot refermé peut se conserver 48h au réfrigérateur. || 
8,35€ / Kg || 
2,17 € || 
Petits pots à la pomme et banane, dès 4 mois, certifié AB || Les 2 pots de 130g || Origine : FRANCE || Servir à température ambiante. Ne pas ajouter de sucre. || Pommes du Trentino Alto Adige* 85%, bananes du Costa Rica*(issues du commerce équitable) 15%. *Ingrédients d'origine agricole issus de l'agriculture biologique 100%. Sans gluten. Sans épaississant.  Sans sucre ajouté. || Valeur énergétique en Joules :  246Kj || Valeur énergétique en Kcal : 58Kcal || Glucides : 13,9g || Lipides : 0,1g || Protides :0,4g || Le pot refermé peut se conserver 48h au réfrigérateur. || 
8,35€ / Kg || 
2,17 € || 
Petits pots à la pomme et myrtille, dès 4 mois, certifié AB || Les 2 pots de 130g || Origine : FRANCE || Pour l'éveil de bébé aux saveurs naturelles et son bon équilibre nutritionnel, Babybio sélectionne avec soin l'origine de ses ingrédients. || Servir à température ambiante. Ne pas ajouter de sucre. || Pommes du Trentino Alto Adige* 80%, myrtilles de Suède* 20%. *Ingrédients d'origine agricole issus de l'agriculture biologique. 100% fruits. Sans gluten. Sans sucres ajoutés. Sans épaississant. Contient des sucres naturellement présents dans les fruits. || Valeur énergétique en Joules :  182Kj || Valeur énergétique en Kcal : 43Kcal || Glucides : 10,3g || Lipides : 0,1g || Protides :0,2g || Le pot refermé peut se conserver 48h au réfrigérateur. || 
9,19€ / Kg || 
2,39 € || 
Petits pots à la pomme et myrtille, dès 4 mois, certifié AB || Les 2 pots de 130g || Origine : FRANCE || Pour l'éveil de bébé aux saveurs naturelles et son bon équilibre nutritionnel, Babybio sélectionne avec soin l'origine de ses ingrédients. || Servir à température ambiante. Ne pas ajouter de sucre. || Pommes du Trentino Alto Adige* 80%, myrtilles de Suède* 20%. *Ingrédients d'origine agricole issus de l'agriculture biologique. 100% fruits. Sans gluten. Sans sucres ajoutés. Sans épaississant. Contient des sucres naturellement présents dans les fruits. || Valeur énergétique en Joules :  182Kj || Valeur énergétique en Kcal : 43Kcal || Glucides : 10,3g || Lipides : 0,1g || Protides :0,2g || Le pot refermé peut se conserver 48h au réfrigérateur. || 
9,19€ / Kg || 
2,39 € || 
Petits pots à la pomme et vanille, dès 4 mois, certifié AB || Les 2 pots de 130g || Origine : FRANCE || Pour l'éveil de bébé aux saveurs naturelles et son bon équilibre nutritionnel, nous avons sélectionné avec soin l'origine géographique des ingrédients des petits pots Babybio. 100% fruits. || Servir à température ambiante. Ne pas ajouter de sucre. || Pommes du Trentino Alto Adige* 99.94%, vanille bourbon* issue du commerce équitable 0.06%. *Ingrédients d'origine agricole issus de l'agriculture biologique 100%. Sans gluten.  Sans sucres ajoutés. Sans épaississant. || Valeur énergétique en Joules :  212Kj || Valeur énergétique en Kcal : 50Kcal || Glucides : 11,7g || Lipides : 0,2g || Protides :0,2g || Le pot refermé peut se conserver 48h au réfrigérateur. || 
8,58€ / Kg || 
2,23 € || 
Petits pots à la pomme et vanille, dès 4 mois, certifié AB || Les 2 pots de 130g || Origine : FRANCE || Pour l'éveil de bébé aux saveurs naturelles et son bon équilibre nutritionnel, nous avons sélectionné avec soin l'origine géographique des ingrédients des petits pots Babybio. 100% fruits. || Servir à température ambiante. Ne pas ajouter de sucre. || Pommes du Trentino Alto Adige* 99.94%, vanille bourbon* issue du commerce équitable 0.06%. *Ingrédients d'origine agricole issus de l'agriculture biologique 100%. Sans gluten.  Sans sucres ajoutés. Sans épaississant. || Valeur énergétique en Joules :  212Kj || Valeur énergétique en Kcal : 50Kcal || Glucides : 11,7g || Lipides : 0,2g || Protides :0,2g || Le pot refermé peut se conserver 48h au réfrigérateur. || 
8,58€ / Kg || 
2,23 € || 
Petits pots aux pommes, abricots et céréale, dès 4 mois, certifié AB || Les 2 pots de 130g || Origine : FRANCE || Pour l'éveil de bébé aux saveurs naturelles et son bon équilibre nutritionnel, nous avons sélectionné avec soin l'origine géographique des ingrédients des petits pots Babybio.Découvrez les origines de chaque ingrédient bio à travers le détail de la recette. || Servir à température ambiante. Ne pas ajouter de sucre. || Pommes du Trentino Alto Adige* 60%, abricots d'Emilie Romagne* 37%,  riz d'Italie* 3%. *Ingrédients d'origine agricole issus de l'agriculture biologique 100%. Sans gluten.  Sans sucre ajouté. Sans épaississant. || Valeur énergétique en Joules :  213Kj || Valeur énergétique en Kcal : 50Kcal || Glucides : 11,9g || Lipides : 0Traces || Protides :0,6g || Le pot refermé peut se conserver 48h au réfrigérateur. || 
9,81€ / Kg || 
2,55 € || 
Petits pots aux pommes, abricots et céréale, dès 4 mois, certifié AB || Les 2 pots de 130g || Origine : FRANCE || Pour l'éveil de bébé aux saveurs naturelles et son bon équilibre nutritionnel, nous avons sélectionné avec soin l'origine géographique des ingrédients des petits pots Babybio.Découvrez les origines de chaque ingrédient bio à travers le détail de la recette. || Servir à température ambiante. Ne pas ajouter de sucre. || Pommes du Trentino Alto Adige* 60%, abricots d'Emilie Romagne* 37%,  riz d'Italie* 3%. *Ingrédients d'origine agricole issus de l'agriculture biologique 100%. Sans gluten.  Sans sucre ajouté. Sans épaississant. || Valeur énergétique en Joules :  213Kj || Valeur énergétique en Kcal : 50Kcal || Glucides : 11,9g || Lipides : 0Traces || Protides :0,6g || Le pot refermé peut se conserver 48h au réfrigérateur. || 
9,81€ / Kg || 
2,55 € || 
Petits pots aux pommes coings, dès 4 mois, certifié AB || Les 2 pots de 130g || Origine : FRANCE || Pour l'éveil de bébé aux saveurs naturelles et son bon équilibre nutritionnel, Babybio sélectionne avec soin l'origine de ses ingrédients. || Servir à température ambiante. Ne pas ajouter de sucre. || Pommes du Trentino Alto Adige* 73%, coings d'Espagne* 27%. *Ingrédients d'origine agricole issus de l'agriculture biologique 100%. Sans gluten. Sans sucre ajouté. Sans épaississant. Contient des sucres naturellement présents dans les fruits. 100% fruits. || Valeur énergétique en Joules :  172Kj || Valeur énergétique en Kcal : 41Kcal || Glucides : 9,7g || Lipides : 0,1g || Protides :0,2g || Le pot refermé peut se conserver 48h au réfrigérateur. || 
8,46€ / Kg || 
2,20 € || 
Petits pots aux pommes coings, dès 4 mois, certifié AB || Les 2 pots de 130g || Origine : FRANCE || Pour l'éveil de bébé aux saveurs naturelles et son bon équilibre nutritionnel, Babybio sélectionne avec soin l'origine de ses ingrédients. || Servir à température ambiante. Ne pas ajouter de sucre. || Pommes du Trentino Alto Adige* 73%, coings d'Espagne* 27%. *Ingrédients d'origine agricole issus de l'agriculture biologique 100%. Sans gluten. Sans sucre ajouté. Sans épaississant. Contient des sucres naturellement présents dans les fruits. 100% fruits. || Valeur énergétique en Joules :  172Kj || Valeur énergétique en Kcal : 41Kcal || Glucides : 9,7g || Lipides : 0,1g || Protides :0,2g || Le pot refermé peut se conserver 48h au réfrigérateur. || 
8,46€ / Kg || 
2,20 € || 
Petits pots aux pommes et pruneaux, dès 4 mois, certifié AB || Les 2 pots de 130g || Origine : FRANCE || Pour l'éveil de bébé aux saveurs naturelles et son bon équilibre nutritionnel, Babybio sélectionne avec soin l'origine de ses ingrédients. || Servir à température ambiante. Ne pas ajouter de sucre. || Pommes du Trentino Alto Adige* 75%, pruneaux du Languedoc Roussillon* 25%. *Ingrédients d'origine agricole issus de l'agriculture biologique 100%. Sans gluten. Sans épaississant. Sans sucres ajoutés. Contient des sucres naturellement présents dans les fruits. 100% fruits. || Valeur énergétique en Joules :  230Kj || Valeur énergétique en Kcal : 55Kcal || Glucides : 12,8g || Lipides : 0,1g || Protides :0,5g || Le pot refermé peut se conserver 48h au réfrigérateur. || 
9,50€ / Kg || 
2,47 € || 
Petits pots aux pommes et pruneaux, dès 4 mois, certifié AB || Les 2 pots de 130g || Origine : FRANCE || Pour l'éveil de bébé aux saveurs naturelles et son bon équilibre nutritionnel, Babybio sélectionne avec soin l'origine de ses ingrédients. || Servir à température ambiante. Ne pas ajouter de sucre. || Pommes du Trentino Alto Adige* 75%, pruneaux du Languedoc Roussillon* 25%. *Ingrédients d'origine agricole issus de l'agriculture biologique 100%. Sans gluten. Sans épaississant. Sans sucres ajoutés. Contient des sucres naturellement présents dans les fruits. 100% fruits. || Valeur énergétique en Joules :  230Kj || Valeur énergétique en Kcal : 55Kcal || Glucides : 12,8g || Lipides : 0,1g || Protides :0,5g || Le pot refermé peut se conserver 48h au réfrigérateur. || 
9,50€ / Kg || 
2,47 € || 
Pommes, myrtilles, banane, dès 4 mois || Les 2 coupelles de 120g || Origine : FRANCE || 
9,29€ / Kg || 
2,23 € || 
Pommes, myrtilles, banane, dès 4 mois || Les 2 coupelles de 120g || Origine : FRANCE || 
9,29€ / Kg || 
2,23 € || 
3 pommes, dès 6 mois || Le lot de 8 coupelles de 100g || Origine : FRANCE || Aliment adapté aux besoins des bébés. || Ne pas ajouter de sucre. Encore meilleur consommé frais. || Pommes 99,9 % (Golden, Gala et Morgenduft) - vitamine C. SANS GLUTEN || Valeur énergétique en Joules :  163 || Valeur énergétique en Kcal : 40 || Glucides : 8,4G || Lipides : 0,2G || Protides :0,2G || Avant ouverture, conserver à température ambiante. Après ouverture, à conserver au réfrigérateur et à consommer dans les 12h. || 
5,31€ / Kg || 
4,25 € || 
Compote de pomme, banane et abricot, dès 12 mois, sans sucres ajoutés || Les 4 gourdes de 90g || Origine : FRANCE || Elaborés par nos nutritionnistes, spécialistes de l'alimentation des bébés jusqu'à 3 ans, Blédi'Fruit est sans sucres ajoutés, source de vitamines et sans colorant. || Retirer soigneusement l'opercule et le laisser hors de portée des enfants. Ne pas laisser l'enfant sans surveillance. || Pommes 51%, bananes 24,5%, abricots 24,5%, vitamines : C, B1, B2, PP, B6, B8, B5. Sans gluten. Sans sucres ajoutés. Sans colorant, sans arôme artificiel, sans conservateur ajouté. || Valeur énergétique en Joules :  266kj || Valeur énergétique en Kcal : 63kcal || Glucides : 14,5g || Lipides : 0,3g || Protides :0,5g || Se conserve à température ambiante. Après ouverture, la gourde refermée se conserve 24h au réfrigérateur. || 
9,53€ / Kg || 
3,43 € || 
Compote de pomme, dès 4 mois || Les 2 pots de 130g || Origine : FRANCE || Mon 1er petit pot est idéal pour la diversification alimentaire et offre toute l'intensité du fruit dans une recette simple. Nos pommes sont cueillis à la main dans les vergers. Elles sont 100% d'origine française. || Enlever la capsule. Nous vous conseillons d'utiliser une cuillère en plastique adaptée à la bouche de bébé. Ne pas ajouter de sucre. || Pommes 99,9%, vitamines : C. Sans gluten. Sans conservateur, sans colorant, sans arôme. || Valeur énergétique en Joules :  219kj || Valeur énergétique en Kcal : 52kcal || Glucides : 11,3g || Lipides : 0,2g || Protides :0,3g || Avant ouverture, conserver à température ambiante dans un endroit propre et sec. Après ouverture, le pot refermé, se conserve 48 h au réfrigérateur. || 
5,08€ / Kg || 
1,32 € || 
Compote de pomme et biscuit, dès 6 mois || Les 4 pots de 100g || Origine : FRANCE || L'association exclusive d'une purée de fruits et d'un biscuit permet à votre bébé de découvrir de nouveaux goûts et textures.Elaboré par nos nutritionnistes, spécialistes de l'alimentation des bébés jusqu'à 3 ans, Blédi'fruit Biscuité est : avec l'équivalent d'un biscuit par coupelle : des glucides complexes pour faire le plein d'énergie, source de vitamines. || Ne pas ajouter de sucre. || Pommes 70%, eau, biscuit 6% (farine de blé, sucre, farine diastasique de blé, huile de palme, lait écrémé en poudre, farine de riz, extrait de malt, poudres à lever : bicarbonate d'ammonium, bicarbonate de sodium et sodium pyrophosphate, huile d'olive, beurre, substances d'apport minéral : carbonate de calcium et fumarate de fer, arôme vanille (vanilline), vitamines : B1, B2, PP et B6), sucre, acidifiant : acide citrique, épaississant : farine de graines de caroube, vitamines : E, C, B1, B2, PP,B6, B9, B5. Contient du gluten. Sans colorant, sans arôme artificiel, sans conservateur ajouté. || Valeur énergétique en Joules :  298Kj || Valeur énergétique en Kcal : 70KCal || Glucides : 15,1g || Lipides : 0,8g || Protides :0,7g || Après ouverture, à conserver au réfrigérateur et à consommer dans les 12 heures. || 
5,45€ / Kg || 
2,18 € || 
Compote de pommes et fraises, dès 12 mois, sans sucres ajoutés || Les 4 gourdes de 90g || Origine : FRANCE || Blédi'fruit est adapté à votre bébé car il lui apporte des vitamines essentielles. || Retirer le bouchon et le laisser hors de portée des enfants. Ne pas laisser l'enfant sans surveillance. || Pommes 64%, fraises 20%, bananes 16%, vitamines : C. Sans gluten. Sans sucres ajoutés. Sans colorant, sans arôme artificiel, sans conservateur ajouté. || Valeur énergétique en Joules :  230kj || Valeur énergétique en Kcal : 54kcal || Glucides : 12,5g || Lipides : 0,3g || Protides :0,4g || Se conserve à température ambiante. Après ouverture, la gourde refermée se conserve 24h au réfrigérateur. || 
9,19€ / Kg || 
3,31 € || 
Coupelle fruit bledina pomme mangue passion - des 8 mois || Coupelles de 4x100g  (400g) || Origine : FRANCE || Aliment adapté aux besoins des bébés. || Ne pas ajouter de sucre. || Pommes 84,9 % - mangues 10 % -fruits de la passion 5 % -vitamine C. SANS GLUTEN || Valeur énergétique en Joules :  222 || Valeur énergétique en Kcal : 53 || Glucides : 11.4 || Lipides : 0.2 || Protides :0.4 || Avant ouverture, conserver à température ambiante. Après ouverture à conserver au réfrigérateur et à consommer dans les 12 heures. || 
5,30€ / Kg || 
2,12 € || 
Coupelle fruit bledina Pomme Poire Vanille - des 6 mois || Les 4 coupelle de 100g (400g) || Origine : FRANCE || Aliment adapté aux besoins des bébés. || Ne pas ajouter de sucre. || Pommes 59,9 % - poires 40 % -ar«me naturel de vanille -vitamine C. SANS GLUTEN || Valeur énergétique en Joules :  206 || Valeur énergétique en Kcal : 49 || Glucides : 10.2 || Lipides : 0.2 || Protides :0.3 || Avant ouverture, conserver à température ambiante. Après ouverture, à conserver au réfrigérateur et à consommer dans les 12 heures. || 
5,35€ / Kg || 
2,14 € || 
Coupelle fruit pomme kiwi ananas - des 8 mois || Les 4 coupelles de 100g || Origine : FRANCE || Aliment adapté aux besoins des bébés. || Ne pas ajouter de sucre. Encore meilleur consommé frais. || Pomme 80,2 % - kiwi 10 % -ananas 9,7 % - vitamine C.SANS GLUTEN || Valeur énergétique en Joules :  220 || Valeur énergétique en Kcal : 52 || Glucides : 11.2 || Lipides : 0.2 || Protides :0.4 || Avant ouverture, conserver à température ambiante. Après ouverture, à conserver au réfrigérateur et à consommer dans les 12h. || 
5,28€ / Kg || 
2,11 € || 
Coupelle fruits, pomme pêche fraise, dès 6 mois || Les 4 coupelles de 100g || Origine : FRANCE || Aliment adapté aux besoins des bébés. || Ne pas ajouter de sucre. || Pommes 52,9 % - p²ches 40 % -fraises 7 % - vitamine C.SANS GLUTEN || Valeur énergétique en Joules :  197 || Valeur énergétique en Kcal : 47 || Glucides : 10 || Lipides : 0.2 || Protides :0.5 || Avant ouverture, conserver à température ambiante. Après ouverture, à conserver au réfrigérateur et à consommer dans les 12 heures. || 
5,35€ / Kg || 
2,14 € || 
Fruits du Verger || les 4 pot de 100g || Origine : FRANCE || Fruits du verger 99,9 % (pommes,poires, p²ches, abricots) - vitamine C. SANS GLUTEN || Valeur énergétique en Joules :  200 || Valeur énergétique en Kcal : 47 || Glucides : 9,8G || Lipides : 0,2G || Protides :0,4G || 
5,50€ / Kg || 
2,20 € || 
Petits pots, coktail de fruits, dès 6 mois || Les 4 pots de 130g || Origine : FRANCE || Avec nos petits pots, vous faites découvrir à bébé le vrai goût des fruits et lui permettez ainsi de construire chaque jour son répertoire alimentaire. Blédina sélectionne selon les exigences spécifiques, des fruits soigneusement cueillis au rythme des saisons. || Nous vous conseillons d'utiliser une cuillère en plastique adaptée à la bouche de bébé. Ne pas ajouter de sucre. || Pomme 56,2%, poire 20,3%, ananas 10%, banane 7,8%, pêche 5,3%, vitamine C. Sans gluten. Sans colorant, sans arôme, sans conservateur. || Valeur énergétique en Joules :  232Kj || Valeur énergétique en Kcal : 55kcal || Glucides : 12g9g || Lipides : 0,2g || Protides :0,4g || Avant ouverture, conserver à température ambiante dans un endroit propre et sec. Après ouverture, le pot refermé, se conserve 48 h au réfrigérateur. || 
5,21€ / Kg || 
2,71 € || 
Petits pots à la poire, dès 4-6 mois, sans sucres ajoutés || Les 2 pots de 130g || Origine : FRANCE || Mon premier petit pot est idéal pour la diversification alimentaire et offre toute l'intensité du fruit dans une recette simple. Nos poires sont utilisés à maturité pour privilégier le goût. Elles sont 100% d'origine française. || Enlever la capsule. Nous vous conseillons d'utiliser une cuillère en plastique adaptée à la bouche de bébé. Ne pas ajouter de sucre. || Poire 99,9%, vitamine C. Sans gluten. Sans conservateur, sans colorant, sans arôme. || Valeur énergétique en Joules :  187kj || Valeur énergétique en Kcal : 45kcal || Glucides : 8,5g || Lipides : 0,3g || Protides :0,3g || Avant ouverture, conserver à température ambiante. Après ouverture, le pot refermé peut se conserver 48h au réfrigérateur. || 
5,00€ / Kg || 
1,30 € || 
Petits pots à la pomme et banane, dès 4 mois || Les 4 pots de 130g || Origine : FRANCE || Avec nos petits pots, vous faites découvrir à bébé le vrai goût des fruits et lui permettez ainsi de construire chaque jour son répertoire alimentaire. Nos bananes sont cultivées en Amérique Latine et sont utilisées à maturité pour privilégier le goût. || Enlever la capsule. Nous vous conseillons d'utiliser une cuillère en plastique adaptée à la bouche de bébé. Ne pas ajouter de sucre. || Pommes 79,9%, bananes 20%, vitamines : C. Sans gluten. Sans sucres ajoutés. Sans colorant, sans arôme, sans conservateur. || Valeur énergétique en Joules :  251Kj || Valeur énergétique en Kcal : 59kcal || Glucides : 13,1g || Lipides : 0,2g || Protides :0,5g || Avant ouverture, conserver à température ambiante dans un endroit propre et sec. Après ouverture, le pot refermé se conserve 48h au réfrigérateur. || 
4,69€ / Kg || 
2,44 € || 
Petits pots pomme coing, dès 4/6 mois || Les 4 pots de 130g || Origine : FRANCE || Avec nos petits pots, vous faites découvrir à bébé le vrai goût des fruits et lui permettez ainsi de construire chaque jour son répertoire alimentaire. || Pomme 64 %, coing 28 %,jus de pomme reconstituÍ Å base de jus concentrÍ -vitamine C. SANS GLUTEN || Valeur énergétique en Joules :  210kj || Valeur énergétique en Kcal : 50kcal || Glucides : 10.g || Lipides : 0.1g || Protides :0.4g || 
5,02€ / Kg || 
2,61 € || 
Pomme, poire et mandarine, dès 8 mois || Les 4 coupelles de 100g || Origine : FRANCE || Aliment adapté aux besoins des bébés. || Encore meilleur frais. Ne pas ajouter de sucre. || Pommes 66,9 % - poires 25 % - jus de mandarine 8 % -vitamine C. SANS GLUTEN || Valeur énergétique en Joules :  174 || Valeur énergétique en Kcal : 42 || Glucides : 9.7 || Lipides : 0.2 || Protides :0.3 || Avant ouverture, conserver à température ambiante. Après ouverture à conserver au réfrigérateur et à consommer dans les 12 heures. || 
5,45€ / Kg || 
2,18 € || 
Pomme abricot, dès 4/6mois, sans sucres ajoutés || Les 4 pots de 130g || Origine : FRANCE || Avec nos petits pots, vous faites découvrir à bébé le vrai goût des fruits et lui permettez ainsi de construire chaque jour son répertoire alimentaire. Gorgées de soleil, nos abricots sont transformés immédiatement en purée pour permettre à bébé d'ensavourer le goût toute l'année. || Nous vous conseillons d'utiliser une cuillère en plastique adaptée à la bouche de bébé. Ne pas ajouter de sucre. || Pommes 64,9%, abricot 35%, vitamine C. Sans gluten. Sans sucres ajoutés. Sans colorant, sans arôme, sans conservateur. || Valeur énergétique en Joules :  199kj || Valeur énergétique en Kcal : 47kcal || Glucides : 10,1g || Lipides : 0,1g || Protides :0,5g || Avant ouverture, conserver à température ambiante dans un endroit propre et sec. Après ouverture, le pot refermé, se conserve 48 h au réfrigérateur. || 
5,62€ / Kg || 
2,92 € || 
Pomme Fraise dès 6mois || Les 4 pots de 130g || Origine : FRANCE || Avec nos petits pots, vous faites découvrir à bébé le vrai goût des fruits et lui permettez ainsi de construire chaque jour son répertoire alimentaire. Gorgées de soleil, nos fraises sont cueillies à maturité pour offrir à bébé un petit pot de qualité. || Enlever la capsule. Nous vous conseillons d'utiliser une cuillère en plastique adaptée à la bouche de bébé. Ne pas ajouter de sucre. || Pomme 74,9%, fraise 25%, vitamine C. Sans gluten. Sans arôme, sans colorant, sans conservateur (conformément à la réglementation). Contient les sucres naturels des fruits. || Valeur énergétique en Joules :  201kj || Valeur énergétique en Kcal : 47kcal || Glucides : 10g || Lipides : 0,2g || Protides :0,4g || Avant ouverture, conserver à température ambiante dans un endroit propre et sec. Après ouverture, le pot refermé, se conserve 48 h au réfrigérateur. || 
5,50€ / Kg || 
2,86 € || 
Compote de pommes et bananes, d}s 5 mois || Les 4 pots de 100g || Origine : FRANCE || Ces petits pots sont pour vous chaque jour, la garantie d'une alimentation adaptée pour vos bébé. Les différentes recettes ont été élaborées afin de lui faire découvrir peu à peu de nouvelles saveurs. || Servir à température ambiante. || Pommes 77%, bananes 20%, jus concentré de pommes, antioxygène : acide ascorbique. Sans conservateur, sans adjonction d'arômes artificiel ni de colorant conformément à la réglementation. || Valeur énergétique en Joules :  321Kj || Valeur énergétique en Kcal : 76Kc || Glucides : 17g || Lipides : 0,6g || Protides :0,6g || 
3,95€ / Kg || 
1,58 € || 
Compote de pommes et poires, d}s 5 mois || Les 4 pots de 100g || Origine : FRANCE || Dès 5 mois, votre bébé peut découvrir le plaisir des fruits sans sucres ajoutés avec les Purées de fruits Bout'chou. Il élargit ainsi sa palette gustative et vit de nouvelles expériences alimentaires qui lui garantissent des apports nutritionnels. Deplus, il apprend progressivement à manger tout seul grâce à la présentation en coupelle plastique. || Meilleur servi frais. Ne pas ajouter de sucre. || Purée de pommes 6%, purée de poires 34%, antioxydant: acide ascorbique. Sans colorant, sans arôme artificiel, sans conservateur ajouté. || Valeur énergétique en Joules :  320Kj || Valeur énergétique en Kcal : 76Kc || Glucides : 17g || Lipides : 0,6g || Protides :0,5g || Après ouverture, à conserver couvert au réfrigérateur au maximum pendant 12 heures. || 
4,23€ / Kg || 
1,69 € || 
Purée de fruits, cocktail de fruits sans morceaux || Les 4 pots de 100g || Origine : FRANCE || Aliment pour bébé. || Ne pas ajouter de sucre. || Purée de pommes 54,1%, purée de poires 20%, pulpe d'ananas 10%, purée de pêches 8%, purée de bananes 7,8%, antioxydant : acide ascorbique. Sans gluten. || Valeur énergétique en Joules :  234kj || Valeur énergétique en Kcal : 56kcal || Glucides : 12g || Protides :0g || 
4,23€ / Kg || 
1,69 € || 
Banane, dès 4 mois || La gourde de 120g || Origine : FRANCE || 85% banane bio, eau, jus de citron bio concentré || Valeur énergétique en Joules :  344 || Valeur énergétique en Kcal : 82 || Glucides : 18.7 || Lipides : 0.4 || Protides :0.3 || 
11,58€ / Kg || 
1,39 € || 
Banane, dès 4 mois || La gourde de 120g || Origine : FRANCE || 85% banane bio, eau, jus de citron bio concentré || Valeur énergétique en Joules :  344 || Valeur énergétique en Kcal : 82 || Glucides : 18.7 || Lipides : 0.4 || Protides :0.3 || 
11,58€ / Kg || 
1,39 € || 
Gourdes de fruits, avec une cuillère || Les 4 gourdes de 120g || Origine : FRANCE || 100% bio, nos gourdes de fruits tout seuls sont idéales pour commencer la diversification alimentaire, ou plus tard pour éveiller les palais en herbe de vos bébés ! || Convient aux bébés dès 4 mois, sauf avis contraire de votre médecin. La 1ère cuillère bébé à clipser : toujours avec vous, elle se clipse sur une gourde en un clin d'oeil ! Réutilisable, elle passe aussi au lave-vaisselle. Ne pas laisser les enfantsde moins de 36 mois avec le bouchon et le cuilleron sans surveillance ! Ne jamais mettre la gourde directement au micro-ondes. || Mangue 120g : 99,9% mangue bio, jus de citron bio concentré, 0% autre chose - sans gluten Pomme Gala 120g : 99,9% pomme gala bio, jus de citron bio concentré, 0% autre chose - sans gluten Poire Williams 120g : 99,9% poire williams bio, jus de citronbio concentré, 0% autre chose - sans gluten Banane 120g : 85% banane bio, eau, jus de citron bio concentré, 0% autre chose - sans gluten. || Valeur énergétique en Joules :  344kj || Valeur énergétique en Kcal : 82kcal || Glucides : 18,7g || Lipides : 0,4g || Protides :0,3g || Conserver à température ambiante avant ouverture et pendant 24 heures au réfrigérateur après ouverture. || 
13,46€ / Kg || 
6,46 € || 
Gourdes de fruits, avec une cuillère || Les 4 gourdes de 120g || Origine : FRANCE || 100% bio, nos gourdes de fruits tout seuls sont idéales pour commencer la diversification alimentaire, ou plus tard pour éveiller les palais en herbe de vos bébés ! || Convient aux bébés dès 4 mois, sauf avis contraire de votre médecin. La 1ère cuillère bébé à clipser : toujours avec vous, elle se clipse sur une gourde en un clin d'oeil ! Réutilisable, elle passe aussi au lave-vaisselle. Ne pas laisser les enfantsde moins de 36 mois avec le bouchon et le cuilleron sans surveillance ! Ne jamais mettre la gourde directement au micro-ondes. || Mangue 120g : 99,9% mangue bio, jus de citron bio concentré, 0% autre chose - sans gluten Pomme Gala 120g : 99,9% pomme gala bio, jus de citron bio concentré, 0% autre chose - sans gluten Poire Williams 120g : 99,9% poire williams bio, jus de citronbio concentré, 0% autre chose - sans gluten Banane 120g : 85% banane bio, eau, jus de citron bio concentré, 0% autre chose - sans gluten. || Valeur énergétique en Joules :  344kj || Valeur énergétique en Kcal : 82kcal || Glucides : 18,7g || Lipides : 0,4g || Protides :0,3g || Conserver à température ambiante avant ouverture et pendant 24 heures au réfrigérateur après ouverture. || 
13,46€ / Kg || 
6,46 € || 
Mangue, dès 4 mois || La gourde de 120g || Origine : FRANCE || 99,9% mangue bio, jus de citron bio concentré || Valeur énergétique en Joules :  257 || Valeur énergétique en Kcal : 61 || Glucides : 13.7 || Lipides : 0.2 || Protides :0.5 || 
11,75€ / Pce || 
1,41 € || 
Mangue, dès 4 mois || La gourde de 120g || Origine : FRANCE || 99,9% mangue bio, jus de citron bio concentré || Valeur énergétique en Joules :  257 || Valeur énergétique en Kcal : 61 || Glucides : 13.7 || Lipides : 0.2 || Protides :0.5 || 
11,75€ / Pce || 
1,41 € || 
Poire Williams, dès 4 mois || La gourde de 120g || Origine : FRANCE || 99,9% poire williams bio, jus de citron bio concentré || Valeur énergétique en Joules :  220 || Valeur énergétique en Kcal : 53 || Glucides : 11.3 || Lipides : 0.1 || Protides :0.4 || 
11,50€ / Kg || 
1,38 € || 
Poire Williams, dès 4 mois || La gourde de 120g || Origine : FRANCE || 99,9% poire williams bio, jus de citron bio concentré || Valeur énergétique en Joules :  220 || Valeur énergétique en Kcal : 53 || Glucides : 11.3 || Lipides : 0.1 || Protides :0.4 || 
11,50€ / Kg || 
1,38 € || 
Pomme gala, dès 4 mois || La gourde de 120g || Origine : FRANCE || 99,9% pomme gala bio, jus de citron bio concentré || Valeur énergétique en Joules :  230 || Valeur énergétique en Kcal : 55 || Glucides : 11.4 || Lipides : 0.6 || Protides :0.3 || 
11,92€ / Kg || 
1,43 € || 
Pomme gala, dès 4 mois || La gourde de 120g || Origine : FRANCE || 99,9% pomme gala bio, jus de citron bio concentré || Valeur énergétique en Joules :  230 || Valeur énergétique en Kcal : 55 || Glucides : 11.4 || Lipides : 0.6 || Protides :0.3 || 
11,92€ / Kg || 
1,43 € || 
Etape 1, petits pots bébés poires, dès 4 à 6 mois || Les 4 pots de 130g || Origine : FRANCE || Un procédé unique de cuisson vapeur douce où chaque famille d'ingrédients est cuite séparément pour une préservation prouvée des nutriments et des saveurs. || Servir à température ambiante. || poires (99.9%), vitamine C. || Valeur énergétique en Joules :  228Kj || Valeur énergétique en Kcal : 54Kc || Glucides : 12,7g || Lipides : 0,1g || Protides :0,5g || Refermé, le pot peut se conserver 48H au réfrigérateur || 
6,21€ / Kg || 
3,23 € || 
Petits pots, fruits du soleil, dès 8 mois, sans sucres ajoutés || Les 4 pots de 130g || Origine : FRANCE || Ne pas consommer si l'emballage (pot, couvercle, opercule) est endommagé. || Pommes 50%, bananes 15%, poires 14%, pêches 7%, ananas 7%, abricots 3,5%, mangues 3,45%, vitamine C. Sans sucres ajoutés. || Valeur énergétique en Joules :  235kj || Valeur énergétique en Kcal : 55kcal || Glucides : 13,2g || Lipides : 0,1g || Protides :0,4g || Avant ouverture, conserver à température ambiante. Pour conserver Naturnes après ouverture 48h au réfrigérateur, nous vous conseillons de ne pas consommer directement dans le pot. Conditionné sous atmosphère protectrice. || 
5,83€ / Kg || 
3,03 € || 
Petits pots à la banane || Les 2 pots de 80g || Origine : FRANCE || Des fruits incontournables dans une mini-portion idéale pour les premières cuillères de Bébé. Quand bébé grandit, les P'tits Pots peuvent être combinés entre eux ou avec des morceaux de fruits pour varier ses plaisirs. || Vérifier que le pot fait bien un déclic à l'ouverture. Servir à température ambiante. Utiliser une cuillère en plastique adaptée à la bouche de bébé. || Bananes 50%, pommes 49,9%, jus de citron concentré, vitamine C. Sans sucre ajouté. Sans gluten. || Avant ouverture, conserver à température ambiante dans un endroit propre et sec. Pour conserver P'tit Pot après ouverture, nous vous conseillons de ne pas consommer directement dans le pot en verre. || 
6,38€ / Kg || 
1,02 € || 
Champignons de Paris émincés, certifié AB || La boîte de 230g || Origine : FRANCE || Valeur énergétique en Joules :  58kj || Valeur énergétique en Kcal : 14kcal || Glucides : 0g || Lipides : 0g || Protides :2,1g || A conserver dans un endroit frais et sec à l'abri de la lumière. Après ouverture, à conserver au réfrigérateur dans un récipient alimentaire et à consommer rapidement. || 
10,78€ / Kg || 
2,48 € || 
Champignons de Paris émincés, certifié AB || La boîte de 230g || Origine : FRANCE || Valeur énergétique en Joules :  58kj || Valeur énergétique en Kcal : 14kcal || Glucides : 0g || Lipides : 0g || Protides :2,1g || A conserver dans un endroit frais et sec à l'abri de la lumière. Après ouverture, à conserver au réfrigérateur dans un récipient alimentaire et à consommer rapidement. || 
10,78€ / Kg || 
2,48 € || 
Chili con carne et riz blanc, certifié AB || La barquette de 300g || Origine : FRANCE || Riz précuits* 38% (riz blanc*, eau, huile de colza*, sel), eau, viande de boeuf hachée cuite* 14%, haricots rouges réhydratés* 13% (haricots rouges*, eau), concentré de tomates*, oignons* 4%, poivrons rouges* et verts* 4%, sucre*, sel, fécule de pomme de terre*, moutarde forte*, (eau, graines de moutarde brunes*, vinaigre d'alcool*, sel), épaississants: gomme de xanthane et gomme guar, cumin*, piment de Cayenne*, paprika*. Présence possible de poisson, oeuf et gluten. *ingrédients issus de l'agriculture biologique. || Au four à micro-ondes: percez l'opercule de chaque compartiment. Centrez la barquette dans le four afin qu'elle ne touche pas les parois. Faites réchauffer 2 minutes à puissance maximale. Au bain-marie: plongez la barquette fermée dans l'eau frémissante pendant 10 minutes. Passez-la sous l'eau froide pendant quelques secondes avant de retirer l'opercule pour éviter toute projection à l'ouverture. || A conserver à température ambiante. || 
11,87€ / Kg || 
3,56 € || 
Chili con carne et riz blanc, certifié AB || La barquette de 300g || Origine : FRANCE || Riz précuits* 38% (riz blanc*, eau, huile de colza*, sel), eau, viande de boeuf hachée cuite* 14%, haricots rouges réhydratés* 13% (haricots rouges*, eau), concentré de tomates*, oignons* 4%, poivrons rouges* et verts* 4%, sucre*, sel, fécule de pomme de terre*, moutarde forte*, (eau, graines de moutarde brunes*, vinaigre d'alcool*, sel), épaississants: gomme de xanthane et gomme guar, cumin*, piment de Cayenne*, paprika*. Présence possible de poisson, oeuf et gluten. *ingrédients issus de l'agriculture biologique. || Au four à micro-ondes: percez l'opercule de chaque compartiment. Centrez la barquette dans le four afin qu'elle ne touche pas les parois. Faites réchauffer 2 minutes à puissance maximale. Au bain-marie: plongez la barquette fermée dans l'eau frémissante pendant 10 minutes. Passez-la sous l'eau froide pendant quelques secondes avant de retirer l'opercule pour éviter toute projection à l'ouverture. || A conserver à température ambiante. || 
11,87€ / Kg || 
3,56 € || 
Coeurs de palmier sauvage, certifié AB || Le bocal de 400g || Origine : FRANCE || Monoprix a sélectionné pour vous, avec des entreprises partenaires, des produits issus de l'agriculture biologique. Leurs modes de production et de transformation sont contrôlées et certifiés par un organisme indépendant, conformément à la réglementation en vigueur. || Rincez avant utilisation. || Coeurs de palmier sauvage*, eau, sel, acidifiant : acide citrique. *Ingrédient issu de l'agriculture biologique. || Valeur énergétique en Joules :  93Kj || Valeur énergétique en Kcal : 22kcal || Glucides : 2,3g || Lipides : Traces || Protides :2,3g || A conserver à température ambiante. Après ouverture, à conserver au réfrigérateur et à consommer rapidement. || 
17,72€ / Kg || 
4,43 € || 
Coeurs de palmier sauvage, certifié AB || Le bocal de 400g || Origine : FRANCE || Monoprix a sélectionné pour vous, avec des entreprises partenaires, des produits issus de l'agriculture biologique. Leurs modes de production et de transformation sont contrôlées et certifiés par un organisme indépendant, conformément à la réglementation en vigueur. || Rincez avant utilisation. || Coeurs de palmier sauvage*, eau, sel, acidifiant : acide citrique. *Ingrédient issu de l'agriculture biologique. || Valeur énergétique en Joules :  93Kj || Valeur énergétique en Kcal : 22kcal || Glucides : 2,3g || Lipides : Traces || Protides :2,3g || A conserver à température ambiante. Après ouverture, à conserver au réfrigérateur et à consommer rapidement. || 
17,72€ / Kg || 
4,43 € || 
Emincés de volaille aux lentilles cuisinées, certifié AB || La barquette de 300g || Origine : FRANCE || Lentilles vertes précuites* 26% (lentilles vertes*, eau, huile de colza*, sel), eau, viande de cuisse de poulet traitée en salaison cuite* 13% (viande de cuisse de poulet* 11%, eau, dextrose de maïs*, sel de mer, poudre de lait*, gélifiant: agar, sucre roux*, chicorée soluble*, épaississant: farine de caroube), oignons* 10%, courgettes* 10%, carottes* 8%, concentré de tomates*, tomates concassées*, poivrons rouges* et verts*, huile d'olive vierge extra*, sel, sucre*, épaississants: gomme xanthane et gomme guar, jus de citron concentré*, poivre*, origan*, romarin*, thym*, basilic*. Présence possible de poisson, oeuf et gluten. *ingrédients issus de l'agriculture biologique. || Au four à micro-ondes: percez l'opercule de chaque compartiment. Centrez la barquette dans le four afin qu'elle ne touche pas les parois. Faîtes réchauffer 2 minutes à puissance maximale. Au bain-marie: plonger la barquette fermée dans l'eau frémissante pendant 10 minutes. Passez-la sous l'eau froide pendant quelques secondes avant de retirer l'opercule pour éviter toute projection à l'ouverture. || A conserver à température ambiante. || 
11,87€ / Kg || 
3,56 € || 
Emincés de volaille aux lentilles cuisinées, certifié AB || La barquette de 300g || Origine : FRANCE || Lentilles vertes précuites* 26% (lentilles vertes*, eau, huile de colza*, sel), eau, viande de cuisse de poulet traitée en salaison cuite* 13% (viande de cuisse de poulet* 11%, eau, dextrose de maïs*, sel de mer, poudre de lait*, gélifiant: agar, sucre roux*, chicorée soluble*, épaississant: farine de caroube), oignons* 10%, courgettes* 10%, carottes* 8%, concentré de tomates*, tomates concassées*, poivrons rouges* et verts*, huile d'olive vierge extra*, sel, sucre*, épaississants: gomme xanthane et gomme guar, jus de citron concentré*, poivre*, origan*, romarin*, thym*, basilic*. Présence possible de poisson, oeuf et gluten. *ingrédients issus de l'agriculture biologique. || Au four à micro-ondes: percez l'opercule de chaque compartiment. Centrez la barquette dans le four afin qu'elle ne touche pas les parois. Faîtes réchauffer 2 minutes à puissance maximale. Au bain-marie: plonger la barquette fermée dans l'eau frémissante pendant 10 minutes. Passez-la sous l'eau froide pendant quelques secondes avant de retirer l'opercule pour éviter toute projection à l'ouverture. || A conserver à température ambiante. || 
11,87€ / Kg || 
3,56 € || 
Filet de saumon, sauce aneth et duo de riz, certifié AB || La barquette de 300g || Origine : FRANCE || Plat cuisiné à base de riz blanc et riz rouge, de filet de saumon sauce à l'aneth et à l'arôme naturel d'aneth, issu de l'agriculture biologique. || Au four à micro-ondes : percez l'opercule de chaque compartiment. Centrez la barquette dans le four afin qu'elle ne touche pas les parois. Faîtes réchauffer 2 minutes à puissance maximale. Au bain-marie : plonger la barquette fermée dans l'eau frémissante pendant 10 minutes. Passez-la sous l'eau froide pendant quelques secondes avant de retirer l'opercule pour éviter toute projection à l'ouverture. Ne pas mettre au four traditionnel. Malgré tous nos contrôles, une arête peut exceptionnellement se retrouver dans ce produit. || Riz blanc*  et rouge* précuits 46% (riz blanc*, riz rouge*, eau, huile de colza*, sel), filet de saumon* 18%, eau, carottes* 6%, crème fraîche*, farines de blé* et de riz*, margarine* (huiles et graisses végétales de tournesol* et de palme*, eau, sel, lécithine de tournesol, jus de carotte*, jus de citron concentré*), poudre de lait écrémé*, protéines de lait*, vinaigre d'alcool*, sel, épaississants: gomme xanthane et gomme guar, fécule de pomme de terre*, extrait de citron* 0,17% (jus et alcoolat de citron), arôme naturel (contient sulfites), jus de citron concentré* 0,11%, aneth déshydraté* 0,06%, poivre*, arôme naturel aneth 0,01%. Présence possible d'oeuf. *ingrédients issus de l'agriculture biologique. || Valeur énergétique en Joules :  653kj || Valeur énergétique en Kcal : 156kcal || Glucides : 19g || Lipides : 5,5g || Protides :6,7g || A conserver à température ambiante. Conditionné sous atmosphère protectrice. || 
13,63€ / Kg || 
4,09 € || 
Filet de saumon, sauce aneth et duo de riz, certifié AB || La barquette de 300g || Origine : FRANCE || Plat cuisiné à base de riz blanc et riz rouge, de filet de saumon sauce à l'aneth et à l'arôme naturel d'aneth, issu de l'agriculture biologique. || Au four à micro-ondes : percez l'opercule de chaque compartiment. Centrez la barquette dans le four afin qu'elle ne touche pas les parois. Faîtes réchauffer 2 minutes à puissance maximale. Au bain-marie : plonger la barquette fermée dans l'eau frémissante pendant 10 minutes. Passez-la sous l'eau froide pendant quelques secondes avant de retirer l'opercule pour éviter toute projection à l'ouverture. Ne pas mettre au four traditionnel. Malgré tous nos contrôles, une arête peut exceptionnellement se retrouver dans ce produit. || Riz blanc*  et rouge* précuits 46% (riz blanc*, riz rouge*, eau, huile de colza*, sel), filet de saumon* 18%, eau, carottes* 6%, crème fraîche*, farines de blé* et de riz*, margarine* (huiles et graisses végétales de tournesol* et de palme*, eau, sel, lécithine de tournesol, jus de carotte*, jus de citron concentré*), poudre de lait écrémé*, protéines de lait*, vinaigre d'alcool*, sel, épaississants: gomme xanthane et gomme guar, fécule de pomme de terre*, extrait de citron* 0,17% (jus et alcoolat de citron), arôme naturel (contient sulfites), jus de citron concentré* 0,11%, aneth déshydraté* 0,06%, poivre*, arôme naturel aneth 0,01%. Présence possible d'oeuf. *ingrédients issus de l'agriculture biologique. || Valeur énergétique en Joules :  653kj || Valeur énergétique en Kcal : 156kcal || Glucides : 19g || Lipides : 5,5g || Protides :6,7g || A conserver à température ambiante. Conditionné sous atmosphère protectrice. || 
13,63€ / Kg || 
4,09 € || 
Haricots verts extra-fins monoprix bio || Le bocal de 180g net égoutté || Origine : FRANCE || Haricots verts extra fins issus de l'agriculture biologique. || Rincez à l'eau froide et égouttez. Réchauffez à feu doux avec du beurre ou un jus de viande, saupoudrez de persil haché et assaisonnez à votre convenance. Froids : en salade. || Haricots verts*, eau, sel. *Ingrédient issu de l'agriculture biologique. || Valeur énergétique en Joules :  108kj || Valeur énergétique en Kcal : 26kcal || Glucides : 3g || Lipides : 0,2g || Protides :1,6g || A conserver à l'abri de la chaleur, de l'humidité et de la lumière. || 
9,11€ / Kg || 
1,64 € || 
Haricots verts extra-fins monoprix bio || Le bocal de 180g net égoutté || Origine : FRANCE || Haricots verts extra fins issus de l'agriculture biologique. || Rincez à l'eau froide et égouttez. Réchauffez à feu doux avec du beurre ou un jus de viande, saupoudrez de persil haché et assaisonnez à votre convenance. Froids : en salade. || Haricots verts*, eau, sel. *Ingrédient issu de l'agriculture biologique. || Valeur énergétique en Joules :  108kj || Valeur énergétique en Kcal : 26kcal || Glucides : 3g || Lipides : 0,2g || Protides :1,6g || A conserver à l'abri de la chaleur, de l'humidité et de la lumière. || 
9,11€ / Kg || 
1,64 € || 
Maïs doux en grains, sous vide, bio || La boîte de 300g || Origine : FRANCE || Chaud : réchauffez le à feu doux dans une casserole avec une noix de beurre. Servez avec des grillades, des rôtis et volailles ou du poisson. Froid : mélangez le à d'autres légumes pour constituer des salades rafraîchissantes et originales (tomates,poivrons, pointes d'asperges, céleri etc). || Maïs en grains*, eau, sel. * Ingrédients issus de l'agriculture biologique. || Valeur énergétique en Joules :  377Kj || Valeur énergétique en Kcal : 90Kcal || Glucides : 12g || Lipides : 2,4g || Protides :2,9g || A conserver à température ambiante. || 
5,23€ / Kg || 
1,49 € || 
Maïs doux en grains, sous vide, bio || La boîte de 300g || Origine : FRANCE || Chaud : réchauffez le à feu doux dans une casserole avec une noix de beurre. Servez avec des grillades, des rôtis et volailles ou du poisson. Froid : mélangez le à d'autres légumes pour constituer des salades rafraîchissantes et originales (tomates,poivrons, pointes d'asperges, céleri etc). || Maïs en grains*, eau, sel. * Ingrédients issus de l'agriculture biologique. || Valeur énergétique en Joules :  377Kj || Valeur énergétique en Kcal : 90Kcal || Glucides : 12g || Lipides : 2,4g || Protides :2,9g || A conserver à température ambiante. || 
5,23€ / Kg || 
1,49 € || 
Petits pois extra-fins et jeunes carottes à l'étuvée, certifié AB || Le bocal de 420g net égoutté || Origine : FRANCE || Versez le contenu du bocal dans une casserole et faites chauffer à feu doux sans bouillir. Assaisonnez selon le goût. || Légumes : petits pois extra-fins* (50% minimum), jeunes carottes* (30% minimum). Jus : eau, sucre de canne*, sel, arôme naturel. *ingrédients issus de l'agriculture biologique. || Valeur énergétique en Joules :  217kj || Valeur énergétique en Kcal : 52kcal || Glucides : 7,5gg || Lipides : 0,3g || Protides :2,6g || A conserver à l'abri de la chaleur, de l'humidité et de la lumière. || 
5,30€ / Kg || 
3,50 € || 
Petits pois extra-fins et jeunes carottes à l'étuvée, certifié AB || Le bocal de 420g net égoutté || Origine : FRANCE || Versez le contenu du bocal dans une casserole et faites chauffer à feu doux sans bouillir. Assaisonnez selon le goût. || Légumes : petits pois extra-fins* (50% minimum), jeunes carottes* (30% minimum). Jus : eau, sucre de canne*, sel, arôme naturel. *ingrédients issus de l'agriculture biologique. || Valeur énergétique en Joules :  217kj || Valeur énergétique en Kcal : 52kcal || Glucides : 7,5gg || Lipides : 0,3g || Protides :2,6g || A conserver à l'abri de la chaleur, de l'humidité et de la lumière. || 
5,30€ / Kg || 
3,50 € || 
Pulpe de tomates || Le pot de 400g || Origine : FRANCE || Cette pulpe de tomates vous permettra de réaliser une sauce délicieuse pour accompagner vos pâtes, ou garnir une tarte salée. || Verser la pulpe telle quelle sur les plats à assaisonner ou la faire réchauffer au bain-marie (bocal ouvert) une dizaine de minutes. Certifié AB. || pulpe de tomates* 99,4%, sel. *ingrédient issu de l'agriculture biologique. || Valeur énergétique en Joules :  161Kj || Valeur énergétique en Kcal : 38Kcal || Glucides : 7,3g || Lipides : 0,3g || Protides :1,5g || A conserver à température ambiante. || 
4,53€ / Kg || 
1,81 € || 
Pulpe de tomates || Le pot de 400g || Origine : FRANCE || Cette pulpe de tomates vous permettra de réaliser une sauce délicieuse pour accompagner vos pâtes, ou garnir une tarte salée. || Verser la pulpe telle quelle sur les plats à assaisonner ou la faire réchauffer au bain-marie (bocal ouvert) une dizaine de minutes. Certifié AB. || pulpe de tomates* 99,4%, sel. *ingrédient issu de l'agriculture biologique. || Valeur énergétique en Joules :  161Kj || Valeur énergétique en Kcal : 38Kcal || Glucides : 7,3g || Lipides : 0,3g || Protides :1,5g || A conserver à température ambiante. || 
4,53€ / Kg || 
1,81 € || 
Ratatouille à l'huile d'olive vierge et aux herbes aromatiques || Le bocal de 630g || Origine : FRANCE || Versez le contenu du bocal dans une casserole. Faites réchauffer le tout à feu doux pendant 10 minutes. Remuez en cours de cuisson. Servez chaud. || Tomates* 30%, courgettes* 26%, aubergines* 12%, poivrons rouges* 12%, oignons*, huile de tournesol*, concentré de tomate* 2,8%, huile d'olive vierge extra* 1,4%, sel, pulpe d'ail*, herbes aromatiques 0,4% (thym*, origan*, basilic* 0,08%), jus de citron concentré*. *Ingrédients issus de l'agriculture biologique. || Valeur énergétique en Joules :  271kg || Valeur énergétique en Kcal : 65kcal || Glucides : 3,5g || Lipides : 5g || Protides :0,7g || Après ouverture, à conserver au réfrigérateur et à consommer rapidement. || 
5,90€ / Kg || 
3,72 € || 
Ratatouille à l'huile d'olive vierge et aux herbes aromatiques || Le bocal de 630g || Origine : FRANCE || Versez le contenu du bocal dans une casserole. Faites réchauffer le tout à feu doux pendant 10 minutes. Remuez en cours de cuisson. Servez chaud. || Tomates* 30%, courgettes* 26%, aubergines* 12%, poivrons rouges* 12%, oignons*, huile de tournesol*, concentré de tomate* 2,8%, huile d'olive vierge extra* 1,4%, sel, pulpe d'ail*, herbes aromatiques 0,4% (thym*, origan*, basilic* 0,08%), jus de citron concentré*. *Ingrédients issus de l'agriculture biologique. || Valeur énergétique en Joules :  271kg || Valeur énergétique en Kcal : 65kcal || Glucides : 3,5g || Lipides : 5g || Protides :0,7g || Après ouverture, à conserver au réfrigérateur et à consommer rapidement. || 
5,90€ / Kg || 
3,72 € || 
Ravioli pur boeuf, certifié AB || La barquette de 300g || Origine : FRANCE || Au four à micro-ondes : percez l'opercule de chaque compartiment. Centrez la barquette dans le four afin qu'elle ne touche pas les parois. Faites réchauffer 2 minutes à puissance maximale. Au bain-marie : plonger la barquette fermée dans l'eau frémissante pendant 10 minutes. Passez-la sous l'eau froide pendant quelques secondes avant de retirer l'opercule pour éviter toute projection à l'ouverture. || Ravioli précuits* 43% (pâte 26% (semoule de blé dur*, eau, oeufs*), farce 17% (viande de boeuf* 9,5%, couscous*, coulis de tomate*, tomates*, oignons*, sel, huile de tournesol*, arômes naturels), eau, huile de colza*, sel), eau, concentré de tomates*5,8%, tomates concassées* 4,9%, carottes* 1,6%, oignons* 1,6%, huile de colza*, sel, sucre*, fécule de pomme de terre*, ail déshydraté*, épaississants : gomme xanthane et gomme guar, poivre, origan*, persil*, basilic*, paprika*. Présence possible depoisson. *Ingrédients issus de l'agriculture biologique. || Valeur énergétique en Joules :  394KJ || Valeur énergétique en Kcal : 94KCAL || Glucides : 13g || Lipides : 2,3g || Protides :4,1g || A conserver à température ambiante. Conditionné sous atmosphère protectrice. || 
8,47€ / Kg || 
2,54 € || 
Ravioli pur boeuf, certifié AB || La barquette de 300g || Origine : FRANCE || Au four à micro-ondes : percez l'opercule de chaque compartiment. Centrez la barquette dans le four afin qu'elle ne touche pas les parois. Faites réchauffer 2 minutes à puissance maximale. Au bain-marie : plonger la barquette fermée dans l'eau frémissante pendant 10 minutes. Passez-la sous l'eau froide pendant quelques secondes avant de retirer l'opercule pour éviter toute projection à l'ouverture. || Ravioli précuits* 43% (pâte 26% (semoule de blé dur*, eau, oeufs*), farce 17% (viande de boeuf* 9,5%, couscous*, coulis de tomate*, tomates*, oignons*, sel, huile de tournesol*, arômes naturels), eau, huile de colza*, sel), eau, concentré de tomates*5,8%, tomates concassées* 4,9%, carottes* 1,6%, oignons* 1,6%, huile de colza*, sel, sucre*, fécule de pomme de terre*, ail déshydraté*, épaississants : gomme xanthane et gomme guar, poivre, origan*, persil*, basilic*, paprika*. Présence possible depoisson. *Ingrédients issus de l'agriculture biologique. || Valeur énergétique en Joules :  394KJ || Valeur énergétique en Kcal : 94KCAL || Glucides : 13g || Lipides : 2,3g || Protides :4,1g || A conserver à température ambiante. Conditionné sous atmosphère protectrice. || 
8,47€ / Kg || 
2,54 € || 
Terrine de campagne || Le pot de 180g || Origine : FRANCE || Gorde de porc*52%, foie de porc*32%, épaule de porc*7%, lait*, oeufs*, sel, Cognac*, épice et aromates*. *ingrédients issus de l'agriculture biologique || Valeur énergétique en Joules :  1305Kj || Valeur énergétique en Kcal : 315Kcal || Glucides : 0,8g || Lipides : 28g || Protides :15g || 
12,50€ / Kg || 
2,25 € || 
Terrine de campagne || Le pot de 180g || Origine : FRANCE || Gorde de porc*52%, foie de porc*32%, épaule de porc*7%, lait*, oeufs*, sel, Cognac*, épice et aromates*. *ingrédients issus de l'agriculture biologique || Valeur énergétique en Joules :  1305Kj || Valeur énergétique en Kcal : 315Kcal || Glucides : 0,8g || Lipides : 28g || Protides :15g || 
12,50€ / Kg || 
2,25 € || 
Terrine de fois de volaille au cognac || Le pot de 180g || Origine : FRANCE || Gorge de porc*, foie de volaille* 37%, lait*, oeufs*, sel, cognac*1% et aromates*.  *ingrédients issus de l'Agriculture Biologique. || Valeur énergétique en Joules :  1378Kj || Valeur énergétique en Kcal : 333Kcal || Glucides : 0,6g || Lipides : 31g || Protides :13g || 
12,50€ / Kg || 
2,25 € || 
Terrine de fois de volaille au cognac || Le pot de 180g || Origine : FRANCE || Gorge de porc*, foie de volaille* 37%, lait*, oeufs*, sel, cognac*1% et aromates*.  *ingrédients issus de l'Agriculture Biologique. || Valeur énergétique en Joules :  1378Kj || Valeur énergétique en Kcal : 333Kcal || Glucides : 0,6g || Lipides : 31g || Protides :13g || 
12,50€ / Kg || 
2,25 € || 
Tomates entières pelées, au jus || La boîte de 400g || Origine : FRANCE || Tomates entières pelées* 60%, jus de tomates* 39%, sel, correcteur d'acidité: E330. * ingrédients issus de l'agriculture biologique. || Pour préparer toutes vos sauces et plats à base de tomates. || A conserver à température ambiante, à l'abri de l'humidité et des fortes variations de température. || 
2,38€ / Kg || 
0,95 € || 
Tomates entières pelées, au jus || La boîte de 400g || Origine : FRANCE || Tomates entières pelées* 60%, jus de tomates* 39%, sel, correcteur d'acidité: E330. * ingrédients issus de l'agriculture biologique. || Pour préparer toutes vos sauces et plats à base de tomates. || A conserver à température ambiante, à l'abri de l'humidité et des fortes variations de température. || 
2,38€ / Kg || 
0,95 € || 
Amande Cuisine Bio || La boite de 200ml || Origine : FRANCE || Valeur énergétique en Joules :  357kj || Valeur énergétique en Kcal : 87kcal || Glucides : 1,7g || Lipides : 8,0g || Protides :0,6g || 
10,75€ / L || 
2,15 € || 
Amande Cuisine Bio || La boite de 200ml || Origine : FRANCE || Valeur énergétique en Joules :  357kj || Valeur énergétique en Kcal : 87kcal || Glucides : 1,7g || Lipides : 8,0g || Protides :0,6g || 
10,75€ / L || 
2,15 € || 
Avoine cuisine || Le pack de 200ml || Origine : ITALIE || L'avoine cuisine Bjorg est une excellente alternative à la crème classique. || Elle accompagnera aussi bien vos recettes salées que sucrées (quiches, gratins, sauces, desserts, gâteaux, etc). Bien agiter avant utilisation. || Eau, *avoine (8%), *huile de tournesol pressÍe Å froid, Ípaissants : gomme de guar et gomme de xanthane, sel marin || Valeur énergétique en Joules :  395kj || Valeur énergétique en Kcal : 95kcal || Glucides : 5,8g || Lipides : 7,6g || Protides :0,6g || À conserver au frais après ouverture et à consommer rapidement . || 
8,65€ / L || 
1,73 € || 
Avoine cuisine || Le pack de 200ml || Origine : ITALIE || L'avoine cuisine Bjorg est une excellente alternative à la crème classique. || Elle accompagnera aussi bien vos recettes salées que sucrées (quiches, gratins, sauces, desserts, gâteaux, etc). Bien agiter avant utilisation. || Eau, *avoine (8%), *huile de tournesol pressÍe Å froid, Ípaissants : gomme de guar et gomme de xanthane, sel marin || Valeur énergétique en Joules :  395kj || Valeur énergétique en Kcal : 95kcal || Glucides : 5,8g || Lipides : 7,6g || Protides :0,6g || À conserver au frais après ouverture et à consommer rapidement . || 
8,65€ / L || 
1,73 € || 
Filet de saumon, certifié AB || La boîte de 125g || Origine : FRANCE || 100% biologique, il est fabriqué avec des poissons ayant grandi dans une eau de qualité, et vous offre le goût subtil et naturel d'une chair bien ferme.*100% des ingrédients d'origine agricole ont été obtenus selon les règles de la production biologique. || Laissez-le s'inviter dans vos repas : servez-le en plat principal avec l'accompagnement de votre choix ou avec une salade verte pour une entrée fraîcheur. || Filet de saumon Atlantique* (72%), eau, sel. *100% des ingrédients d'origine agricole ont été obtenus selon les règles de la production biologique. || Valeur énergétique en Joules :  721Kj || Valeur énergétique en Kcal : 173Kcal || Glucides : 0,6g || Lipides : 10,3g || Protides :194g || A conserver au frais après ouverture et à consommer rapidement. || 
43,04€ / Kg || 
5,38 € || 
Filet de saumon, certifié AB || La boîte de 125g || Origine : FRANCE || 100% biologique, il est fabriqué avec des poissons ayant grandi dans une eau de qualité, et vous offre le goût subtil et naturel d'une chair bien ferme.*100% des ingrédients d'origine agricole ont été obtenus selon les règles de la production biologique. || Laissez-le s'inviter dans vos repas : servez-le en plat principal avec l'accompagnement de votre choix ou avec une salade verte pour une entrée fraîcheur. || Filet de saumon Atlantique* (72%), eau, sel. *100% des ingrédients d'origine agricole ont été obtenus selon les règles de la production biologique. || Valeur énergétique en Joules :  721Kj || Valeur énergétique en Kcal : 173Kcal || Glucides : 0,6g || Lipides : 10,3g || Protides :194g || A conserver au frais après ouverture et à consommer rapidement. || 
43,04€ / Kg || 
5,38 € || 
Lentilles carottes, bio || Le sachet de 250g || Origine : FRANCE || Ce plat cuisiné, 100% biologique, est à la fois très pratiques et particulièrement savoureux. Riche en protéines et en fibres. || Laissez vous tenter par ce délicieux mélange de lentilles et de carottes.  pour 2 personnes. a réchauffer au micro ondes ou au bain marie. || Lentilles vertes précuites*(60%), carottes précuites (38%), sel marin de l'atlantique non raffiné, huile de tournesol non hydrogénée*. * 100 % des ingrédients d'origine agricole ont été obtenus selon les règles de la production biologique. Sans conservateur et sans colorant. || Valeur énergétique en Joules :  285Kj || Valeur énergétique en Kcal : 68Kc || Glucides : 7.1g || Lipides : 1.5g || Protides :6.4g || A conserver dans un endroit frais et sec. || 
12,84€ / Kg || 
3,21 € || 
Lentilles carottes, bio || Le sachet de 250g || Origine : FRANCE || Ce plat cuisiné, 100% biologique, est à la fois très pratiques et particulièrement savoureux. Riche en protéines et en fibres. || Laissez vous tenter par ce délicieux mélange de lentilles et de carottes.  pour 2 personnes. a réchauffer au micro ondes ou au bain marie. || Lentilles vertes précuites*(60%), carottes précuites (38%), sel marin de l'atlantique non raffiné, huile de tournesol non hydrogénée*. * 100 % des ingrédients d'origine agricole ont été obtenus selon les règles de la production biologique. Sans conservateur et sans colorant. || Valeur énergétique en Joules :  285Kj || Valeur énergétique en Kcal : 68Kc || Glucides : 7.1g || Lipides : 1.5g || Protides :6.4g || A conserver dans un endroit frais et sec. || 
12,84€ / Kg || 
3,21 € || 
Quinoa pois chiches, certifié AB || Le sachet de 250g || Origine : FRANCE || Variez les plaisirs avec le Quinoa, cette graine riche en fibres découverte il y a plus de 6000 ans par les Incas. Avec le Quinoa Pois chiches Bjorg, profitez des bienfaits de l'association céréales et légumineuse dans un plat 100% végétal, riche enprotéines, véritable alternative à la viande. Bjorg sélectionne des ingrédients bio et met en oeuvre son savoir faire pour vous proposer des recettes Purs Plaisirs, sans conservateur ni colorant, qui subliment naturellement les goûts. || Au micro-ondes : ouvrez le haut du sachet, placez au micro-ondes pendant 2min. à puissance maximale. Sortez le sachet par les coins pour ne pas vous brûler. A la poêle : réchauffer 3 cuillères à soupe d'eau dans une poêle. Ajouter le contenu du sachet. Couvrir et laisser cuire à feu doux jusqu'à totale absorption de l'eau.  Micro-ondes. Poêle. || Quinoa précuit* (35%), pois chiches précuits* (22%), boulgour précuit*, riz complet précuit*, riz rouge précuit*, sel marin de l'Atlantique non raffiné, huile de tournesol non hydrogéné*. *100% des ingrédients d'origine agricole ont été obtenus selonles règles de la production biologique. Sans conservateur, ni colorant. || Valeur énergétique en Joules :  622Kj || Valeur énergétique en Kcal : 148Kc || Glucides : 23.9g || Lipides : 3.2g || Protides :5.7g || A conserver à l'abri de la chaleur et de l'humidité. A conserver au froid après ouverture et à consommer rapidement. || 
12,84€ / Kg || 
3,21 € || 
Quinoa pois chiches, certifié AB || Le sachet de 250g || Origine : FRANCE || Variez les plaisirs avec le Quinoa, cette graine riche en fibres découverte il y a plus de 6000 ans par les Incas. Avec le Quinoa Pois chiches Bjorg, profitez des bienfaits de l'association céréales et légumineuse dans un plat 100% végétal, riche enprotéines, véritable alternative à la viande. Bjorg sélectionne des ingrédients bio et met en oeuvre son savoir faire pour vous proposer des recettes Purs Plaisirs, sans conservateur ni colorant, qui subliment naturellement les goûts. || Au micro-ondes : ouvrez le haut du sachet, placez au micro-ondes pendant 2min. à puissance maximale. Sortez le sachet par les coins pour ne pas vous brûler. A la poêle : réchauffer 3 cuillères à soupe d'eau dans une poêle. Ajouter le contenu du sachet. Couvrir et laisser cuire à feu doux jusqu'à totale absorption de l'eau.  Micro-ondes. Poêle. || Quinoa précuit* (35%), pois chiches précuits* (22%), boulgour précuit*, riz complet précuit*, riz rouge précuit*, sel marin de l'Atlantique non raffiné, huile de tournesol non hydrogéné*. *100% des ingrédients d'origine agricole ont été obtenus selonles règles de la production biologique. Sans conservateur, ni colorant. || Valeur énergétique en Joules :  622Kj || Valeur énergétique en Kcal : 148Kc || Glucides : 23.9g || Lipides : 3.2g || Protides :5.7g || A conserver à l'abri de la chaleur et de l'humidité. A conserver au froid après ouverture et à consommer rapidement. || 
12,84€ / Kg || 
3,21 € || 
Riz soja à legumes doypack bio || Le sachet de 250g || Origine : FRANCE || Laissez-vous tenter par ce mélange de céréales, légumineuses et légumes, qui se consomme comme un plat cuisiné, riche en fibres et protéines. || Au micro-ondes : ouvrez le haut du sachet, placez le au micro-ondes pendant 1 min 30. Sortez le sachet par les coins pour ne pas vous brûler. Au bain-marie : placez le sachet fermé dans l'eau frémissante pendant 5 min. || Riz complet précuit* (38%), fèves de soja précuites* (34%), légumes* (24%) (tomates*, petits pois*, carottes*, oignons*), huile d'olive vierge extra*, sel de l'Atlantique non raffiné, ail*, thym*. *100% des ingrédients d'origine agricole ont été obtenus selon les règles de la production biologique. || Valeur énergétique en Joules :  1021kj || Valeur énergétique en Kcal : 244kcal || Glucides : 24g || Lipides : 7,8g || Protides :14,8 || A conserver au réfrigérateur après ouverture et à consommer rapidement. || 
8,08€ / Kg || 
2,02 € || 
Terrine d'aubergine à tartiner, certifié AB || La boîte de 125g || Origine : FRANCE || Pour profiter du meilleur de la nature Bjorg élabore ses recettes pour vous offrir des vertus nutritionnelles uniques. || Levure alimentaire, eau, aubergines grillées (*aubergines 18%, *huile de tournesol, *vinaigre, *épices, *herbes aromatiques), huile de palmiste non hydrogénée, *tofu (eau, *fèves de soja), *purée de tomates, *flocons de pommes de terre, huile d'olive*, sel marin, *sauce de soja (eau, *fèves de soja, sel), *ail, *thym, *épices. *100% des ingrédients d'origine agricole ont été obtenus selon les règles de la production biologique. Sans arôme artificiel, sans colorant. || Valeur énergétique en Joules :  695Kj || Valeur énergétique en Kcal : 165Kc || Glucides : 4g || Lipides : 14,2g || Protides :6g || Pratique grâce à sa capsule refermable, la Terrine Aubergine se conserve au réfrigérateur après ouverture. || 
24,48€ / Kg || 
3,06 € || 
Terrine d'aubergine à tartiner, certifié AB || La boîte de 125g || Origine : FRANCE || Pour profiter du meilleur de la nature Bjorg élabore ses recettes pour vous offrir des vertus nutritionnelles uniques. || Levure alimentaire, eau, aubergines grillées (*aubergines 18%, *huile de tournesol, *vinaigre, *épices, *herbes aromatiques), huile de palmiste non hydrogénée, *tofu (eau, *fèves de soja), *purée de tomates, *flocons de pommes de terre, huile d'olive*, sel marin, *sauce de soja (eau, *fèves de soja, sel), *ail, *thym, *épices. *100% des ingrédients d'origine agricole ont été obtenus selon les règles de la production biologique. Sans arôme artificiel, sans colorant. || Valeur énergétique en Joules :  695Kj || Valeur énergétique en Kcal : 165Kc || Glucides : 4g || Lipides : 14,2g || Protides :6g || Pratique grâce à sa capsule refermable, la Terrine Aubergine se conserve au réfrigérateur après ouverture. || 
24,48€ / Kg || 
3,06 € || 
Terrine provençale, spécialité végétale à tartiner || La boîte de 125g || Origine : FRANCE || Bjorg fait le choix de l'agriculture biologique, un mode de culture qui utilise des méthodes naturelles et un mode de transformation qui s'interdit tout arôme artificiel ou colorant. Pour profiter du meilleur de la nature Bjorg élabore ses recettes pour vous offrir des vertus nutritionnelles uniques. || Levure, eau, *matière grasse végétale (palme), *herbes de Provence 7,2% (*thym, *sarriette, *romarin, *laurier, *basilic, *fleur de lavande), *amidon de pomme de terre, *poireau, *huile de tournesol, sel marin, *ail, *poivre, *céleri. *100% des ingrédients d'origine agricole ont été obtenus selon les règles de la production biologique. || Valeur énergétique en Joules :  884Kj || Valeur énergétique en Kcal : 213Kcal || Glucides : 9g || Lipides : 17g || Protides :6g || Pratique grâce à sa capsule refermable, la Terrine Provençale se conserve au réfrigérateur après ouverture. || 
26,24€ / Kg || 
3,28 € || 
Terrine provençale, spécialité végétale à tartiner || La boîte de 125g || Origine : FRANCE || Bjorg fait le choix de l'agriculture biologique, un mode de culture qui utilise des méthodes naturelles et un mode de transformation qui s'interdit tout arôme artificiel ou colorant. Pour profiter du meilleur de la nature Bjorg élabore ses recettes pour vous offrir des vertus nutritionnelles uniques. || Levure, eau, *matière grasse végétale (palme), *herbes de Provence 7,2% (*thym, *sarriette, *romarin, *laurier, *basilic, *fleur de lavande), *amidon de pomme de terre, *poireau, *huile de tournesol, sel marin, *ail, *poivre, *céleri. *100% des ingrédients d'origine agricole ont été obtenus selon les règles de la production biologique. || Valeur énergétique en Joules :  884Kj || Valeur énergétique en Kcal : 213Kcal || Glucides : 9g || Lipides : 17g || Protides :6g || Pratique grâce à sa capsule refermable, la Terrine Provençale se conserve au réfrigérateur après ouverture. || 
26,24€ / Kg || 
3,28 € || 
Terrine veg legumes du soleil bio || La boite de 125g || Origine : ALLEMAGNE || Spécialité végétale à tartiner aux légumes. || Levure*, huile de tournesol*, poivrons rouges* (12.5%), eau, amidon de pomme de terre*, purÍe de tomates* (8%), aubergines* (4.5%), courgettes* (4.5%), tomates* (3%), huile d?olive*, sel de mer, oignons*, Ípices* (ail en poudre*, paprika*, poivre blanc*), fines herbes* (origan*, romarin*, thym*) || Valeur énergétique en Joules :  870 || Valeur énergétique en Kcal : 210 || Glucides : 9 || Lipides : 16.5 || Protides :4.5 || Après ouverture, à conserver au réfrigérateur et à consommer rapidement. || 
29,12€ / Kg || 
3,64 € || 
Terrine veg legumes du soleil bio || La boite de 125g || Origine : ALLEMAGNE || Spécialité végétale à tartiner aux légumes. || Levure*, huile de tournesol*, poivrons rouges* (12.5%), eau, amidon de pomme de terre*, purÍe de tomates* (8%), aubergines* (4.5%), courgettes* (4.5%), tomates* (3%), huile d?olive*, sel de mer, oignons*, Ípices* (ail en poudre*, paprika*, poivre blanc*), fines herbes* (origan*, romarin*, thym*) || Valeur énergétique en Joules :  870 || Valeur énergétique en Kcal : 210 || Glucides : 9 || Lipides : 16.5 || Protides :4.5 || Après ouverture, à conserver au réfrigérateur et à consommer rapidement. || 
29,12€ / Kg || 
3,64 € || 
Mais sans sucre ajouté, certifié AB || Les 2 boîtes de 140g || Origine : FRANCE || Le maïs Bio Bonduelle est issu de semences Bio et rigoureusement sélectionnées. Cultivé sans engrais chimique. Cueilli juste au bon moment, naturellement sucré, croquant et juteux. || Maïs doux en grains (agriculture UE)*, eau, sel. *produits issus de l'agriculture biologique. Contient les sucres naturels du maïs. Sans conservateur. || 
7,89€ / Kg || 
2,21 € || 
Mais sans sucre ajouté, certifié AB || Les 2 boîtes de 140g || Origine : FRANCE || Le maïs Bio Bonduelle est issu de semences Bio et rigoureusement sélectionnées. Cultivé sans engrais chimique. Cueilli juste au bon moment, naturellement sucré, croquant et juteux. || Maïs doux en grains (agriculture UE)*, eau, sel. *produits issus de l'agriculture biologique. Contient les sucres naturels du maïs. Sans conservateur. || 
7,89€ / Kg || 
2,21 € || 
Boulghour à la tunisienne, cuisiné au raz-el-hanout, certifié AB || Le sachet de 220g || Origine : FRANCE || Le Boulghour à la Tunisienne Céréal Bio est un mélange délicieusement relevé et savoureux de boulghour de blé, pois chiches et soja, associé à la saveur sucrée des raisins secs. || Au micro-ondes : placez dans le four à micro-ondes le sachet ouvert en haut pendant 2 minutes (puissance maximale). Sortez le sachet par les coins pour ne pas vous brûler. Verser le contenu dans une assiette. Au bain marie : plongez le sachet dans l'eau frémissante pendant 10 minutes. || Boulghour de blé* 27,5%, eau, courgette*, concassé de tomate*, carotte*, oignon*, pois chiches précuits* 4% (pois chiches*, eau, sel marin, sucre de canne*, vinaigre de pomme*), protéines de soja* 4%, huile de tournesol*, raisins secs* 2,5%, huile d'olive*, jus de citron*, sel marin, ail*, épices* en poudre (raz-el-hanout* (curcuma*, muscade*, cannelle*, poivre gris*, fenouil*, girofle*, laurier*, gingembre*, piment fort*), cumin*). *Ingrédients agricoles issus de l'agriculture biologique : 100%. || Valeur énergétique en Joules :  698kj || Valeur énergétique en Kcal : 167kcal || Glucides : 19,4g || Lipides : 5,6g || Protides :6,0g || A conserver à l'abri de la chaleur et de l'humidité. A conserver au réfrigérateur deux jours maximum après son ouverture. || 
12,73€ / Kg || 
2,80 € || 
Boulghour à la tunisienne, cuisiné au raz-el-hanout, certifié AB || Le sachet de 220g || Origine : FRANCE || Le Boulghour à la Tunisienne Céréal Bio est un mélange délicieusement relevé et savoureux de boulghour de blé, pois chiches et soja, associé à la saveur sucrée des raisins secs. || Au micro-ondes : placez dans le four à micro-ondes le sachet ouvert en haut pendant 2 minutes (puissance maximale). Sortez le sachet par les coins pour ne pas vous brûler. Verser le contenu dans une assiette. Au bain marie : plongez le sachet dans l'eau frémissante pendant 10 minutes. || Boulghour de blé* 27,5%, eau, courgette*, concassé de tomate*, carotte*, oignon*, pois chiches précuits* 4% (pois chiches*, eau, sel marin, sucre de canne*, vinaigre de pomme*), protéines de soja* 4%, huile de tournesol*, raisins secs* 2,5%, huile d'olive*, jus de citron*, sel marin, ail*, épices* en poudre (raz-el-hanout* (curcuma*, muscade*, cannelle*, poivre gris*, fenouil*, girofle*, laurier*, gingembre*, piment fort*), cumin*). *Ingrédients agricoles issus de l'agriculture biologique : 100%. || Valeur énergétique en Joules :  698kj || Valeur énergétique en Kcal : 167kcal || Glucides : 19,4g || Lipides : 5,6g || Protides :6,0g || A conserver à l'abri de la chaleur et de l'humidité. A conserver au réfrigérateur deux jours maximum après son ouverture. || 
12,73€ / Kg || 
2,80 € || 
Boulghour d'orge, riz rouge et lentilles vertes || Le paquet de 250g || Origine : FRANCE || Découvrez le boulghour d'orge, riz rouge et lentilles vertes Céréal Bio, qui associe dans sa recette la douceur du boulghour d'orge, le croquant du riz rouge & le goût franc des lentilles vertes. Céréal Bio, invente pour vous Bio Express : une gammede produits bio et gourmands, prêts en un rien de temps. || 1-2 personnes. Micro-ondes : placer le sachet ouvert en haut pendant 2 minutes à puissance maximale. Au bain-marie : plongez le sachet fermé pendant 10 minutes dans l'eau frémissante. || Eau, boulghour d'orge* 30,5%, lentilles vertes* 6,5%, huile d'olive*, riz rouge complet* 4%, sel marin. *Ingrédients agricoles issus de l'agriculture biologique. || Valeur énergétique en Joules :  715kj || Valeur énergétique en Kcal : 171kcal || Glucides : 21,3g || Lipides : 6,1g || Protides :4,8g || A conserver au réfrigérateur deux jours maximum après son ouverture. A conserver à l'abri de la chaleur et de l'humidité. Conditionné sous atmosphère protectrice. || 
10,80€ / Kg || 
2,70 € || 
Cappellettis Tofu - épinards, sauce tomate, emmental chèvre, certifié AB || Le sachet de 220g || Origine : FRANCE || Découvrez les Cappellettis Tofu, Epinards : une association de pâtes farcies, riches et savoureuses, alliées à la douceur du Tofu.Relevé d'une sauce tomate, emmental et chèvre, c'est un plat généreux qui s'adresse aux gourmands en quête d'équilibre. || 1 personne. Au micro-ondes : placer le sachet ouvert en haut pendant 2 minutes à puissance maximale. Au bain-marie : plonger le sachet fermé pendant 10 minutes dans de l'eau frémissante. || Eau, concassé et concentré de tomate* 25%, pâte* (semoule de blé dur*, eau, poudre d'épinard* 0,2%), oignons*, tofu* 2,5% (eau, soja* 0,7%, gélifiants (sulfate de calcium, Nigari)), huile de de tournesol*, fromages* (emmental* 1,5%, fromage de chèvre* 0,7%), sel, farine de blé*, épinards* 0,9%, sucre de canne*, épices* et aromates* (basilic*, herbes de Provence* (dont romarin*, marjolaine*, sarriette*, origan*, hysope*), ciboulette*, ail*, poivre gris* poudre), levure. *ingrédients agricoles issus de l'agriculture biologique: 100%. Sans conservateur. Sans colorant. Sans viande. || Valeur énergétique en Joules :  426Kj || Valeur énergétique en Kcal : 101Kcal || Glucides : 13,9g || Lipides : 3,1g || Protides :4,4g || A conserver au réfrigérateur deux jours maximum après son ouverture. A conserver à l'abri de la chaleur et de l'humidité. Conditionné sous atmosphère protectrice. || 
12,23€ / Kg || 
2,69 € || 
Cappellettis Tofu - épinards, sauce tomate, emmental chèvre, certifié AB || Le sachet de 220g || Origine : FRANCE || Découvrez les Cappellettis Tofu, Epinards : une association de pâtes farcies, riches et savoureuses, alliées à la douceur du Tofu.Relevé d'une sauce tomate, emmental et chèvre, c'est un plat généreux qui s'adresse aux gourmands en quête d'équilibre. || 1 personne. Au micro-ondes : placer le sachet ouvert en haut pendant 2 minutes à puissance maximale. Au bain-marie : plonger le sachet fermé pendant 10 minutes dans de l'eau frémissante. || Eau, concassé et concentré de tomate* 25%, pâte* (semoule de blé dur*, eau, poudre d'épinard* 0,2%), oignons*, tofu* 2,5% (eau, soja* 0,7%, gélifiants (sulfate de calcium, Nigari)), huile de de tournesol*, fromages* (emmental* 1,5%, fromage de chèvre* 0,7%), sel, farine de blé*, épinards* 0,9%, sucre de canne*, épices* et aromates* (basilic*, herbes de Provence* (dont romarin*, marjolaine*, sarriette*, origan*, hysope*), ciboulette*, ail*, poivre gris* poudre), levure. *ingrédients agricoles issus de l'agriculture biologique: 100%. Sans conservateur. Sans colorant. Sans viande. || Valeur énergétique en Joules :  426Kj || Valeur énergétique en Kcal : 101Kcal || Glucides : 13,9g || Lipides : 3,1g || Protides :4,4g || A conserver au réfrigérateur deux jours maximum après son ouverture. A conserver à l'abri de la chaleur et de l'humidité. Conditionné sous atmosphère protectrice. || 
12,23€ / Kg || 
2,69 € || 
Concasse de Riz au soja et 4 épices || Le sachet de 220g || Origine : FRANCE || Croquant et fondant à la fois, ce plat est délicatement relevé d'épices. Céréal bio vous garantit un dépaysement réussi pour vos papilles. || Au micro-ondes : placer le sachet ouvert en haut pendant 2min à puissance maximale. Au bain marie : plonger le sachet fermé pendant 10min dans de l'eau frémissante. || Eau, boulghour de riz complet* 21%, carottes* 19,5%, oignons*, huile d'olive*, sauce soja* (eau, graines de soja*, blé*, sel marin, ferment : aspergillus oryzae), farine de soja* 4%, petits pois* 3%, sésame complet* toasté 1,5%, coriandre* feuille, sel marin, épices* (coriandre*, citronnelle*, gingembre*, cannelle*), épaississant : gomme guar. *ingrédients issus de l'agriculture biologique. || Valeur énergétique en Joules :  658kj || Valeur énergétique en Kcal : 157kcal || Glucides : 18g || Lipides : 6,1g || Protides :5,1g || A conserver au réfrigérateur deux jours maximum après son ouverture. A conserver à l'abri de la chaleur et de l'humidité. Conditionné sous atmosphère protectrice. || 
14,36€ / Kg || 
3,16 € || 
Concasse de Riz au soja et 4 épices || Le sachet de 220g || Origine : FRANCE || Croquant et fondant à la fois, ce plat est délicatement relevé d'épices. Céréal bio vous garantit un dépaysement réussi pour vos papilles. || Au micro-ondes : placer le sachet ouvert en haut pendant 2min à puissance maximale. Au bain marie : plonger le sachet fermé pendant 10min dans de l'eau frémissante. || Eau, boulghour de riz complet* 21%, carottes* 19,5%, oignons*, huile d'olive*, sauce soja* (eau, graines de soja*, blé*, sel marin, ferment : aspergillus oryzae), farine de soja* 4%, petits pois* 3%, sésame complet* toasté 1,5%, coriandre* feuille, sel marin, épices* (coriandre*, citronnelle*, gingembre*, cannelle*), épaississant : gomme guar. *ingrédients issus de l'agriculture biologique. || Valeur énergétique en Joules :  658kj || Valeur énergétique en Kcal : 157kcal || Glucides : 18g || Lipides : 6,1g || Protides :5,1g || A conserver au réfrigérateur deux jours maximum après son ouverture. A conserver à l'abri de la chaleur et de l'humidité. Conditionné sous atmosphère protectrice. || 
14,36€ / Kg || 
3,16 € || 
Galettes aux céréales, epeautre et boulghour aux petits légumes, certifié AB || Les 2 galettes, 200g || Origine : FRANCE || Manger bio, c'est vouloir prendre soin de soi, des siens et de l'environnement. Parce qu'on peut vouloir manger sain, varié et bon, sans consacrer trop de temps à la préparation des repas, Céreal Bio, avec Bio express, s'adapte aux rythmes de vie d'aujourd'hui et vous propose une gamme de produits bio, gourmands, prêts en un rien de temps. Profitez du savoir-faire de Céréal pour remettre les céréales, avec leur grande diversité, leur richesse en goût et leurs qualités nutritionnelles, au coeur de vos repas. || Les galettes se réchauffent hors de leur emballage et sans ajout de matière grasse. A la poêle : trois minutes de chaque côté à feu moyen. Au four : pendant 8 minutes à 210°C. || Boulghour de blé précuit* (45,5%) (eau, boulghour de blé*), Légumes* (20%) (carotte*, oignons* frais et poudre, concentré de tomate*, poivrons rouges*, céleri rave*), Epeautre précuit* (12,5%) (eau, epeautre*), Flocons de blé complet* et d'avoine complète*, Huiles de palme* et de tournesol*, Farine de riz*, Ail*, Raisins secs*, Sel marin non raffiné, Gluten de blé*, Épices en poudre* (cumin*, curcuma*, coriandre*, gingembre*, cannelle*, fenugrec*, poivre noir*, muscade*, girofle*). *ingrédientsagricoles issus de l'agriculture biologique :100% || Valeur énergétique en Joules :  909Kj || Valeur énergétique en Kcal : 217Kcal || Glucides : 25,5g || Lipides : 10,1g || Protides :6,4g || 
16,80€ / Kg || 
3,36 € || 
Galettes aux céréales, epeautre et boulghour aux petits légumes, certifié AB || Les 2 galettes, 200g || Origine : FRANCE || Manger bio, c'est vouloir prendre soin de soi, des siens et de l'environnement. Parce qu'on peut vouloir manger sain, varié et bon, sans consacrer trop de temps à la préparation des repas, Céreal Bio, avec Bio express, s'adapte aux rythmes de vie d'aujourd'hui et vous propose une gamme de produits bio, gourmands, prêts en un rien de temps. Profitez du savoir-faire de Céréal pour remettre les céréales, avec leur grande diversité, leur richesse en goût et leurs qualités nutritionnelles, au coeur de vos repas. || Les galettes se réchauffent hors de leur emballage et sans ajout de matière grasse. A la poêle : trois minutes de chaque côté à feu moyen. Au four : pendant 8 minutes à 210°C. || Boulghour de blé précuit* (45,5%) (eau, boulghour de blé*), Légumes* (20%) (carotte*, oignons* frais et poudre, concentré de tomate*, poivrons rouges*, céleri rave*), Epeautre précuit* (12,5%) (eau, epeautre*), Flocons de blé complet* et d'avoine complète*, Huiles de palme* et de tournesol*, Farine de riz*, Ail*, Raisins secs*, Sel marin non raffiné, Gluten de blé*, Épices en poudre* (cumin*, curcuma*, coriandre*, gingembre*, cannelle*, fenugrec*, poivre noir*, muscade*, girofle*). *ingrédientsagricoles issus de l'agriculture biologique :100% || Valeur énergétique en Joules :  909Kj || Valeur énergétique en Kcal : 217Kcal || Glucides : 25,5g || Lipides : 10,1g || Protides :6,4g || 
16,80€ / Kg || 
3,36 € || 
Galettes de céréales au quinoa et boulghour à la tomate, certifié AB || Les 2 galettes, 200g || Origine : FRANCE || Découvrez le délicieux mariage du quinoa, du boulghour et des tomates dans ces galettes délicatement relevées d'épices douces.Fondantes à souhait, c'est accompagnées de délicieux légumes ou crudités qu'elles vous dévoilent toute la subtilité de leurssaveurs. || Les galettes se réchauffent hors de leur emballage et sans ajout de matière grasse. A la poêle : 3 minutes de chaque côté à feu moyen. Au four : pendant 8 minutes à 210°C. || Boulghour de blé précuit* 46,5% (eau, boulghour de blé*), quinoa précuit* 12% (quinoa*, eau), flocons de blé complet* et d'avoine complète*, poivrons rouges*, oignons*, huiles de tournesol oléique*, concentré de tomate* 3,5%, huile de tournesol*, farine de riz*, maïs*, cumin*, paprika doux*, coriandre*, origan*, ail* et ail* déshydraté, sel marin, gluten de blé*, cacao maigre* en poudre, betterave* en poudre. *ingrédients agricoles issus de l'agriculture biologique : 100%. Sans conservateur. Sans colorant. || Valeur énergétique en Joules :  943kj || Valeur énergétique en Kcal : 225kcal || Glucides : 24,8g || Lipides : 11,3g || Protides :6,1g || 
16,50€ / Kg || 
3,30 € || 
Galettes de céréales au quinoa et boulghour à la tomate, certifié AB || Les 2 galettes, 200g || Origine : FRANCE || Découvrez le délicieux mariage du quinoa, du boulghour et des tomates dans ces galettes délicatement relevées d'épices douces.Fondantes à souhait, c'est accompagnées de délicieux légumes ou crudités qu'elles vous dévoilent toute la subtilité de leurssaveurs. || Les galettes se réchauffent hors de leur emballage et sans ajout de matière grasse. A la poêle : 3 minutes de chaque côté à feu moyen. Au four : pendant 8 minutes à 210°C. || Boulghour de blé précuit* 46,5% (eau, boulghour de blé*), quinoa précuit* 12% (quinoa*, eau), flocons de blé complet* et d'avoine complète*, poivrons rouges*, oignons*, huiles de tournesol oléique*, concentré de tomate* 3,5%, huile de tournesol*, farine de riz*, maïs*, cumin*, paprika doux*, coriandre*, origan*, ail* et ail* déshydraté, sel marin, gluten de blé*, cacao maigre* en poudre, betterave* en poudre. *ingrédients agricoles issus de l'agriculture biologique : 100%. Sans conservateur. Sans colorant. || Valeur énergétique en Joules :  943kj || Valeur énergétique en Kcal : 225kcal || Glucides : 24,8g || Lipides : 11,3g || Protides :6,1g || 
16,50€ / Kg || 
3,30 € || 
Galettes de céréales au sarrasin et boulghour au comté, certifié AB || Les 2 galettes, 200g || Origine : FRANCE || Découvrez la richesse aromatique du sarrasin et du boulghour au Comté dans cette galette fondante à souhait.C'est accompagnées de délicieux légumes ou crudités que les galettes sarrasin boulghour au comté vous dévoileront toute la subtilité de leurssaveurs. Les galettes Sarrasin et boulghour au Comté Céréal Bio contribuent à une alimentation équilibrée : elles sont source de protéines végétales et riches en fibres. || Les galettes se réchauffent hors de leur emballage et sans ajout de matière grasse. A la poêle : trois minutes de chaque côté à feu moyen. Au four : pendant 8 minutes à 210°C. || Boulghour de blé* précuit 48% (eau, boulghour de blé*), sarrasin* grillé précuit 18,5% (eau, sarrasin* grillé), fromages* râpés 12% dont Comté* 6,5%, huile de tournesol oléique*, flocons de blé*, complet, oignons*, flocons d'avoine* complète, huile de tournesol*, farine de riz*, sel marin. Fabriqué dans un atelier qui utilise du céleri, des noix et du sésame. *Ingrédients agricoles issus de l'agriculture biologique. Sans conservateur, sans colorant (conformément à la réglementation en vigueur sur le mode de production biologique). || Valeur énergétique en Joules :  1083Kj || Valeur énergétique en Kcal : 259Kcal || Glucides : 24,7g || Lipides : 14,1g || Protides :8,3g || 
15,20€ / Kg || 
3,04 € || 
Petit cuisiné, orge, aubergines et soja || Le sachet de 250g || Origine : FRANCE || Céréal Bio vous propose de redécouvrir la douceur de l'orge et la richesse du soja.Finement cuisiné avec des aubergines fondantes et délicatement assaisonné, ce plat ravira vos papilles. Le secret de cette recette saine et équilibrée ? Une harmonie parfaite entre soja, céréales et légumes. || 1 personne. Au micro-onde : Placer le sachet ouvert en haut pendant 2 minutes à puissance maximale. Au bain marie : plonger le sachet fermé pendant 10 minutes dans de l'eau frémissante. || Eau, orge mondé* 20,5%, aubergines* 19%, tomate* 11,5%, oignons* 9,5%, farine de soja* 7,5%, huile d'olive*, concentré de tomate* 3,5%, farine de blé*, sucre de canne*, sel marin, persil*, ail*, poudre, cumin.  * Ingrédients agricoles issus de l'agriculture biologique. Sans conservateur*, sans colorant*. *Conformément à la réglementation européenne. || Valeur énergétique en Joules :  423kj || Valeur énergétique en Kcal : 101kcal || Glucides : 10,4g || Lipides : 4,2g || Protides :3,2g || A conserver au réfrigérateur deux jours maximum après son ouverture. A conserver à l'abri de la chaleur et de l'humidité. Conditionné sous atmosphère protectrice. || 
12,68€ / Kg || 
3,17 € || 
Petit cuisiné, orge, aubergines et soja || Le sachet de 250g || Origine : FRANCE || Céréal Bio vous propose de redécouvrir la douceur de l'orge et la richesse du soja.Finement cuisiné avec des aubergines fondantes et délicatement assaisonné, ce plat ravira vos papilles. Le secret de cette recette saine et équilibrée ? Une harmonie parfaite entre soja, céréales et légumes. || 1 personne. Au micro-onde : Placer le sachet ouvert en haut pendant 2 minutes à puissance maximale. Au bain marie : plonger le sachet fermé pendant 10 minutes dans de l'eau frémissante. || Eau, orge mondé* 20,5%, aubergines* 19%, tomate* 11,5%, oignons* 9,5%, farine de soja* 7,5%, huile d'olive*, concentré de tomate* 3,5%, farine de blé*, sucre de canne*, sel marin, persil*, ail*, poudre, cumin.  * Ingrédients agricoles issus de l'agriculture biologique. Sans conservateur*, sans colorant*. *Conformément à la réglementation européenne. || Valeur énergétique en Joules :  423kj || Valeur énergétique en Kcal : 101kcal || Glucides : 10,4g || Lipides : 4,2g || Protides :3,2g || A conserver au réfrigérateur deux jours maximum après son ouverture. A conserver à l'abri de la chaleur et de l'humidité. Conditionné sous atmosphère protectrice. || 
12,68€ / Kg || 
3,17 € || 
Petit cuisiné lentilles, riz et soja, certifié AB || Le sachet de 220g || Origine : FRANCE || Au micro-ondes : placez le sachet ouvert en haut pendant 2 minutes à puissance maximale. Au bain marie : plongez le sachet fermé pendant 10 minutes dans de l'eau frémissante. Plat sans viande pour 1 personne. || Carotte*, eau, lentilles vertes* 14%, riz basmati complet* 12%, oignons*, huile dolive*, farine de soja* 6%, sauce soja* (eau, graines de soja*, blé*, ferment : Aspergillus oryzae), sel marin. * Ingrédients agricoles issus de l'agriculture biologique. || Valeur énergétique en Joules :  646Kj || Valeur énergétique en Kcal : 154Kcal || Glucides : 17,2g || Lipides : 6,3g || Protides :7,1g || A conserver dans un endroit frais et sec. || 
9,64€ / Kg || 
2,12 € || 
Petit cuisiné lentilles, riz et soja, certifié AB || Le sachet de 220g || Origine : FRANCE || Au micro-ondes : placez le sachet ouvert en haut pendant 2 minutes à puissance maximale. Au bain marie : plongez le sachet fermé pendant 10 minutes dans de l'eau frémissante. Plat sans viande pour 1 personne. || Carotte*, eau, lentilles vertes* 14%, riz basmati complet* 12%, oignons*, huile dolive*, farine de soja* 6%, sauce soja* (eau, graines de soja*, blé*, ferment : Aspergillus oryzae), sel marin. * Ingrédients agricoles issus de l'agriculture biologique. || Valeur énergétique en Joules :  646Kj || Valeur énergétique en Kcal : 154Kcal || Glucides : 17,2g || Lipides : 6,3g || Protides :7,1g || A conserver dans un endroit frais et sec. || 
9,64€ / Kg || 
2,12 € || 
Quinoa et boulghour à l'indienne, certifié AB || Le sachet de 220g || Origine : ITALIE || Valeur énergétique en Joules :  624kj || Valeur énergétique en Kcal : 150kcal || Glucides : 12,8g || Lipides : 6,5g || Protides :6,5g || 
14,41€ / Kg || 
3,17 € || 
Quinoa et boulghour à l'indienne, certifié AB || Le sachet de 220g || Origine : ITALIE || Valeur énergétique en Joules :  624kj || Valeur énergétique en Kcal : 150kcal || Glucides : 12,8g || Lipides : 6,5g || Protides :6,5g || 
14,41€ / Kg || 
3,17 € || 
Raviolis tofu aux tomates et basilic, certifié AB || Le sachet de 220g || Origine : FRANCE || Manger bio, c' est vouloir prendre soin de soi,des siens et de l'environnement. Parce qu'on peut vouloir manger sain, varié et bon, sans consacrer trop de temps à la préparation des repas, Céréale Bio, avec Bio express, s'adapte aux rythmes de vie d'aujourd'hui et vous propose une gamme de produits bio, gourmands, prêts en un rien de temps. Profitez du savoir-faire de Céréale Bio pour remettre les Céréales et le soja au coeur de vos assiettes. || Au micro-ondes : Placez dans le four à micro-ondes le sachet ouvert en haut pendant 2 minutes (puissance maximale). Sortez le sachet par les coins pour ne pas vous brûler. Versez les raviolis et la sauce dans une assiette. A la casserole : Ouvrez lesachet et versez les raviolis dans la casserole. Faites réchauffer 5 mn à feu doux en remuant de temps en temps. || Eau, concentré de tomate* 17,5%, pâte, semoule de blé dur*, eau), tofu* 6% (eau, soja 1,5%), oignons*, huiles de tournesol* et d'olive, champignons de Paris*, sel marin, sucre de canne roux*, épices et aromates* (basilic 0,5%, ail*, herbes de Provence*, poivre gris*, laurier*, curcuma*, macis*, persil*), farines de blé et de riz*, levure et extraire de levure, céleri*. *Ingrédients agricoles issus de l'agriculture Biologique : 100%. || Valeur énergétique en Joules :  401 || Valeur énergétique en Kcal : 95 || Glucides : 13,3g || Lipides : 3,3g || Protides :3,1g || A conserver au réfrigérateur deux jours maximum après son ouverture. A conserver à l'abri de la chaleur et de l'humidité. || 
8,40€ / Kg || 
2,10 € || 
Raviolis tofu aux tomates et basilic, certifié AB || Le sachet de 220g || Origine : FRANCE || Manger bio, c' est vouloir prendre soin de soi,des siens et de l'environnement. Parce qu'on peut vouloir manger sain, varié et bon, sans consacrer trop de temps à la préparation des repas, Céréale Bio, avec Bio express, s'adapte aux rythmes de vie d'aujourd'hui et vous propose une gamme de produits bio, gourmands, prêts en un rien de temps. Profitez du savoir-faire de Céréale Bio pour remettre les Céréales et le soja au coeur de vos assiettes. || Au micro-ondes : Placez dans le four à micro-ondes le sachet ouvert en haut pendant 2 minutes (puissance maximale). Sortez le sachet par les coins pour ne pas vous brûler. Versez les raviolis et la sauce dans une assiette. A la casserole : Ouvrez lesachet et versez les raviolis dans la casserole. Faites réchauffer 5 mn à feu doux en remuant de temps en temps. || Eau, concentré de tomate* 17,5%, pâte, semoule de blé dur*, eau), tofu* 6% (eau, soja 1,5%), oignons*, huiles de tournesol* et d'olive, champignons de Paris*, sel marin, sucre de canne roux*, épices et aromates* (basilic 0,5%, ail*, herbes de Provence*, poivre gris*, laurier*, curcuma*, macis*, persil*), farines de blé et de riz*, levure et extraire de levure, céleri*. *Ingrédients agricoles issus de l'agriculture Biologique : 100%. || Valeur énergétique en Joules :  401 || Valeur énergétique en Kcal : 95 || Glucides : 13,3g || Lipides : 3,3g || Protides :3,1g || A conserver au réfrigérateur deux jours maximum après son ouverture. A conserver à l'abri de la chaleur et de l'humidité. || 
8,40€ / Kg || 
2,10 € || 
Risotto Orge et Riz au soja et aux champignons || Le sachet de 220g || Origine : FRANCE || Céréal Bio vous invite à découvrir les saveurs parfumées de son risotto. Savoureux, il s'adresse à tous les adeptes de petits plats gourmands prêts à déguster. || Au micro-ondes : avant d'ouvrir le sachet, le malaxer pour aérer le riz. Ouvrir le sachet et ajouter environ 50ml d'eau froide. Faire réchauffer 2 min au four à micro-ondes à 900-100W ou 3 min à 700W. Sortir le sachet du micro-ondes en le tenant parles coins afin de ne pas vous brûler. Mélanger le riz et laisser reposer 1 min. Verser le riz dans une assiette et le remuer avant de déguster. || Eau, champignons* 17%, riz* 15%, orge* mondé 15%, oignons*, farine de soja* 3%, crème*, arômes naturels (céleri), sauce soja* (eau, graines de soja*, blé, sel marin, ferment : Aspergillus oryzae), parmesan*, sel marin, ail*, persil*. *ingrédients issus de l'agriculture biologique. || Valeur énergétique en Joules :  574kj || Valeur énergétique en Kcal : 136kcal || Glucides : 24,1g || Lipides : 1,5g || Protides :4,5g || A conserver au réfrigérateur deux jours maximum après son ouverture. A conserver à l'abri de la chaleur et de l'humidité. Conditionné sous atmosphère protectrice. || 
15,80€ / Kg || 
3,16 € || 
Risotto Orge et Riz au soja et aux champignons || Le sachet de 220g || Origine : FRANCE || Céréal Bio vous invite à découvrir les saveurs parfumées de son risotto. Savoureux, il s'adresse à tous les adeptes de petits plats gourmands prêts à déguster. || Au micro-ondes : avant d'ouvrir le sachet, le malaxer pour aérer le riz. Ouvrir le sachet et ajouter environ 50ml d'eau froide. Faire réchauffer 2 min au four à micro-ondes à 900-100W ou 3 min à 700W. Sortir le sachet du micro-ondes en le tenant parles coins afin de ne pas vous brûler. Mélanger le riz et laisser reposer 1 min. Verser le riz dans une assiette et le remuer avant de déguster. || Eau, champignons* 17%, riz* 15%, orge* mondé 15%, oignons*, farine de soja* 3%, crème*, arômes naturels (céleri), sauce soja* (eau, graines de soja*, blé, sel marin, ferment : Aspergillus oryzae), parmesan*, sel marin, ail*, persil*. *ingrédients issus de l'agriculture biologique. || Valeur énergétique en Joules :  574kj || Valeur énergétique en Kcal : 136kcal || Glucides : 24,1g || Lipides : 1,5g || Protides :4,5g || A conserver au réfrigérateur deux jours maximum après son ouverture. A conserver à l'abri de la chaleur et de l'humidité. Conditionné sous atmosphère protectrice. || 
15,80€ / Kg || 
3,16 € || 
Salade de lentilles, épeautre, tofu et petites légumes || Le paquet de 220g || Origine : FRANCE || Découvrez le goût unique et la fraîcheur de la salade lentilles Céréal Bio. Céréal Bio a revisité pour vous la traditionnelle salade de lentilles aux petits légumes émincés en y ajoutant le croquant de l'épeautre et le goût subtil et original du tofufumé. Relevée par de la moutarde et du vinaigre de cidre, cette salade vous apportera tout sa saveur lors de votre pause déjeuner. || A consommer froid. || Eau, lentilles vertes* 11%, tomate* 10,5%, haricots verts* 10%, épeautre*, précuit 8,5%, carotte* 6%, tofu fumé* 5% (tofu* (eau, soja* dépelliculé 1,5%, gélifiant : nigari), sauce de soja* (eau, soja*, sel marin, alcool*, ferment : aspergillus oryzae), sel marin, ail*, coriandre*, muscade*, poivre*), échalote*, moutarde* 3,5% (eau, graines de moutarde*, vinaigre de cidre*, sel), persil*, vinaigre de cidre* 1,5%, huile d'olive*, sauce de soja* (eau, soja*, blé*, sel marin, ferment : aspergillus oryzae), sel marin, poivre blanc*. Ingrédients issus de l'agriculture biologique. || Valeur énergétique en Joules :  381kj || Valeur énergétique en Kcal : 91kcal || Glucides : 9,2g || Lipides : 2,6g || Protides :5g || A conserver au réfrigérateur deux jours maximum après son ouverture. Conserver à l'abri de la chaleur et de l'humidité. Conditionné sous atmosphère protectrice. || 
12,68€ / Kg || 
2,79 € || 
Thon de ligne à l'huile d'olive vierge extra bio || Le boîte de 104g net égoutté || Origine : FRANCE || Pêché à la ligne, ce thon doit sa chair fine et moelleuse à sa capture sélective qui préserve la qualité du poisson et l'environnement. Pour encore plus de saveurs, il est nappé d'huile d'olive vierge extra issue de l'agriculture biologique. || Thon, huile d'olive vierge extra*, sel. *34% des ingrédients d'origine agricole sont issus de l'agriculture biologique. || Valeur énergétique en Joules :  1075kj || Valeur énergétique en Kcal : 255kcal || Glucides : traces || Lipides : 17g || Protides :26g || 
25,13€ / Kg || 
4,02 € || 
Marrons entiers bio cuits à la vapeur || Le bocal de 230g || Origine : FRANCE || Accompagnement de viandes, volailles, gibiers, poissons, salades etc. Peut être utilisé pour les farces, soupes et desserts. Verser le contenu dans le jus de viande 5 min avant de la sortir du four. || Marrons*. *Produit issu de l'agriculture biologique. Sans adjonction d'eau, ni de sel. Sans conservateur. || Valeur énergétique en Joules :  702kj || Valeur énergétique en Kcal : 166kcal || Glucides : 32,9% || Lipides : 1,00% || Protides :2,8% || Conserver à température ambiante. || 
22,61€ / Kg || 
5,20 € || 
Marrons entiers bio cuits à la vapeur || Le bocal de 230g || Origine : FRANCE || Accompagnement de viandes, volailles, gibiers, poissons, salades etc. Peut être utilisé pour les farces, soupes et desserts. Verser le contenu dans le jus de viande 5 min avant de la sortir du four. || Marrons*. *Produit issu de l'agriculture biologique. Sans adjonction d'eau, ni de sel. Sans conservateur. || Valeur énergétique en Joules :  702kj || Valeur énergétique en Kcal : 166kcal || Glucides : 32,9% || Lipides : 1,00% || Protides :2,8% || Conserver à température ambiante. || 
22,61€ / Kg || 
5,20 € || 
Couscous aux légumes du soleil recette marocaine || Le sachet de 220g || Origine : FRANCE || Bio, rapide et savoureux ! Voyagez au pays des saveurs et découvrez ce couscous aux légumes du soleil, plat typique de la cuisine marocaine, mariant les graines de couscous à de petits légumes assaisonnés aux saveurs orientales de cumin et de coriandre. A consommer selon vos envies, en plat principal ou pour accompagner vos viandes et vos poissons en y ajoutant une note exotique. || 1 à 2 personnes. Au micro-ondes : malaxer le sachet pour répartir la semoule de façon homogène. Ouvrir le haut du sachet et réchauffer 1 à 2 minutes au four à micro-ondes à 750 W. Sortir le sachet par les coins pour ne pas vous brûler. Verser la semoule dans une assiette. A la poêle ou au wok : faire revenir le contenu du sachet dans 2 cuillères à soupe d'eau pendant 5 minutes à feu doux. || Eau, semoule semi-complète de blé dur* 30%, morceaux de légumes* 25,5% (courgettes*, carottes*, poivrons rouges*), double concentré de tomate*, huile d'olive* vierge extra, huile de tournesol*, sel marin, sucre brut de canne*, épices*, purée d'ail*.Peut contenir des traces de gluten, soja, sésame et oeuf. *Produits issus de l'agriculture biologique. || Valeur énergétique en Joules :  614kj || Valeur énergétique en Kcal : 146kcal || Glucides : 23,6g || Lipides : 3,3g || Protides :4g || A conserver à température ambiante. Après ouverture, à conserver au frais et à consommer rapidement. Ce produit est conditionné sous atmosphère protectrice. || 
14,05€ / Kg || 
3,09 € || 
Couscous aux légumes du soleil recette marocaine || Le sachet de 220g || Origine : FRANCE || Bio, rapide et savoureux ! Voyagez au pays des saveurs et découvrez ce couscous aux légumes du soleil, plat typique de la cuisine marocaine, mariant les graines de couscous à de petits légumes assaisonnés aux saveurs orientales de cumin et de coriandre. A consommer selon vos envies, en plat principal ou pour accompagner vos viandes et vos poissons en y ajoutant une note exotique. || 1 à 2 personnes. Au micro-ondes : malaxer le sachet pour répartir la semoule de façon homogène. Ouvrir le haut du sachet et réchauffer 1 à 2 minutes au four à micro-ondes à 750 W. Sortir le sachet par les coins pour ne pas vous brûler. Verser la semoule dans une assiette. A la poêle ou au wok : faire revenir le contenu du sachet dans 2 cuillères à soupe d'eau pendant 5 minutes à feu doux. || Eau, semoule semi-complète de blé dur* 30%, morceaux de légumes* 25,5% (courgettes*, carottes*, poivrons rouges*), double concentré de tomate*, huile d'olive* vierge extra, huile de tournesol*, sel marin, sucre brut de canne*, épices*, purée d'ail*.Peut contenir des traces de gluten, soja, sésame et oeuf. *Produits issus de l'agriculture biologique. || Valeur énergétique en Joules :  614kj || Valeur énergétique en Kcal : 146kcal || Glucides : 23,6g || Lipides : 3,3g || Protides :4g || A conserver à température ambiante. Après ouverture, à conserver au frais et à consommer rapidement. Ce produit est conditionné sous atmosphère protectrice. || 
14,05€ / Kg || 
3,09 € || 
Amandes grillées et salées || Le paquet de 120g || Origine : FRANCE || Valeur énergétique en Joules :  2602kj || Valeur énergétique en Kcal : 630kcal || Glucides : 7,2g || Lipides : 55g || Protides :21g || 
23,75€ / Kg || 
2,85 € || 
Amandes grillées et salées || Le paquet de 120g || Origine : FRANCE || Valeur énergétique en Joules :  2602kj || Valeur énergétique en Kcal : 630kcal || Glucides : 7,2g || Lipides : 55g || Protides :21g || 
23,75€ / Kg || 
2,85 € || 
Boulgour au légumes du soleil, certifié AB || Le sachet de 240g || Origine : FRANCE || Monoprix a sélectionné pour vous, avec des entreprises partenaires, des produits issus de l'agriculture biologique. Leurs modes de production et de transformation sont contrôlés et certifiés par un organisme indépendant conformément à la réglementation en vigueur. || Eau, boulgour* (25%), oignon* (11,4%), poivron rouge* (11,4%), courgettes* (8,6%), huile de tournesol*, jus de citron*, sel, huile d'olive vierge extra* (0,6%), piment doux*, poivre*, ail*. *Ingrédients issus de l'agriculture biologique. || 1 personne. Ouvrez le haut du sachet sur 2cm. Réchauffez 2 minutes au micro-ondes à 750W. Laissez refroidir le sachet 30 secondes, puis prenez-le avec précaution par les bords pour ne pas vous brûler. Ouvrez-le entièrement et mélangez. || A conserver à température ambiante. Après ouverture, conserver au réfrigérateur et consommer rapidement. || 
9,67€ / Kg || 
2,32 € || 
Boulgour au légumes du soleil, certifié AB || Le sachet de 240g || Origine : FRANCE || Monoprix a sélectionné pour vous, avec des entreprises partenaires, des produits issus de l'agriculture biologique. Leurs modes de production et de transformation sont contrôlés et certifiés par un organisme indépendant conformément à la réglementation en vigueur. || Eau, boulgour* (25%), oignon* (11,4%), poivron rouge* (11,4%), courgettes* (8,6%), huile de tournesol*, jus de citron*, sel, huile d'olive vierge extra* (0,6%), piment doux*, poivre*, ail*. *Ingrédients issus de l'agriculture biologique. || 1 personne. Ouvrez le haut du sachet sur 2cm. Réchauffez 2 minutes au micro-ondes à 750W. Laissez refroidir le sachet 30 secondes, puis prenez-le avec précaution par les bords pour ne pas vous brûler. Ouvrez-le entièrement et mélangez. || A conserver à température ambiante. Après ouverture, conserver au réfrigérateur et consommer rapidement. || 
9,67€ / Kg || 
2,32 € || 
Boulgour gros grain bio || La boîte de 500g || Origine : FRANCE || Dosage pour 1 personne : 60g de boulgour. Cuisson créole : faites bouillir un grand volume d'eau salée et ajoutez une demi cuillère à café d'huile. Versez le boulgour en pluie et laissez cuire à découvert 8 minutes environ, à feu moyen. Arrêtez le feu, laissez gonfler 5 minutes puis égouttez. Cuisson pilaf : faites revenir un volume de boulgour dans un peu de matière grasse, ajoutez deux volumes et demi d'eau chaude salée. Couvrez et laissez cuire à feu doux jusqu'à absorption complète de l'eauen remuant de temps en temps. Laissez reposer 1 à 2 min. || Blé dur issu de l'agriculture biologique. || Valeur énergétique en Joules :  1403Kj || Valeur énergétique en Kcal : 331KCal || Glucides : 67g || Lipides : 1,8g || Protides :12g || A conserver au sec, au frais et à l'abri de la lumière. Conditionné sous atmosphère protectrice. || 
5,28€ / Kg || 
2,64 € || 
Boulgour gros grain bio || La boîte de 500g || Origine : FRANCE || Dosage pour 1 personne : 60g de boulgour. Cuisson créole : faites bouillir un grand volume d'eau salée et ajoutez une demi cuillère à café d'huile. Versez le boulgour en pluie et laissez cuire à découvert 8 minutes environ, à feu moyen. Arrêtez le feu, laissez gonfler 5 minutes puis égouttez. Cuisson pilaf : faites revenir un volume de boulgour dans un peu de matière grasse, ajoutez deux volumes et demi d'eau chaude salée. Couvrez et laissez cuire à feu doux jusqu'à absorption complète de l'eauen remuant de temps en temps. Laissez reposer 1 à 2 min. || Blé dur issu de l'agriculture biologique. || Valeur énergétique en Joules :  1403Kj || Valeur énergétique en Kcal : 331KCal || Glucides : 67g || Lipides : 1,8g || Protides :12g || A conserver au sec, au frais et à l'abri de la lumière. Conditionné sous atmosphère protectrice. || 
5,28€ / Kg || 
2,64 € || 
Coquillettes au blé intégral, certifié AB || Le paquet de 500g || Origine : FRANCE || Cuisson à l'eau bouillante salée. Al Dente: 6 à 7 minutes. Fondantes: 8 minutes. || Semoule de blé dur complet issu de l'agriculture biologique. Traces éventuelles d'oeufs. || Valeur énergétique en Joules :  1504Kj || Valeur énergétique en Kcal : 355Kcal || Glucides : 70g || Lipides : 2,5g || Protides :13g || A conserver dans un endroit frais et sec. || 
2,12€ / Kg || 
1,06 € || 
Coquillettes au blé intégral, certifié AB || Le paquet de 500g || Origine : FRANCE || Cuisson à l'eau bouillante salée. Al Dente: 6 à 7 minutes. Fondantes: 8 minutes. || Semoule de blé dur complet issu de l'agriculture biologique. Traces éventuelles d'oeufs. || Valeur énergétique en Joules :  1504Kj || Valeur énergétique en Kcal : 355Kcal || Glucides : 70g || Lipides : 2,5g || Protides :13g || A conserver dans un endroit frais et sec. || 
2,12€ / Kg || 
1,06 € || 
Farfalle au blé intégral, pâtes alimentaires Bio || Le paquet de 500g || Origine : FRANCE || Source de fibres. A base de grains de blé entiers. || Cuisson à l'eau bouillante salée. Al Dente: 11 à 12 min. Fondantes: 14min. || Semoule de blé dur complet issu de l'agriculture biologique. Traces éventuelles d'oeufs. || Valeur énergétique en Joules :  1504Kj || Valeur énergétique en Kcal : 355Kc || Glucides : 70g || Lipides : 2.5g || Protides :13g || A conserver dans un endroit frais et sec. || 
2,94€ / Kg || 
1,47 € || 
Farfalle au blé intégral, pâtes alimentaires Bio || Le paquet de 500g || Origine : FRANCE || Source de fibres. A base de grains de blé entiers. || Cuisson à l'eau bouillante salée. Al Dente: 11 à 12 min. Fondantes: 14min. || Semoule de blé dur complet issu de l'agriculture biologique. Traces éventuelles d'oeufs. || Valeur énergétique en Joules :  1504Kj || Valeur énergétique en Kcal : 355Kc || Glucides : 70g || Lipides : 2.5g || Protides :13g || A conserver dans un endroit frais et sec. || 
2,94€ / Kg || 
1,47 € || 
Lentilles corail, certifié AB || Le paquet de 500g || Origine : FRANCE || Lentilles corail issues de l'agriculture biologique. || Prévoir 80 g par personne. Rincez les lentilles. A la casserole : versez les lentilles dans un grand volume d'eau froide. Portez à ébullition et laissez cuire à petits bouillons pendant 10 minutes en remuant de temps en temps. || Lentilles corail issues de l'agriculture biologique. Traces de blé. || Valeur énergétique en Joules :  1320kj || Valeur énergétique en Kcal : 313kcal || Glucides : 42g || Lipides : 1,7g || Protides :23g || A conserver dans un endroit frais et sec. Produit conditionné sous atmosphère protectrice. || 
7,40€ / Kg || 
3,70 € || 
Lentilles corail, certifié AB || Le paquet de 500g || Origine : FRANCE || Lentilles corail issues de l'agriculture biologique. || Prévoir 80 g par personne. Rincez les lentilles. A la casserole : versez les lentilles dans un grand volume d'eau froide. Portez à ébullition et laissez cuire à petits bouillons pendant 10 minutes en remuant de temps en temps. || Lentilles corail issues de l'agriculture biologique. Traces de blé. || Valeur énergétique en Joules :  1320kj || Valeur énergétique en Kcal : 313kcal || Glucides : 42g || Lipides : 1,7g || Protides :23g || A conserver dans un endroit frais et sec. Produit conditionné sous atmosphère protectrice. || 
7,40€ / Kg || 
3,70 € || 
Lentilles vertes riche en fibre || La boîte de 500g || Origine : FRANCE || Lentilles vertes issues de l'agriculture biologique. || Prévoir 80 g par personne. Rincez les lentilles. A la casserole : versez les lentilles dans un grand volume d'eau froide. Portez à ébullition et laissez cuire à petits bouillons entre 25 à 30 minutes en remuant de temps à autre. A l'autocuiseur : versez les lentilles dans l'eau froide et cuire pendant 10 à 15 minutes après la mise en route de la soupape. Egouttez bien et assaisonnez à votre goût. || Lentilles vertes issues de l'agriculture biologique. || Valeur énergétique en Joules :  1251kj || Valeur énergétique en Kcal : 298kcal || Glucides : 33g || Lipides : 1,3g || Protides :26g || A conserver dans un endroit frais et sec. Produit conditionné sous atmosphère protectrice. || 
5,10€ / Kg || 
2,55 € || 
Lentilles vertes riche en fibre || La boîte de 500g || Origine : FRANCE || Lentilles vertes issues de l'agriculture biologique. || Prévoir 80 g par personne. Rincez les lentilles. A la casserole : versez les lentilles dans un grand volume d'eau froide. Portez à ébullition et laissez cuire à petits bouillons entre 25 à 30 minutes en remuant de temps à autre. A l'autocuiseur : versez les lentilles dans l'eau froide et cuire pendant 10 à 15 minutes après la mise en route de la soupape. Egouttez bien et assaisonnez à votre goût. || Lentilles vertes issues de l'agriculture biologique. || Valeur énergétique en Joules :  1251kj || Valeur énergétique en Kcal : 298kcal || Glucides : 33g || Lipides : 1,3g || Protides :26g || A conserver dans un endroit frais et sec. Produit conditionné sous atmosphère protectrice. || 
5,10€ / Kg || 
2,55 € || 
Mélange 5 céréales cuisson en 10 minutes || Le paquet de 250 g || Origine : FRANCE || Monoprix a sélectionné pour vous, avec des entreprises partenaires, des produits issus de l'agriculture biologique. Leurs modes de production et de transformation sont contrôlés et certifiés par un organisme indépendant conformément à la réglementation en vigueur. || Epeautre* 35%, orge* 28%, riz long complet* 22%, blé Kamut* 10%, avoine* 5%. *Ingrédients issus de l'agriculture biologique. || Comme pour les pâtes et le riz. Faites bouillir une grande quantité d'eau dans une casserole. Ajoutez le sel dans l'eau bouillante et versez les céréales. Après 10 minutes égouttez et assaisonnez selon votre goût. || Conserver le produit à l'abri de la lumière, dans un endroit frais, sec, propre et sans odeurs. || 
7,20€ / Kg || 
1,80 € || 
Mélange 5 céréales cuisson en 10 minutes || Le paquet de 250 g || Origine : FRANCE || Monoprix a sélectionné pour vous, avec des entreprises partenaires, des produits issus de l'agriculture biologique. Leurs modes de production et de transformation sont contrôlés et certifiés par un organisme indépendant conformément à la réglementation en vigueur. || Epeautre* 35%, orge* 28%, riz long complet* 22%, blé Kamut* 10%, avoine* 5%. *Ingrédients issus de l'agriculture biologique. || Comme pour les pâtes et le riz. Faites bouillir une grande quantité d'eau dans une casserole. Ajoutez le sel dans l'eau bouillante et versez les céréales. Après 10 minutes égouttez et assaisonnez selon votre goût. || Conserver le produit à l'abri de la lumière, dans un endroit frais, sec, propre et sans odeurs. || 
7,20€ / Kg || 
1,80 € || 
Mélange quinoa boulgour, cuisson rapide, certifié AB || Le paquet de 250g || Origine : FRANCE || Monoprix a sélectionné pour vous, avec des entreprises partenaires, des produits issus de l'agriculture biologique. Leurs modes de production et de transformation sont contrôlés et certifiés par un organisme indépendant conformément à la réglementation en vigueur. || Boulgour de blé dur* 80%, quinoa* 20%. *Ingrédients issus de l'agriculture biologique. || Comme pour les pâtes et le riz. Faites bouillir une grande quantité d'eau dans une casserole. Ajoutez le sel dans l'eau bouillante et versez les céréales. Après 10 minutes égouttez et assaisonnez selon votre goût. || Conserver le produit à l'abri de la lumière, dans un endroit frais, sec, propre et sans odeurs. || 
5,88€ / Kg || 
1,47 € || 
Mélange quinoa boulgour, cuisson rapide, certifié AB || Le paquet de 250g || Origine : FRANCE || Monoprix a sélectionné pour vous, avec des entreprises partenaires, des produits issus de l'agriculture biologique. Leurs modes de production et de transformation sont contrôlés et certifiés par un organisme indépendant conformément à la réglementation en vigueur. || Boulgour de blé dur* 80%, quinoa* 20%. *Ingrédients issus de l'agriculture biologique. || Comme pour les pâtes et le riz. Faites bouillir une grande quantité d'eau dans une casserole. Ajoutez le sel dans l'eau bouillante et versez les céréales. Après 10 minutes égouttez et assaisonnez selon votre goût. || Conserver le produit à l'abri de la lumière, dans un endroit frais, sec, propre et sans odeurs. || 
5,88€ / Kg || 
1,47 € || 
Mix apéro graines grillées et raisins secs || Le paquet de 120g || Origine : FRANCE || Valeur énergétique en Joules :  2051kj || Valeur énergétique en Kcal : 492kcal || Glucides : 38g || Lipides : 31g || Protides :12g || 
17,75€ / Kg || 
2,13 € || 
Mix apéro graines grillées et raisins secs || Le paquet de 120g || Origine : FRANCE || Valeur énergétique en Joules :  2051kj || Valeur énergétique en Kcal : 492kcal || Glucides : 38g || Lipides : 31g || Protides :12g || 
17,75€ / Kg || 
2,13 € || 
Noix de cajou grillées et salées || Le paquet de 120g || Origine : FRANCE || Valeur énergétique en Joules :  2576kj || Valeur énergétique en Kcal : 622kcal || Glucides : 20g || Lipides : 50g || Protides :20g || 
19,50€ / Kg || 
2,34 € || 
Noix de cajou grillées et salées || Le paquet de 120g || Origine : FRANCE || Valeur énergétique en Joules :  2576kj || Valeur énergétique en Kcal : 622kcal || Glucides : 20g || Lipides : 50g || Protides :20g || 
19,50€ / Kg || 
2,34 € || 
Penne au blé intégral, pâtes alimentaires, certifié AB || Le paquet de 500g || Origine : FRANCE || Source de fibres. A base de grains de blé entiers. || Cuisson à l'eau bouillante salée. Al dente : 9 à 10 min. Fondantes : 11 min. Casserole. || Semoule de blé dur complet issu de l'agriculture biologique. Traces éventuelles d'oeufs. || Valeur énergétique en Joules :  1504Kj || Valeur énergétique en Kcal : 355KCal || Glucides : 70g || Lipides : 2,5g || Protides :13g || A conserver dans un endroit frais et sec. || 
2,58€ / Kg || 
1,29 € || 
Penne au blé intégral, pâtes alimentaires, certifié AB || Le paquet de 500g || Origine : FRANCE || Source de fibres. A base de grains de blé entiers. || Cuisson à l'eau bouillante salée. Al dente : 9 à 10 min. Fondantes : 11 min. Casserole. || Semoule de blé dur complet issu de l'agriculture biologique. Traces éventuelles d'oeufs. || Valeur énergétique en Joules :  1504Kj || Valeur énergétique en Kcal : 355KCal || Glucides : 70g || Lipides : 2,5g || Protides :13g || A conserver dans un endroit frais et sec. || 
2,58€ / Kg || 
1,29 € || 
Quinoa royal || La boîte de 500g || Origine : FRANCE || Dosage pour 1 personne : 60g de quinoa. Cuisson créole : faites bouillir un grand volume d'eau salée et ajoutez une demi cuillère à café d'huile. Versez le quinoa en pluie et laissez cuire à découvert 8 minutes environ, à feu moyen. Arrêtez le feu, laissez gonfler 5 minutes puis égouttez. Cuisson pilaf : faites revenir un volume de quinoa dans un peu de matière grasse, ajoutez deux volumes et demi d'eau chaude salée. Couvrez et laissez cuire à feu doux jusqu'à absorption complète de l'eau en remuant de temps en temps. Laissez reposer 1 à 2 min. || 100% quinoa blanc*. Présence possible de gluten et de soja. *ingrédients issu de l'agriculture biologique et du commerce équitable. || Valeur énergétique en Kcal : 373 || Glucides : 67g || Lipides : 6,3g || Protides :12g || A conserver au frais et au sec. Conditionné sous atmosphère protectrice. || 
8,30€ / Kg || 
4,15 € || 
Quinoa royal || La boîte de 500g || Origine : FRANCE || Dosage pour 1 personne : 60g de quinoa. Cuisson créole : faites bouillir un grand volume d'eau salée et ajoutez une demi cuillère à café d'huile. Versez le quinoa en pluie et laissez cuire à découvert 8 minutes environ, à feu moyen. Arrêtez le feu, laissez gonfler 5 minutes puis égouttez. Cuisson pilaf : faites revenir un volume de quinoa dans un peu de matière grasse, ajoutez deux volumes et demi d'eau chaude salée. Couvrez et laissez cuire à feu doux jusqu'à absorption complète de l'eau en remuant de temps en temps. Laissez reposer 1 à 2 min. || 100% quinoa blanc*. Présence possible de gluten et de soja. *ingrédients issu de l'agriculture biologique et du commerce équitable. || Valeur énergétique en Kcal : 373 || Glucides : 67g || Lipides : 6,3g || Protides :12g || A conserver au frais et au sec. Conditionné sous atmosphère protectrice. || 
8,30€ / Kg || 
4,15 € || 
Riz basmati, certifié AB || Le paquet de 500g || Origine : THAILANDE || Riz basmati long grain de qualité supérieure issu de l'agriculture biologique. || Versez le riz dans un grand volume d'eau bouillante salée. Laissez cuire à feu doux 10 minutes pour un riz ferme et 12 minutes pour un riz plus moelleux. Egouttez et servez. || Riz basmati long grain de qualité supérieure issu de l'agriculture biologique. || Valeur énergétique en Joules :  1485kj || Valeur énergétique en Kcal : 350kcal || Glucides : 78g || Lipides : 0,6g || Protides :7,6g || A conserver au sec, à l'abri de la chaleur et de la lumière. Bien refermer le sachet après utilisation. Conditionne sous atmosphère protectrice. || 
5,00€ / Kg || 
2,50 € || 
Riz basmati, certifié AB || Le paquet de 500g || Origine : THAILANDE || Riz basmati long grain de qualité supérieure issu de l'agriculture biologique. || Versez le riz dans un grand volume d'eau bouillante salée. Laissez cuire à feu doux 10 minutes pour un riz ferme et 12 minutes pour un riz plus moelleux. Egouttez et servez. || Riz basmati long grain de qualité supérieure issu de l'agriculture biologique. || Valeur énergétique en Joules :  1485kj || Valeur énergétique en Kcal : 350kcal || Glucides : 78g || Lipides : 0,6g || Protides :7,6g || A conserver au sec, à l'abri de la chaleur et de la lumière. Bien refermer le sachet après utilisation. Conditionne sous atmosphère protectrice. || 
5,00€ / Kg || 
2,50 € || 
Riz long blanc, certifié AB || Le paquet de 500g || Origine : FRANCE || Riz long blanc.    Issu de l'agriculture biologique. || à conserver dans un endroit sec et frais; à protéger de la chaleur || 
3,72€ / Kg || 
1,86 € || 
Riz long blanc, certifié AB || Le paquet de 500g || Origine : FRANCE || Riz long blanc.    Issu de l'agriculture biologique. || à conserver dans un endroit sec et frais; à protéger de la chaleur || 
3,72€ / Kg || 
1,86 € || 
Riz long complet, certifié AB || Le paquet de 500g || Origine : FRANCE || Monoprix a sélectionné pour vous, avec des entreprises partenaires, des produits issus de l'agriculture biologique. Leurs modes de production et de transformation sont contrôlés et certifiés par un organisme indépendant, conformément à la règlementation en vigueur. Les producteurs emploient des fertilisants respectueux de l'environnement et pratiquent la rotation des cultures afin de garder des sols vivants et une fertilité durable. || Plongez 60g de riz par personne dans de l'eau bouillante un peu salée. Laissez cuire à couvert et à feu moyen pendant 25 minutes environ. || Riz long complet*. *Issu de l'agriculture biologique. || Valeur énergétique en Joules :  1414 || Valeur énergétique en Kcal : 333 || Glucides : 71g || Lipides : 2,2g || Protides :7,4g || Conservez à l'abri de la chaleur et de l'humidté. || 
3,36€ / Kg || 
1,68 € || 
Riz long complet, certifié AB || Le paquet de 500g || Origine : FRANCE || Monoprix a sélectionné pour vous, avec des entreprises partenaires, des produits issus de l'agriculture biologique. Leurs modes de production et de transformation sont contrôlés et certifiés par un organisme indépendant, conformément à la règlementation en vigueur. Les producteurs emploient des fertilisants respectueux de l'environnement et pratiquent la rotation des cultures afin de garder des sols vivants et une fertilité durable. || Plongez 60g de riz par personne dans de l'eau bouillante un peu salée. Laissez cuire à couvert et à feu moyen pendant 25 minutes environ. || Riz long complet*. *Issu de l'agriculture biologique. || Valeur énergétique en Joules :  1414 || Valeur énergétique en Kcal : 333 || Glucides : 71g || Lipides : 2,2g || Protides :7,4g || Conservez à l'abri de la chaleur et de l'humidté. || 
3,36€ / Kg || 
1,68 € || 
Riz thaï, certifié AB || Le paquet de 500g || Origine : THAILANDE || Riz thaï long grain de qualité supérieure issu de l'agriculture biologique. || Versez le riz dans un grand volume d'eau bouillante salée. Laissez cuire à feu doux 10 minutes pour un riz ferme et 12 minutes pour un riz plus moelleux. Egouttez et servez. || Riz thaï long grain de qualité supérieure issu de l'agriculture biologique. || Valeur énergétique en Joules :  1474kj || Valeur énergétique en Kcal : 347kcal || Glucides : 77g || Lipides : 0,8g || Protides :7,4g || A conserver au sec, à l'abri de la chaleur et de la lumière. Bien refermer le sachet après utilisation. Conditionne sous atmosphère protectrice. || 
5,00€ / Kg || 
2,50 € || 
Riz thaï, certifié AB || Le paquet de 500g || Origine : THAILANDE || Riz thaï long grain de qualité supérieure issu de l'agriculture biologique. || Versez le riz dans un grand volume d'eau bouillante salée. Laissez cuire à feu doux 10 minutes pour un riz ferme et 12 minutes pour un riz plus moelleux. Egouttez et servez. || Riz thaï long grain de qualité supérieure issu de l'agriculture biologique. || Valeur énergétique en Joules :  1474kj || Valeur énergétique en Kcal : 347kcal || Glucides : 77g || Lipides : 0,8g || Protides :7,4g || A conserver au sec, à l'abri de la chaleur et de la lumière. Bien refermer le sachet après utilisation. Conditionne sous atmosphère protectrice. || 
5,00€ / Kg || 
2,50 € || 
Spaghetti, pâtes alimentaires de qualité supérieure, certifié AB || Le paquet de 500g || Origine : FRANCE || Monoprix a sélectionner pour vous, avec des entreprises partenaires, des produits issus de l'agriculture biologique. Leurs modes de production et de transformation sont contrôlés et certifiés par un organisme indépendant conformément à la réglementation en vigueur. Les producteurs emploient des fertilisants respectueux de l'environnement et pratiquent la rotation des cultures afin de garder des sols vivants et une fertilité durable. || Versez les pâtes dans un grand volume d'eau bouillante salée (1 litre d'eau pour 100g de pâtes). Remuez, puis laissez cuire à découvert 7 à 8 min. Egouttez, assaisonnez selon votre goût. || Semoule de blé dur* de qualité supérieure. Présence possible d'oeuf, de soja et de lait. *Ingrédient issu de l'agriculture biologique. || Valeur énergétique en Joules :  1445Kj || Valeur énergétique en Kcal : 341Kcal || Glucides : 70g || Lipides : 1,7g || Protides :11,3g || A conserver à l'abri du soleil et de l'humidité. || 
2,90€ / Kg || 
1,45 € || 
Spaghetti, pâtes alimentaires de qualité supérieure, certifié AB || Le paquet de 500g || Origine : FRANCE || Monoprix a sélectionner pour vous, avec des entreprises partenaires, des produits issus de l'agriculture biologique. Leurs modes de production et de transformation sont contrôlés et certifiés par un organisme indépendant conformément à la réglementation en vigueur. Les producteurs emploient des fertilisants respectueux de l'environnement et pratiquent la rotation des cultures afin de garder des sols vivants et une fertilité durable. || Versez les pâtes dans un grand volume d'eau bouillante salée (1 litre d'eau pour 100g de pâtes). Remuez, puis laissez cuire à découvert 7 à 8 min. Egouttez, assaisonnez selon votre goût. || Semoule de blé dur* de qualité supérieure. Présence possible d'oeuf, de soja et de lait. *Ingrédient issu de l'agriculture biologique. || Valeur énergétique en Joules :  1445Kj || Valeur énergétique en Kcal : 341Kcal || Glucides : 70g || Lipides : 1,7g || Protides :11,3g || A conserver à l'abri du soleil et de l'humidité. || 
2,90€ / Kg || 
1,45 € || 
Spaghetti complets || Le paquet de 500g || Origine : FRANCE || Ces spaghetti complets sont fabriqués à partir de semoule de blé dur complète. Celle-ci est obtenue à partir de grains de blé dont l'enveloppe protectrice, concentrant de nombreux éléments nutritionnels, a été conservée. De là viennent leur goût de céréales prononcé et leur belle couleur brune, qui en font un accompagnement original et facile à préparer pour tous vos plats. || Versez les pâtes dans un grand volume d'eau bouillante salée (1 litre d'eau pour 80 g de pâtes). Remuez en cours de cuisson tout en maintenant l'ébullition. Egouttez. Temps de cuisson : 9 à 11 minutes. Pour les rendre encore plus savoureuses, vous pouvez accompagner ces pâtes issues de l'agriculture biologique d'une simple noix de beurre,ou les agrémenter par exemple de quelques légumes cuisinés (courgettes, aubergines, ratatouille...). Quantité moyenne de pâtes crues suggérée par personne : 80g. || Semoule complète de blé dur issue de l'agriculture biologique. || Valeur énergétique en Joules :  1521kj || Valeur énergétique en Kcal : 359kc || Glucides : 72g || Lipides : 2,5g || Protides :12g || A conserver à l'abri de la chaleur et de l'humidité || 
2,88€ / Kg || 
1,44 € || 
Spaghetti complets || Le paquet de 500g || Origine : FRANCE || Ces spaghetti complets sont fabriqués à partir de semoule de blé dur complète. Celle-ci est obtenue à partir de grains de blé dont l'enveloppe protectrice, concentrant de nombreux éléments nutritionnels, a été conservée. De là viennent leur goût de céréales prononcé et leur belle couleur brune, qui en font un accompagnement original et facile à préparer pour tous vos plats. || Versez les pâtes dans un grand volume d'eau bouillante salée (1 litre d'eau pour 80 g de pâtes). Remuez en cours de cuisson tout en maintenant l'ébullition. Egouttez. Temps de cuisson : 9 à 11 minutes. Pour les rendre encore plus savoureuses, vous pouvez accompagner ces pâtes issues de l'agriculture biologique d'une simple noix de beurre,ou les agrémenter par exemple de quelques légumes cuisinés (courgettes, aubergines, ratatouille...). Quantité moyenne de pâtes crues suggérée par personne : 80g. || Semoule complète de blé dur issue de l'agriculture biologique. || Valeur énergétique en Joules :  1521kj || Valeur énergétique en Kcal : 359kc || Glucides : 72g || Lipides : 2,5g || Protides :12g || A conserver à l'abri de la chaleur et de l'humidité || 
2,88€ / Kg || 
1,44 € || 
Tagliatelles, pâtes alimentaires de qualité supérieure, certifié AB || Le paquet de 500g || Origine : FRANCE || Monoprix a sélectionner pour vous, avec des entreprises partenaires, des produits issus de l'agriculture biologique. Leurs modes de production et de transformation sont contrôlés et certifiés par un organisme indépendant conformément à la réglementation en vigueur. Les producteurs emploient des fertilisants respectueux de l'environnement et pratiquent la rotation des cultures afin de garder des sols vivants et une fertilité durable. || Versez les pâtes dans un grand volume d'eau bouillante salée (1 litre d'eau pour 100g de pâtes). Remuez, puis laissez cuire à découvert 5 à 7 min. Egouttez, assaisonnez selon votre goût. || Semoule de blé dur* de qualité supérieure. Présence possible d'oeuf, de soja et de lait. *Ingrédient issu de l'agriculture biologique. || Valeur énergétique en Joules :  1445Kj || Valeur énergétique en Kcal : 341Kcal || Glucides : 70g || Lipides : 1,7g || Protides :11,3g || A conserver à l'abri du soleil et de l'humidité. || 
2,94€ / Kg || 
1,47 € || 
Tagliatelles, pâtes alimentaires de qualité supérieure, certifié AB || Le paquet de 500g || Origine : FRANCE || Monoprix a sélectionner pour vous, avec des entreprises partenaires, des produits issus de l'agriculture biologique. Leurs modes de production et de transformation sont contrôlés et certifiés par un organisme indépendant conformément à la réglementation en vigueur. Les producteurs emploient des fertilisants respectueux de l'environnement et pratiquent la rotation des cultures afin de garder des sols vivants et une fertilité durable. || Versez les pâtes dans un grand volume d'eau bouillante salée (1 litre d'eau pour 100g de pâtes). Remuez, puis laissez cuire à découvert 5 à 7 min. Egouttez, assaisonnez selon votre goût. || Semoule de blé dur* de qualité supérieure. Présence possible d'oeuf, de soja et de lait. *Ingrédient issu de l'agriculture biologique. || Valeur énergétique en Joules :  1445Kj || Valeur énergétique en Kcal : 341Kcal || Glucides : 70g || Lipides : 1,7g || Protides :11,3g || A conserver à l'abri du soleil et de l'humidité. || 
2,94€ / Kg || 
1,47 € || 
Torsades au blé intégral, pâtes alimentaires, certifié AB || Le paquet de 500g || Origine : FRANCE || Source de fibres. A base de grains de blé entiers. || Cuisson à l'eau bouillante salée. Al dente : 6 à 7 min. Fondantes : 8 min. Casserole. || Semoule de blé dur complet issu de l'agriculture biologique. Traces éventuelles d'oeufs. || Valeur énergétique en Joules :  1504Kj || Valeur énergétique en Kcal : 355KCal || Glucides : 70g || Lipides : 2,5g || Protides :13g || A conserver dans un endroit frais et sec. || 
2,58€ / Kg || 
1,29 € || 
Torsades au blé intégral, pâtes alimentaires, certifié AB || Le paquet de 500g || Origine : FRANCE || Source de fibres. A base de grains de blé entiers. || Cuisson à l'eau bouillante salée. Al dente : 6 à 7 min. Fondantes : 8 min. Casserole. || Semoule de blé dur complet issu de l'agriculture biologique. Traces éventuelles d'oeufs. || Valeur énergétique en Joules :  1504Kj || Valeur énergétique en Kcal : 355KCal || Glucides : 70g || Lipides : 2,5g || Protides :13g || A conserver dans un endroit frais et sec. || 
2,58€ / Kg || 
1,29 € || 
Purée de pommes de terre || Les 2 sachets, 194g || Origine : FRANCE || Délicatement parfumée au romarin, la Purée de Pommes de Terre Bjorg est savoureuse, onctueuse et se prépare avec succès en un tour de main.... A la fois simple et raffinée, la Purée de Pommes de Terre Bjorg est l'accompagnement idéal pour toutes vosviandes, et fera le bonheur des petits comme des grands. Source de protéines végétales et sans matières grasses, la Purée de Pommes de Terre Bjorg constitue un accompagnement facile et rapide à cuisiner. || *Pommes de terre (99,9%), *extrait de romarin. *100% des ingrédients d'origine agricole ont été obtenus selon les règles de la production biologique. || Valeur énergétique en Joules :  1357Kj || Valeur énergétique en Kcal : 319,3Kcal || Glucides : 71g || Lipides : 0,1g || Protides :8,6g || A conserver dans un endroit frais et sec. || 
16,34€ / Kg || 
3,17 € || 
Purée de pommes de terre || Les 2 sachets, 194g || Origine : FRANCE || Délicatement parfumée au romarin, la Purée de Pommes de Terre Bjorg est savoureuse, onctueuse et se prépare avec succès en un tour de main.... A la fois simple et raffinée, la Purée de Pommes de Terre Bjorg est l'accompagnement idéal pour toutes vosviandes, et fera le bonheur des petits comme des grands. Source de protéines végétales et sans matières grasses, la Purée de Pommes de Terre Bjorg constitue un accompagnement facile et rapide à cuisiner. || *Pommes de terre (99,9%), *extrait de romarin. *100% des ingrédients d'origine agricole ont été obtenus selon les règles de la production biologique. || Valeur énergétique en Joules :  1357Kj || Valeur énergétique en Kcal : 319,3Kcal || Glucides : 71g || Lipides : 0,1g || Protides :8,6g || A conserver dans un endroit frais et sec. || 
16,34€ / Kg || 
3,17 € || 
Quinoa, tomates et olives, certifié AB || Le sachet de 250g || Origine : FRANCE || Ce plat cuisiné, 100% biologique, est à la fois très pratiques et particulièrement savoureux. || Mélange de quinoa blond rouge, de tomates séchées, d'olives et d'herbes de Provence. Pour 2 personnes. A réchauffer au micro-ondes ou au bain-marie. || *Quinoa blond précuit (50%), *quinoa rouge précuit (35%), *concentré de tomate (4,3%), *oignons,*olives noires (2,3%), *tomates séchées (2,3%), *huile d'olive, sel fin, *herbes de Provence (0,3%), *ail, *poivre. *100 % des ingrédients d'origine agricole ont été obtenus selon les règles de la production biologique. Sans conservateur et sans colorant. || Valeur énergétique en Joules :  769 || Valeur énergétique en Kcal : 183 || Glucides : 28.2 || Lipides : 5.4 || Protides :5.3 || A conserver dans un endroit frais et sec. || 
12,60€ / Kg || 
3,15 € || 
Quinoa, tomates et olives, certifié AB || Le sachet de 250g || Origine : FRANCE || Ce plat cuisiné, 100% biologique, est à la fois très pratiques et particulièrement savoureux. || Mélange de quinoa blond rouge, de tomates séchées, d'olives et d'herbes de Provence. Pour 2 personnes. A réchauffer au micro-ondes ou au bain-marie. || *Quinoa blond précuit (50%), *quinoa rouge précuit (35%), *concentré de tomate (4,3%), *oignons,*olives noires (2,3%), *tomates séchées (2,3%), *huile d'olive, sel fin, *herbes de Provence (0,3%), *ail, *poivre. *100 % des ingrédients d'origine agricole ont été obtenus selon les règles de la production biologique. Sans conservateur et sans colorant. || Valeur énergétique en Joules :  769 || Valeur énergétique en Kcal : 183 || Glucides : 28.2 || Lipides : 5.4 || Protides :5.3 || A conserver dans un endroit frais et sec. || 
12,60€ / Kg || 
3,15 € || 
Quinoa Lentilles || Le sachet de 250g || Origine : FRANCE || Laissez-vous tenter par ce délicieux mélange de quinoa et de lentilles et profitez des bienfaits nutritionnels de l'association d'une céréale et d'une légumineuse.Ce plat est à la fois très pratique et particulièrement savoureux. || Au micro-ondes : ouvrez le haut du sachet, placez-le au micro-ondes pendant 2 minutes à puissance maximale. Sortez le sachet par les coins pour ne pas vous brûler. A la poêle : faites chauffer 3 cuillères à soupe d'eau dans un poêle. Ajoutez le contenu du sachet. Couvrez et laissez cuire à feu doux jusqu'à totale absorption de l'eau. || Quinoa précuit* (49%), lentilles précuites* (49%), sel marin de l'Atlantique non raffiné, huile de tournesol non hydrogénée*. *100% des ingrédients d'origine agricole ont été obtenus selon les règles de la production biologique. || Valeur énergétique en Joules :  527kj || Valeur énergétique en Kcal : 124kcal || Glucides : 16,9g || Lipides : 2,8g || Protides :8g || A conserver à l'abri des rayons du soleil, et dans un endroit frais et sec. Après ouverture, à conserver au réfrigérateur et à consommer rapidement. || 
12,92€ / Kg || 
3,23 € || 
Quinoa Lentilles || Le sachet de 250g || Origine : FRANCE || Laissez-vous tenter par ce délicieux mélange de quinoa et de lentilles et profitez des bienfaits nutritionnels de l'association d'une céréale et d'une légumineuse.Ce plat est à la fois très pratique et particulièrement savoureux. || Au micro-ondes : ouvrez le haut du sachet, placez-le au micro-ondes pendant 2 minutes à puissance maximale. Sortez le sachet par les coins pour ne pas vous brûler. A la poêle : faites chauffer 3 cuillères à soupe d'eau dans un poêle. Ajoutez le contenu du sachet. Couvrez et laissez cuire à feu doux jusqu'à totale absorption de l'eau. || Quinoa précuit* (49%), lentilles précuites* (49%), sel marin de l'Atlantique non raffiné, huile de tournesol non hydrogénée*. *100% des ingrédients d'origine agricole ont été obtenus selon les règles de la production biologique. || Valeur énergétique en Joules :  527kj || Valeur énergétique en Kcal : 124kcal || Glucides : 16,9g || Lipides : 2,8g || Protides :8g || A conserver à l'abri des rayons du soleil, et dans un endroit frais et sec. Après ouverture, à conserver au réfrigérateur et à consommer rapidement. || 
12,92€ / Kg || 
3,23 € || 
Tofu nature, sachets fraîcheur, certifié AB || La boîte de 400g || Origine : FRANCE || Utilisé traditionnellement dans la cuisine asiatique, le Tofu est élaboré à partir de fèves de soja. Une portion de 100g de Tofu Nature Bjorg vous apporte 14g des 25g de protéines de soja qui, consommées quotidiennement dans le cadre d'une I alimentation pauvre en acides gras saturés, vous aident à contrôler votre taux de cholestérol et favorisent une bonne santé cardio-vasculaire. Sans cholestérol et source d'Oméga 3, il vous apporte du magnésium et du fer, ce qui en fait une alternative idéaleà la viande ou au fromage. || Grâce à son goût discret et subtil, le Tofu Nature s'intègre facilement à toutes vos recettes : en cubes dans vos salades, sauté avec des légumes, des pâtes... émietté dans une sauce bolognaise, dans vos farces et vos quiches. || Eau, *fèves de soja (32%), agents de coagulation : chlorure de magnésium (Nigari), sulfate de calcium. *ingrédient d'origine agicole obtenu selon les règles de la production biologique. || Valeur énergétique en Joules :  548kj || Valeur énergétique en Kcal : 131kcal || Glucides : 0,5g || Lipides : 7,8g || Protides :14g || A conserver au frais après ouverture et à consommer rapidement. || 
7,18€ / Kg || 
2,87 € || 
Tofu nature, sachets fraîcheur, certifié AB || La boîte de 400g || Origine : FRANCE || Utilisé traditionnellement dans la cuisine asiatique, le Tofu est élaboré à partir de fèves de soja. Une portion de 100g de Tofu Nature Bjorg vous apporte 14g des 25g de protéines de soja qui, consommées quotidiennement dans le cadre d'une I alimentation pauvre en acides gras saturés, vous aident à contrôler votre taux de cholestérol et favorisent une bonne santé cardio-vasculaire. Sans cholestérol et source d'Oméga 3, il vous apporte du magnésium et du fer, ce qui en fait une alternative idéaleà la viande ou au fromage. || Grâce à son goût discret et subtil, le Tofu Nature s'intègre facilement à toutes vos recettes : en cubes dans vos salades, sauté avec des légumes, des pâtes... émietté dans une sauce bolognaise, dans vos farces et vos quiches. || Eau, *fèves de soja (32%), agents de coagulation : chlorure de magnésium (Nigari), sulfate de calcium. *ingrédient d'origine agicole obtenu selon les règles de la production biologique. || Valeur énergétique en Joules :  548kj || Valeur énergétique en Kcal : 131kcal || Glucides : 0,5g || Lipides : 7,8g || Protides :14g || A conserver au frais après ouverture et à consommer rapidement. || 
7,18€ / Kg || 
2,87 € || 
Trio de ble doypack  bjorg bio || Le sachet de 400g || Origine : FRANCE || Découvrez ce mélange de variétés de blé toutes prêtes à être consommées pour les grands et les petits. Cest un accompagnement à agrémenter selon votre envie, 100% biologique, riche en fibres et sources de protéines. || 4 personnes. Au micro-ondes : ouvrez le haut du sachet, placez au micro-ondes pendant 1 min 30. Sortez le sachet par les coins pour ne pas vous brûler. Au bain-marie : placez le sachet fermé dans leau frémissante pendant 5 min. || BlÍ mondÍ* prÍcuit (42,8%), Boulghour* prÍcuit (32,1%), Epeautre* prÍcuit (21,8%), vinaigre de vin*, huile d?olive* extra vierge extraite Å froid, sel de l?Atlantique. || Valeur énergétique en Joules :  699 || Valeur énergétique en Kcal : 166 || Glucides : 28.3 || Lipides : 2.1 || Protides :5.6 || Après ouverture, à conserver au réfrigérateur et à consommer rapidement. || 
6,93€ / Kg || 
2,77 € || 
Trio de ble doypack  bjorg bio || Le sachet de 400g || Origine : FRANCE || Découvrez ce mélange de variétés de blé toutes prêtes à être consommées pour les grands et les petits. Cest un accompagnement à agrémenter selon votre envie, 100% biologique, riche en fibres et sources de protéines. || 4 personnes. Au micro-ondes : ouvrez le haut du sachet, placez au micro-ondes pendant 1 min 30. Sortez le sachet par les coins pour ne pas vous brûler. Au bain-marie : placez le sachet fermé dans leau frémissante pendant 5 min. || BlÍ mondÍ* prÍcuit (42,8%), Boulghour* prÍcuit (32,1%), Epeautre* prÍcuit (21,8%), vinaigre de vin*, huile d?olive* extra vierge extraite Å froid, sel de l?Atlantique. || Valeur énergétique en Joules :  699 || Valeur énergétique en Kcal : 166 || Glucides : 28.3 || Lipides : 2.1 || Protides :5.6 || Après ouverture, à conserver au réfrigérateur et à consommer rapidement. || 
6,93€ / Kg || 
2,77 € || 
Trio de riz complet, rouge, basmati bio || Le sachet de 400g || Origine : FRANCE || Ce mélange de riz, tout prêt à être consommé pour les grands et les petits, est un accompagnement à agrémenter selon votre envie. || Pour 4 personnes. Au micro-ondes : ouvrez le haut du sachet, placez au micro-ondes pendant 1 mn 30. Sortez le sachet par les coins pour ne pas vous brûler. Au bain-marie : placez le sachet fermé dans leau frémissante pendant 5 mn. || Riz complet* prÍcuit (81,5%), Riz rouge* prÍcuit (8%), Riz basmati* prÍcuit (8%), vinaigre de vin*, huile d?olive* extra vierge extraite Å froid, sel de l?Atlantique || Valeur énergétique en Joules :  668 || Valeur énergétique en Kcal : 158 || Glucides : 30.5 || Lipides : 2 || Protides :3.4 || Après ouverture, à conserver au réfrigérateur et à consommer rapidement. || 
6,93€ / Kg || 
2,77 € || 
Trio de riz complet, rouge, basmati bio || Le sachet de 400g || Origine : FRANCE || Ce mélange de riz, tout prêt à être consommé pour les grands et les petits, est un accompagnement à agrémenter selon votre envie. || Pour 4 personnes. Au micro-ondes : ouvrez le haut du sachet, placez au micro-ondes pendant 1 mn 30. Sortez le sachet par les coins pour ne pas vous brûler. Au bain-marie : placez le sachet fermé dans leau frémissante pendant 5 mn. || Riz complet* prÍcuit (81,5%), Riz rouge* prÍcuit (8%), Riz basmati* prÍcuit (8%), vinaigre de vin*, huile d?olive* extra vierge extraite Å froid, sel de l?Atlantique || Valeur énergétique en Joules :  668 || Valeur énergétique en Kcal : 158 || Glucides : 30.5 || Lipides : 2 || Protides :3.4 || Après ouverture, à conserver au réfrigérateur et à consommer rapidement. || 
6,93€ / Kg || 
2,77 € || 
Boulghour fin, graine déjà cuite, certifié AB || Le sachet de 250g || Origine : FRANCE || Manger bio, c'est vouloir prendre soin de soi, des siens et de l'en vironnement. Parce qu'on peut vouloir manger sain, varié et bon, sans consacrer trop de temps à la préparation des repas, Céreal bio avec bio express, s'adapte aux rythmes de vie d'aujourd'hui et vous propose une gamme de produits bio, gourmands, prêts en un rien de temps. Profitez du savoir-faire de Céreal pour remettre les céréales, avec leur grande diversité,leur richesse en goût et leurs vertus nutritionnelles, au coeur de vos repas. || Au micro-ondes : Placez dans le four micro-ondes, le sachet ouvert en haut pendant 2 minutes puissance maximale). Sortez le sachet par les coins pour ne pas vous brûler. Versez le Boulghour dans une assiette en l'égrainant a la fourchette. Au bain-marie : Plongez le sachet fermé dans l'eau fremissante pendant 10 minutes. A la poêle : Faites revenir le contenu du sachet dans 2 cuillerées à soupe d'eau pendant 2 minutes à petit feu. || Eau, Boulghour Fin de ble* (41,5%), Huile d'olive*, Sel marin. *ingrédients agricoles issus de l'agriculture biologique: 100% || Valeur énergétique en Joules :  691Kj || Valeur énergétique en Kcal : 164Kcal || Glucides : 28,5g || Lipides : 3,2g || Protides :5,3g || A conserver au réfrigérateur deux jours maximum après son ouverture. A conserver à l'abri de la chaleur et de l'humidité. || 
9,32€ / Kg || 
2,33 € || 
Boulghour fin, graine déjà cuite, certifié AB || Le sachet de 250g || Origine : FRANCE || Manger bio, c'est vouloir prendre soin de soi, des siens et de l'en vironnement. Parce qu'on peut vouloir manger sain, varié et bon, sans consacrer trop de temps à la préparation des repas, Céreal bio avec bio express, s'adapte aux rythmes de vie d'aujourd'hui et vous propose une gamme de produits bio, gourmands, prêts en un rien de temps. Profitez du savoir-faire de Céreal pour remettre les céréales, avec leur grande diversité,leur richesse en goût et leurs vertus nutritionnelles, au coeur de vos repas. || Au micro-ondes : Placez dans le four micro-ondes, le sachet ouvert en haut pendant 2 minutes puissance maximale). Sortez le sachet par les coins pour ne pas vous brûler. Versez le Boulghour dans une assiette en l'égrainant a la fourchette. Au bain-marie : Plongez le sachet fermé dans l'eau fremissante pendant 10 minutes. A la poêle : Faites revenir le contenu du sachet dans 2 cuillerées à soupe d'eau pendant 2 minutes à petit feu. || Eau, Boulghour Fin de ble* (41,5%), Huile d'olive*, Sel marin. *ingrédients agricoles issus de l'agriculture biologique: 100% || Valeur énergétique en Joules :  691Kj || Valeur énergétique en Kcal : 164Kcal || Glucides : 28,5g || Lipides : 3,2g || Protides :5,3g || A conserver au réfrigérateur deux jours maximum après son ouverture. A conserver à l'abri de la chaleur et de l'humidité. || 
9,32€ / Kg || 
2,33 € || 
concassé de céréales au blé, épeautre & blé de kamut,certifié AB prètes a réchauffer || Le sachet de 220g || Origine : FRANCE || Valeur énergétique en Joules :  676kj || Valeur énergétique en Kcal : 160kcal || Glucides : 28,1g || Lipides : 2,6g || Protides :6g || 
11,14€ / Kg || 
2,45 € || 
concassé de céréales au blé, épeautre & blé de kamut,certifié AB prètes a réchauffer || Le sachet de 220g || Origine : FRANCE || Valeur énergétique en Joules :  676kj || Valeur énergétique en Kcal : 160kcal || Glucides : 28,1g || Lipides : 2,6g || Protides :6g || 
11,14€ / Kg || 
2,45 € || 
Mélange du levant riz, soja et sésame || Le sachet de 220g || Origine : FRANCE || Valeur énergétique en Joules :  899kj || Valeur énergétique en Kcal : 215kcal || Glucides : 18,6g || Lipides : 9,4g || Protides :10,2g || 
12,64€ / Kg || 
2,78 € || 
Mélange du levant riz, soja et sésame || Le sachet de 220g || Origine : FRANCE || Valeur énergétique en Joules :  899kj || Valeur énergétique en Kcal : 215kcal || Glucides : 18,6g || Lipides : 9,4g || Protides :10,2g || 
12,64€ / Kg || 
2,78 € || 
Riz à l'asiatique || Le doy pack de 220g || Origine : FRANCE || Valeur énergétique en Joules :  680kj || Valeur énergétique en Kcal : 162kcal || Glucides : 24g || Lipides : 3,2g || Protides :4,4g || 
14,00€ / Kg || 
3,08 € || 
Tofou nature prêt à cuisiner, certifié AB || La boîte de 250g || Origine : FRANCE || Le Tofu, issu du caillé frais de jus de soja, grâce à un processus naturel d fabrication, conserve toutes les richesses nutritionnelles de la graine. || Tofu* (eau, soja* dépelliculé 29%, gélifiants (sulfate de calcium, nigari)). *ingrédients agricoles issus de l'agriculture biologique: 100%. Soja de filière France non OGM*. Sans conservateur, sans colorant. || Valeur énergétique en Joules :  642Kj || Valeur énergétique en Kcal : 154Kcal || Glucides : 1,2g || Lipides : 10,1g || Protides :14,6g || 
11,76€ / Kg || 
2,94 € || 
Tofou nature prêt à cuisiner, certifié AB || La boîte de 250g || Origine : FRANCE || Le Tofu, issu du caillé frais de jus de soja, grâce à un processus naturel d fabrication, conserve toutes les richesses nutritionnelles de la graine. || Tofu* (eau, soja* dépelliculé 29%, gélifiants (sulfate de calcium, nigari)). *ingrédients agricoles issus de l'agriculture biologique: 100%. Soja de filière France non OGM*. Sans conservateur, sans colorant. || Valeur énergétique en Joules :  642Kj || Valeur énergétique en Kcal : 154Kcal || Glucides : 1,2g || Lipides : 10,1g || Protides :14,6g || 
11,76€ / Kg || 
2,94 € || 
Spaghetti bio, quinoa, persil et ail || le paquet de 500g || Origine : FRANCE || Semoule supérieure 1/2 complète de blé* dur, quinoa* 10%, persil* 3%, ail* 1%. *Produits issus de l'agriculture biologique. || Valeur énergétique en Joules :  1566 || Valeur énergétique en Kcal : 374,1 || Glucides : 75,9 || Lipides : 2,2 || Protides :11,5 || à conserver à l'abri de l'humidité, à protéger de la chaleur || 
6,16€ / Kg || 
3,08 € || 
Spaghetti bio, quinoa, persil et ail || le paquet de 500g || Origine : FRANCE || Semoule supérieure 1/2 complète de blé* dur, quinoa* 10%, persil* 3%, ail* 1%. *Produits issus de l'agriculture biologique. || Valeur énergétique en Joules :  1566 || Valeur énergétique en Kcal : 374,1 || Glucides : 75,9 || Lipides : 2,2 || Protides :11,5 || à conserver à l'abri de l'humidité, à protéger de la chaleur || 
6,16€ / Kg || 
3,08 € || 
Spaghetti bio || Le paquet de 500g || Origine : ITALIE || SEMOULE DE BLñ DUR DE QUALITñ SUPñRIEURE DE PRODUCTION BIOLOGIQUE || Valeur énergétique en Joules :  1499kj || Valeur énergétique en Kcal : 353kcal || Glucides : 73,4g || Lipides : 1g || Protides :11,4g || 
6,54€ / Kg || 
3,27 € || 
Spaghetti bio || Le paquet de 500g || Origine : ITALIE || SEMOULE DE BLñ DUR DE QUALITñ SUPñRIEURE DE PRODUCTION BIOLOGIQUE || Valeur énergétique en Joules :  1499kj || Valeur énergétique en Kcal : 353kcal || Glucides : 73,4g || Lipides : 1g || Protides :11,4g || 
6,54€ / Kg || 
3,27 € || 
Fusilli || Le paquet de 500g || Origine : ITALIE || Pâtes sans gluten. || 1 personne = 100 g de pâtes. Temps de cuisson : 11-13 minutes. || Farine de maïs, farine de millet, farine de riz, sirop de sucre de canne. || Valeur énergétique en Joules :  1539kj || Valeur énergétique en Kcal : 363kcal || Glucides : 78g || Lipides : 1,5g || Protides :8,3g || A conserver dans un lieu frais et sec. || 
8,94€ / Kg || 
4,47 € || 
Huile d'olive vierge extra, certifié AB || La bouteille de 25cl || Origine : FRANCE || Huile d'olive de catégorie supérieure obtenue directement des olives et uniquement par des procédés mécaniques. || Huile végétale pour friture et assaisonnement. Température maximale conseillée en friture : 180°C. || Huile d'olive vierge extra issue de l'agriculture biologique. || Valeur énergétique en Joules :  3700Kj || Valeur énergétique en Kcal : 900Kcal || Glucides : 0g || Lipides : 100g || Protides :0g || A conserver à l'abri de la lumière et de la chaleur. Bien reboucher après usage. || 
11,84€ / L || 
2,96 € || 
Huile d'olive vierge extra, certifié AB || La bouteille de 25cl || Origine : FRANCE || Huile d'olive de catégorie supérieure obtenue directement des olives et uniquement par des procédés mécaniques. || Huile végétale pour friture et assaisonnement. Température maximale conseillée en friture : 180°C. || Huile d'olive vierge extra issue de l'agriculture biologique. || Valeur énergétique en Joules :  3700Kj || Valeur énergétique en Kcal : 900Kcal || Glucides : 0g || Lipides : 100g || Protides :0g || A conserver à l'abri de la lumière et de la chaleur. Bien reboucher après usage. || 
11,84€ / L || 
2,96 € || 
Huile d'olive vierge extra issue de l'agriculture biologique || La bouteille de 75cl || Origine : ESPAGNE || Monoprix a sélectionné pour vous, avec des entreprises partenaires, des produits issus de l'agriculture biologique. Leurs modes de production et de transformation sont contrôlés et certifiés par un organisme indépendant. Les producteurs emploient notamment des engrais naturels et pratiquent la rotation des cultures afin de garder des sols vivants et une fertilité durable. L'environnement est ainsi préservé. || Huile d'olive vierge extra* de catégorie supérieure obtenue directement des olives et uniquement par des procédés mécaniques. *ingrédient issu de l'agriculture biologique || Valeur énergétique en Joules :  3700Kj || Valeur énergétique en Kcal : 885KCal || Glucides : 0g || Lipides : 100g || Protides :0g || à conserver à l'abri de la lumière et de la chaleur Bien reboucher après usage || 
10,77€ / L || 
8,08 € || 
Huile d'olive vierge extra issue de l'agriculture biologique || La bouteille de 75cl || Origine : ESPAGNE || Monoprix a sélectionné pour vous, avec des entreprises partenaires, des produits issus de l'agriculture biologique. Leurs modes de production et de transformation sont contrôlés et certifiés par un organisme indépendant. Les producteurs emploient notamment des engrais naturels et pratiquent la rotation des cultures afin de garder des sols vivants et une fertilité durable. L'environnement est ainsi préservé. || Huile d'olive vierge extra* de catégorie supérieure obtenue directement des olives et uniquement par des procédés mécaniques. *ingrédient issu de l'agriculture biologique || Valeur énergétique en Joules :  3700Kj || Valeur énergétique en Kcal : 885KCal || Glucides : 0g || Lipides : 100g || Protides :0g || à conserver à l'abri de la lumière et de la chaleur Bien reboucher après usage || 
10,77€ / L || 
8,08 € || 
Vinaigre de cidre || La bouteille de 50cl || Origine : FRANCE || Monoprix a sélectionné pour vous, avec des entreprises partenaires, des produits issus de l'agriculture biologique. Leurs modes de production et de transformation sont contrôlés et certifiés par un organisme indépendant conformément à la réglementation en vigueur. Les producteurs emploient des  fertilisants respectueux de l'environnement et pratiquent la rotation des cultures afin de garder des sols vivants et une fertilité durable. || Vous pourrez utiliser ce vinaigre de cidre pour réaliser des sauces vinaigrettes savoureuses. || Vinaigre de cidre issu de l'agriculture biologique. || A conserver à température ambiante. || 
4,34€ / L || 
2,17 € || 
Vinaigre de cidre || La bouteille de 50cl || Origine : FRANCE || Monoprix a sélectionné pour vous, avec des entreprises partenaires, des produits issus de l'agriculture biologique. Leurs modes de production et de transformation sont contrôlés et certifiés par un organisme indépendant conformément à la réglementation en vigueur. Les producteurs emploient des  fertilisants respectueux de l'environnement et pratiquent la rotation des cultures afin de garder des sols vivants et une fertilité durable. || Vous pourrez utiliser ce vinaigre de cidre pour réaliser des sauces vinaigrettes savoureuses. || Vinaigre de cidre issu de l'agriculture biologique. || A conserver à température ambiante. || 
4,34€ / L || 
2,17 € || 
Huile d'olive vierge extra bio, extrait à froid || La bouteille de 75cl || Origine : FRANCE || C'est la qualité des olives et du processus de fabrication qui apporte tout le goût subtil et raffiné de cette huile.Notre huile d'olive vierge extrait Bjorg est riche en acides gras insaturés. De plus, elle est obtenue par une extraction à froid (excluant tout traitement chimique et opération de raffinage), une fois ses olives soigneusement récoltées. || Huile d'olive de catégorie supérieure obtenue directement des olives et uniquement par des procédés mécaniques. || Valeur énergétique en Joules :  3700Kj || Valeur énergétique en Kcal : 885KCal || Glucides : 0g || Lipides : 100g || Protides :0g || A conserver dans un endroit frais et sec. || 
11,53€ / L || 
8,65 € || 
Huile d'olive vierge extra bio, extrait à froid || La bouteille de 75cl || Origine : FRANCE || C'est la qualité des olives et du processus de fabrication qui apporte tout le goût subtil et raffiné de cette huile.Notre huile d'olive vierge extrait Bjorg est riche en acides gras insaturés. De plus, elle est obtenue par une extraction à froid (excluant tout traitement chimique et opération de raffinage), une fois ses olives soigneusement récoltées. || Huile d'olive de catégorie supérieure obtenue directement des olives et uniquement par des procédés mécaniques. || Valeur énergétique en Joules :  3700Kj || Valeur énergétique en Kcal : 885KCal || Glucides : 0g || Lipides : 100g || Protides :0g || A conserver dans un endroit frais et sec. || 
11,53€ / L || 
8,65 € || 
Huile d'olive vierge extra issue de l'agriculture biologique || La bouteille de 75cl || Origine : FRANCE || Depuis 1893, de nombreuses générations ont travaillé avec passion pour préserver la Tradition des Huiles d'Olive Carapelli. Ainsi la sélection des huiles les plus précieuses a permis d'élaborer ces notes parfumées et ces saveurs si spécifiques. Carapelli Bio est une Huile d'Olive Vierge Extra obtenue de la pression exclusive d'olives biologiques, cultivées et récoltées conformément aux critères de l'agriculture biologique. || Délicatement piquante, l'Huile d'Olive Bio Vierge Extra de Carapelli s'adresse aux amateurs d'une cuisine saine et savoureuse. Sa richesse aromatique naturelle s'adapte parfaitement aux salades et marinades, et est idéale pour parfumer délicatement les poissons ou les légumes vapeurs. || Valeur énergétique en Joules :  3378kj || Valeur énergétique en Kcal : 822kcal || Glucides : 0g || Lipides : 91,3g || Protides :0g || A conserver à l'abri de la lumière et de la chaleur. || 
9,39€ / L || 
7,04 € || 
Huile d'olive vierge extra issue de l'agriculture biologique || La bouteille de 75cl || Origine : FRANCE || Depuis 1893, de nombreuses générations ont travaillé avec passion pour préserver la Tradition des Huiles d'Olive Carapelli. Ainsi la sélection des huiles les plus précieuses a permis d'élaborer ces notes parfumées et ces saveurs si spécifiques. Carapelli Bio est une Huile d'Olive Vierge Extra obtenue de la pression exclusive d'olives biologiques, cultivées et récoltées conformément aux critères de l'agriculture biologique. || Délicatement piquante, l'Huile d'Olive Bio Vierge Extra de Carapelli s'adresse aux amateurs d'une cuisine saine et savoureuse. Sa richesse aromatique naturelle s'adapte parfaitement aux salades et marinades, et est idéale pour parfumer délicatement les poissons ou les légumes vapeurs. || Valeur énergétique en Joules :  3378kj || Valeur énergétique en Kcal : 822kcal || Glucides : 0g || Lipides : 91,3g || Protides :0g || A conserver à l'abri de la lumière et de la chaleur. || 
9,39€ / L || 
7,04 € || 
Sauce soja ,recette traditionnelle asiatique || La  bouteille de 125ml || Origine : FRANCE || La sauce soja , traditionnelle appelée "shoyu" est un condiment aromatique issu de la fermentation conjuguée du soja et du blé dans de l'eau salé.Une maturation de 12 mois lui confére son exceptionnelle qualité gustative. || Eau , soja*  , blé* complet , sel marin , ferments sélectionnés (koji) . *Produits issus de l'agriculture biologique. || A conserver au frais après ouverture. || 
22,48€ / L || 
2,81 € || 
Sauce soja ,recette traditionnelle asiatique || La  bouteille de 125ml || Origine : FRANCE || La sauce soja , traditionnelle appelée "shoyu" est un condiment aromatique issu de la fermentation conjuguée du soja et du blé dans de l'eau salé.Une maturation de 12 mois lui confére son exceptionnelle qualité gustative. || Eau , soja*  , blé* complet , sel marin , ferments sélectionnés (koji) . *Produits issus de l'agriculture biologique. || A conserver au frais après ouverture. || 
22,48€ / L || 
2,81 € || 
Huile vierge de noix de coco bio || Le bocal de 314ml || Origine : FRANCE || Extraite de la pulpe dans les quatre jours suivant la récolte, l'huile vierge de noix de coco biologique La Tourangelle participe à vos défenses naturelles. || 100% huile vierge de noix de coco bio || 
23,11€ / Kg || 
6,68 € || 
Huile vierge de noix de coco bio || Le bocal de 314ml || Origine : FRANCE || Extraite de la pulpe dans les quatre jours suivant la récolte, l'huile vierge de noix de coco biologique La Tourangelle participe à vos défenses naturelles. || 100% huile vierge de noix de coco bio || 
23,11€ / Kg || 
6,68 € || 
Sauce salade sans huile prêt à l'emploi || La bouteille de 50cl || Origine : FRANCE || Une sauce salade Sans Huile, le secret ? Un savoureux  mélange de vinaigre, moutarde, aromates issus de l'agriculture Biologique et de l'acacia, fibre alimentaire 100% naturelle pour  apporter à votre salade douceur et équilibre au quotidien. Moins de 5 calories par portion ! || Bien agiter avant utilisation || eau. jus de pommes,  vinaigre de pommes 18%, moutarde forte de Dijon (eau, vinaigre d'alcool, graines de moutarde,  sel marin), moutarde  à  l'ancienne 7% (eau. graines de moutarde, vinaigre de cidre, sel marin), épaississants (farine de graines de guar, gomme arabique, gomme, sel de mer non  raffiné, jus de citron concentré, farine de coco, extrait de levure, arômes naturels, acidifiant (acide lactique), curcuma || Valeur énergétique en Joules :  130kj || Valeur énergétique en Kcal : 31kcal || Glucides : 3,5g || Lipides : 1,5g || Protides :1,5g || Se conserve un mois au réfrigérateur après ouverture || 
10,12€ / L || 
5,06 € || 
Sauce salade sans huile prêt à l'emploi || La bouteille de 50cl || Origine : FRANCE || Une sauce salade Sans Huile, le secret ? Un savoureux  mélange de vinaigre, moutarde, aromates issus de l'agriculture Biologique et de l'acacia, fibre alimentaire 100% naturelle pour  apporter à votre salade douceur et équilibre au quotidien. Moins de 5 calories par portion ! || Bien agiter avant utilisation || eau. jus de pommes,  vinaigre de pommes 18%, moutarde forte de Dijon (eau, vinaigre d'alcool, graines de moutarde,  sel marin), moutarde  à  l'ancienne 7% (eau. graines de moutarde, vinaigre de cidre, sel marin), épaississants (farine de graines de guar, gomme arabique, gomme, sel de mer non  raffiné, jus de citron concentré, farine de coco, extrait de levure, arômes naturels, acidifiant (acide lactique), curcuma || Valeur énergétique en Joules :  130kj || Valeur énergétique en Kcal : 31kcal || Glucides : 3,5g || Lipides : 1,5g || Protides :1,5g || Se conserve un mois au réfrigérateur après ouverture || 
10,12€ / L || 
5,06 € || 
Huile d'olive, certifié AB || La brique de 1L || Origine : FRANCE || Au coeur du régime méditerranéen. 5kg d'olives pressées pour 1l d'huile. || Ardente et intensément fruitée. Idéale pour salades et crudités. || Huile de catégorie supérieure obtenue directement des olives et uniquement par des procédés mécaniques. Produit issu de l'agriculture biologique. || 
9,80€ / L || 
9,80 € || 
Huile d'olive, certifié AB || La brique de 1L || Origine : FRANCE || Au coeur du régime méditerranéen. 5kg d'olives pressées pour 1l d'huile. || Ardente et intensément fruitée. Idéale pour salades et crudités. || Huile de catégorie supérieure obtenue directement des olives et uniquement par des procédés mécaniques. Produit issu de l'agriculture biologique. || 
9,80€ / L || 
9,80 € || 
Huile d'olive vierge extra bio || La brique de 50cl || Origine : FRANCE || Une huile d'olive biologique d'origine espagnole au profil gustatif ardent et fruité, né de la sélection de plusieurs variétés d'olives. || Une huile de caractère, idéale pour salades et crudités, nature ou avec un filet de citron. En cuisson sur les légumes du soleil. || Huile de catégorie supérieure obtenue directement des olives et uniquement par des procédés mécaniques. Huile d'olive vierge extra biologique. || 
11,52€ / L || 
5,76 € || 
Huile d'olive vierge extra bio || La brique de 50cl || Origine : FRANCE || Une huile d'olive biologique d'origine espagnole au profil gustatif ardent et fruité, né de la sélection de plusieurs variétés d'olives. || Une huile de caractère, idéale pour salades et crudités, nature ou avec un filet de citron. En cuisson sur les légumes du soleil. || Huile de catégorie supérieure obtenue directement des olives et uniquement par des procédés mécaniques. Huile d'olive vierge extra biologique. || 
11,52€ / L || 
5,76 € || 
Huile d'olive vierge extra biologique || La bouteille de 1 litre || Origine : TUNISIE || Huile d'olive vierge extra Biologique || Glucides : 0g || Lipides : 14g || Protides :0g || 
8,10€ / L || 
7,41 € || 
Huile d'olive vierge extra biologique || La bouteille de 1 litre || Origine : TUNISIE || Huile d'olive vierge extra Biologique || Glucides : 0g || Lipides : 14g || Protides :0g || 
8,10€ / L || 
7,41 € || 
Sel marin gris de cuisine de Guérande || Le sachet biodégradable et compostable de 1kg || Origine : FRANCE || Emballage biodégradable et compostable (matière + encre). Garanti récolté traditionnellement tous les jours d'été à la main, sur les salines antiques du bassin de Guérande. || Sel marin non lavé, non raffiné, sans aucun produit d'adjonction. || Tenir au sec. || 
1,86€ / Kg || 
1,86 € || 
Sel marin gris de cuisine de Guérande || Le sachet biodégradable et compostable de 1kg || Origine : FRANCE || Emballage biodégradable et compostable (matière + encre). Garanti récolté traditionnellement tous les jours d'été à la main, sur les salines antiques du bassin de Guérande. || Sel marin non lavé, non raffiné, sans aucun produit d'adjonction. || Tenir au sec. || 
1,86€ / Kg || 
1,86 € || 
Mayonnaise à la moutarde de Dijon, certifié AB || Le pot de 238g || Origine : FRANCE || Cette mayonnaise, préparée et élaborée avec des produits issus de l'agriculture biologique, a reçu la certification par Certisys BE-1. || Huile de tournesol*, jaune d'oeufs*, eau, moutarde de Dijon*3% (vinaigre de cidre*, graines de moutarde*, eau ,sel, acidifiant: E330, vinaigre d'alcool*, sucre de canne*, sel, arômes naturels, épaississant : gomme de xanthane. *ingrédients issus de l'agriculture biologique. || Valeur énergétique en Joules :  3014Kj || Valeur énergétique en Kcal : 733Kcal || Glucides : 1,9g || Lipides : 80g || Protides :1,3g || Après ouverture, à conserver au réfrigérateur et à consommer rapidement. || 
6,77€ / Kg || 
1,59 € || 
Mayonnaise à la moutarde de Dijon, certifié AB || Le pot de 238g || Origine : FRANCE || Cette mayonnaise, préparée et élaborée avec des produits issus de l'agriculture biologique, a reçu la certification par Certisys BE-1. || Huile de tournesol*, jaune d'oeufs*, eau, moutarde de Dijon*3% (vinaigre de cidre*, graines de moutarde*, eau ,sel, acidifiant: E330, vinaigre d'alcool*, sucre de canne*, sel, arômes naturels, épaississant : gomme de xanthane. *ingrédients issus de l'agriculture biologique. || Valeur énergétique en Joules :  3014Kj || Valeur énergétique en Kcal : 733Kcal || Glucides : 1,9g || Lipides : 80g || Protides :1,3g || Après ouverture, à conserver au réfrigérateur et à consommer rapidement. || 
6,77€ / Kg || 
1,59 € || 
Moutarde à l'ancienne au vinaigre de cidre || Le pot de 200g || Origine : FRANCE || Nous avons sélectionné pour vous des produits issus de l'agriculture biologique répondant à des normes strictes qui fixent leur mode de production. || Vinaigre de cidre 50%* , graines et téguments de moutarde* , eau , sel marin non raffiné.Ingrédient issu de l'agriculture biologique. || 
6,40€ / Kg || 
1,28 € || 
Moutarde à l'ancienne au vinaigre de cidre || Le pot de 200g || Origine : FRANCE || Nous avons sélectionné pour vous des produits issus de l'agriculture biologique répondant à des normes strictes qui fixent leur mode de production. || Vinaigre de cidre 50%* , graines et téguments de moutarde* , eau , sel marin non raffiné.Ingrédient issu de l'agriculture biologique. || 
6,40€ / Kg || 
1,28 € || 
Moutarde de Dijon, certifié AB || Le pot de 210g || Origine : FRANCE || Eau, graines de moutarde*, vinaigre d'alcool*, sel. *Ingrédients issus de l'agriculture biologique. || Valeur énergétique en Joules :  610Kj || Valeur énergétique en Kcal : 147Kcal || Glucides : 5,5g || Lipides : 10,5g || Protides :7,5g || Après ouverture, se conserve un mois au réfrigérateur. || 
5,38€ / Kg || 
1,13 € || 
Moutarde de Dijon, certifié AB || Le pot de 210g || Origine : FRANCE || Eau, graines de moutarde*, vinaigre d'alcool*, sel. *Ingrédients issus de l'agriculture biologique. || Valeur énergétique en Joules :  610Kj || Valeur énergétique en Kcal : 147Kcal || Glucides : 5,5g || Lipides : 10,5g || Protides :7,5g || Après ouverture, se conserve un mois au réfrigérateur. || 
5,38€ / Kg || 
1,13 € || 
Sauce bolognaise, certifié AB || Le pot de 200g || Origine : FRANCE || Réchauffée à feu doux dans une casserole ou au bain-marie. || Pulpe de tomate* 34%, viande de boeuf* 19%, concentré de tomate*, eau, oignons*, carottes* 2,9%, céleri*, huile d'olive vierge extra extraite à froid, sucre de canne* non raffiné, ail*, sel de mer, basilic*, origan*, thym* 0,016%. Ingrédients issus de l'agriculture biologique. || Valeur énergétique en Joules :  339Kj || Valeur énergétique en Kcal : 81kcal || Glucides : 5,5g || Lipides : 4g || Protides :5,7g || Conserver à température ambiante, à l'abri de la chaleur et de l'humidité. Après ouverture, conserver au frais et consommer rapidement. || 
9,20€ / Kg || 
1,84 € || 
Sauce bolognaise, certifié AB || Le pot de 200g || Origine : FRANCE || Réchauffée à feu doux dans une casserole ou au bain-marie. || Pulpe de tomate* 34%, viande de boeuf* 19%, concentré de tomate*, eau, oignons*, carottes* 2,9%, céleri*, huile d'olive vierge extra extraite à froid, sucre de canne* non raffiné, ail*, sel de mer, basilic*, origan*, thym* 0,016%. Ingrédients issus de l'agriculture biologique. || Valeur énergétique en Joules :  339Kj || Valeur énergétique en Kcal : 81kcal || Glucides : 5,5g || Lipides : 4g || Protides :5,7g || Conserver à température ambiante, à l'abri de la chaleur et de l'humidité. Après ouverture, conserver au frais et consommer rapidement. || 
9,20€ / Kg || 
1,84 € || 
Sauce tomate au basilic, certifié AB || Le pot de 200g || Origine : FRANCE || Réchauffée à feu doux dans une casserole ou au bain-marie. || Pulpe de tomates* 72%, concentré de tomate* 10%, oignons*, carottes* 4%, huile d'olive* vierge extra extraite à froid, basilic* 1,6%, sel de mer, ail*, sucre de canne* non raffiné. * ingrédients issus de l'agriculture biologique. || Valeur énergétique en Joules :  208Kj || Valeur énergétique en Kcal : 50kcal || Glucides : 5,8g || Lipides : 2,3g || Protides :1,5g || Conserver à température ambiante, à l'abri de la chaleur et de l'humidité. Après ouverture, conserver au frais et consommer rapidement. || 
6,80€ / Kg || 
1,36 € || 
Sauce tomate au basilic, certifié AB || Le pot de 200g || Origine : FRANCE || Réchauffée à feu doux dans une casserole ou au bain-marie. || Pulpe de tomates* 72%, concentré de tomate* 10%, oignons*, carottes* 4%, huile d'olive* vierge extra extraite à froid, basilic* 1,6%, sel de mer, ail*, sucre de canne* non raffiné. * ingrédients issus de l'agriculture biologique. || Valeur énergétique en Joules :  208Kj || Valeur énergétique en Kcal : 50kcal || Glucides : 5,8g || Lipides : 2,3g || Protides :1,5g || Conserver à température ambiante, à l'abri de la chaleur et de l'humidité. Après ouverture, conserver au frais et consommer rapidement. || 
6,80€ / Kg || 
1,36 € || 
Tomato ketchup || Le flacon de 280g || Origine : FRANCE || Eau, purée de tomates double concentrée* 30,4%, sucre de canne*, vinaigre d'alcool*, amidon de tapioca*, sel, arôme naturel, arôme naturel de poivre avec autres arômes naturels, arôme naturel d'oignon. Traces de moutarde. * Ingrédients issus de l'agriculture biologique. Sans conservateur. Sans colorant. || Valeur énergétique en Joules :  474kj || Valeur énergétique en Kcal : 112kcal || Glucides : 25g || Lipides : 0,1g || Protides :1,5g || Avant ouverture, se conserve 1 mois au réfrigérateur. Bien agiter avant emploi. || 
7,12€ / L || 
1,78 € || 
Tomato ketchup || Le flacon de 280g || Origine : FRANCE || Eau, purée de tomates double concentrée* 30,4%, sucre de canne*, vinaigre d'alcool*, amidon de tapioca*, sel, arôme naturel, arôme naturel de poivre avec autres arômes naturels, arôme naturel d'oignon. Traces de moutarde. * Ingrédients issus de l'agriculture biologique. Sans conservateur. Sans colorant. || Valeur énergétique en Joules :  474kj || Valeur énergétique en Kcal : 112kcal || Glucides : 25g || Lipides : 0,1g || Protides :1,5g || Avant ouverture, se conserve 1 mois au réfrigérateur. Bien agiter avant emploi. || 
7,12€ / L || 
1,78 € || 
Velouté de carottes et lentilles corail à la crème fraiche || Le pack de 2 brik de 25cl || Origine : FRANCE || Valeur énergétique en Joules :  179kj || Valeur énergétique en Kcal : 43kcal || Glucides : 4,7g || Lipides : 1,3g || Protides :2,1g || 
4,06€ / L || 
2,03 € || 
Velouté de carottes et lentilles corail à la crème fraiche || Le pack de 2 brik de 25cl || Origine : FRANCE || Valeur énergétique en Joules :  179kj || Valeur énergétique en Kcal : 43kcal || Glucides : 4,7g || Lipides : 1,3g || Protides :2,1g || 
4,06€ / L || 
2,03 € || 
Bouillon aux légumes || Les 6 bouillons de 11g || Origine : FRANCE || Utilisez un cube par demi-litre d'eau bouillante. Le laisser fondre doucement jusqu'à ébullition du liquide. || Sel marin, extrait de levure, *maltodextrines de maïs, *condiments, *légumes : 9% (*carottes, *poireaux, *oignons, *céleri), *huile de palme non hydrogénée, *amidon de pommes de terre, *amidon de maïs, *épices, *huile de tournesol, *aromates. *100% des ingrédients d'origine agricole ont été obtenus selon les règles de l'agriculture biologique. Sans glutamate ajouté. Sans conservateur. || A conserver dans un endroit frais et sec. || 
27,22€ / Kg || 
1,96 € || 
Bouillon aux légumes || Les 6 bouillons de 11g || Origine : FRANCE || Utilisez un cube par demi-litre d'eau bouillante. Le laisser fondre doucement jusqu'à ébullition du liquide. || Sel marin, extrait de levure, *maltodextrines de maïs, *condiments, *légumes : 9% (*carottes, *poireaux, *oignons, *céleri), *huile de palme non hydrogénée, *amidon de pommes de terre, *amidon de maïs, *épices, *huile de tournesol, *aromates. *100% des ingrédients d'origine agricole ont été obtenus selon les règles de l'agriculture biologique. Sans glutamate ajouté. Sans conservateur. || A conserver dans un endroit frais et sec. || 
27,22€ / Kg || 
1,96 € || 
Mouliné campagnard, potage de légumes variés biologique || la brique de 1l || Origine : FRANCE || Retrouvez dans le mouliné Campagnard Bjorg toute la saveur et les bienfaits des légumes. Pommes de terre, carottes, poireaux, choux-fleurs, céleri... se savourent dans ce potage 100% biologique*. || Eau, *légumes : 45% (pommes de terre : 14%, carottes : 14%, céleri-rave : 5%, oignons : 4%, choux-fleurs : 4%, poireaux : 3%, haricots verts : 1%), *amidon de blé, *huile d'olive vierge, sel, arômes naturels (extrait de levure, huile de tournesol). *100% des ingrédients d'origine agricole ont été obtenus selon les règles de la production biologique. || Valeur énergétique en Joules :  110 || Valeur énergétique en Kcal : 26,3 || Glucides : 3,7 || Lipides : 1 || Protides :0,6 || Après ouverture, à conserver au réfrigérateur. || 
3,36€ / L || 
3,36 € || 
Mouliné campagnard, potage de légumes variés biologique || la brique de 1l || Origine : FRANCE || Retrouvez dans le mouliné Campagnard Bjorg toute la saveur et les bienfaits des légumes. Pommes de terre, carottes, poireaux, choux-fleurs, céleri... se savourent dans ce potage 100% biologique*. || Eau, *légumes : 45% (pommes de terre : 14%, carottes : 14%, céleri-rave : 5%, oignons : 4%, choux-fleurs : 4%, poireaux : 3%, haricots verts : 1%), *amidon de blé, *huile d'olive vierge, sel, arômes naturels (extrait de levure, huile de tournesol). *100% des ingrédients d'origine agricole ont été obtenus selon les règles de la production biologique. || Valeur énergétique en Joules :  110 || Valeur énergétique en Kcal : 26,3 || Glucides : 3,7 || Lipides : 1 || Protides :0,6 || Après ouverture, à conserver au réfrigérateur. || 
3,36€ / L || 
3,36 € || 
Potage aux legumes verts || Les 2 briques de 25cl || Origine : FRANCE || Le Régal de Légumes Verts bio est riche en fibres, sans féculent et à faible teneur en matières grasses. Faites le pleins de légumes et régalez vous avec le bon goût des légumes verts. || *Légumes : 55% dont 37% de légumes verts (*courgettes 13,5%, *brocolis, oignons, *épinards 5,4%, *carottes, *poireaux 4,3%, *haricots verts, *céleri-rave, *cerfeuil), eau, *huile d'olive vierge extra, sel, extrait de levure, arôme naturel, *thym, arôme naturel de poivre. *100% des ingrédients d'origine agricole ont été obtenus selon les règles de la production biologique. || Après ouverture, à conserver au réfrigérateur et à consommer rapidement. || 
6,00€ / L || 
3,00 € || 
Potage aux legumes verts || Les 2 briques de 25cl || Origine : FRANCE || Le Régal de Légumes Verts bio est riche en fibres, sans féculent et à faible teneur en matières grasses. Faites le pleins de légumes et régalez vous avec le bon goût des légumes verts. || *Légumes : 55% dont 37% de légumes verts (*courgettes 13,5%, *brocolis, oignons, *épinards 5,4%, *carottes, *poireaux 4,3%, *haricots verts, *céleri-rave, *cerfeuil), eau, *huile d'olive vierge extra, sel, extrait de levure, arôme naturel, *thym, arôme naturel de poivre. *100% des ingrédients d'origine agricole ont été obtenus selon les règles de la production biologique. || Après ouverture, à conserver au réfrigérateur et à consommer rapidement. || 
6,00€ / L || 
3,00 € || 
Sauce soja gratin || La brique de 20cl || Origine : FRANCE || Cette délicieuse sauce est facile à digérer et convient particulièrement aux personnes intolérantes aux lactose. Elle apportera de l'onctuosité et relèvera subtilement vos plats. || Bien agiter avant utilisation. Cette sauce est un atout indispensable pour réussir vos gratins, pâtes, pommes de terre et légumes. || *Tonyu (eau, *fèves de soja 7,6%), *farine de blé, *huiles végétales non hydrogénées (*palme et *tournesol), *amidon de blé, émulsifiant : lécithine de *tournesol, sel, *noix de muscade, épaississants : gomme guar, gomme xanthane, arômes naturel. *100% des ingrédients d'origine agricole ont été obtenus selon les règles de la production biologique. || Valeur énergétique en Joules :  433 || Valeur énergétique en Kcal : 104 || Glucides : 8.7 || Lipides : 6 || Protides :3.7 || A conserver au réfrigérateur après ouverture et à consommer rapidement. || 
7,70€ / L || 
1,54 € || 
Sauce soja gratin || La brique de 20cl || Origine : FRANCE || Cette délicieuse sauce est facile à digérer et convient particulièrement aux personnes intolérantes aux lactose. Elle apportera de l'onctuosité et relèvera subtilement vos plats. || Bien agiter avant utilisation. Cette sauce est un atout indispensable pour réussir vos gratins, pâtes, pommes de terre et légumes. || *Tonyu (eau, *fèves de soja 7,6%), *farine de blé, *huiles végétales non hydrogénées (*palme et *tournesol), *amidon de blé, émulsifiant : lécithine de *tournesol, sel, *noix de muscade, épaississants : gomme guar, gomme xanthane, arômes naturel. *100% des ingrédients d'origine agricole ont été obtenus selon les règles de la production biologique. || Valeur énergétique en Joules :  433 || Valeur énergétique en Kcal : 104 || Glucides : 8.7 || Lipides : 6 || Protides :3.7 || A conserver au réfrigérateur après ouverture et à consommer rapidement. || 
7,70€ / L || 
1,54 € || 
Soja Cuisine bio || Lait 3 briquettes, 60cl || Origine : FRANCE || Valeur énergétique en Joules :  785kj || Valeur énergétique en Kcal : 190kcal || Glucides : 3g || Lipides : 18g || Protides :3,5g || 
5,67€ / L || 
3,40 € || 
Soja cuisine bio, préparation culinaire à base de soja stérilisée UHT || La brique de 250ml || Origine : FRANCE || Source d'oméga 3, soja cuisine est facile à digérer et convient particulièrement aux personnes intolérantes au lactose. Il contient 40% de matières grasses en moins qu'une crème classique.Le Soja Cuisine Bjorg est élaboré à partir d'une fève de sojabiologique garantie sans OGM, cultivée en Italie. || Bien agiter avant utilisation. S'utilise comme une crème classique dans vos préparations salées et sucrées (quiche, gratin, sauce, gâteau, dessert etc.). || Tonyu* (eau, *fèves de soja décortiquées (6,5%), *huile de colza, *huile de tournesol, *sirop de blé, émulsifiant : lécithine de soja, stabilisants : gomme de guar et gomme xanthane, sel marin, arômes naturels, antioxydant : extrait riche en tocophérols. *96% des ingrédients d'origine agricole ont été obtenus selon les règles de la production biologique. Soja italien sans OGM. || Valeur énergétique en Joules :  750Kj || Valeur énergétique en Kcal : 179,4Kc || Glucides : 4.5g || Lipides : 17.7g || Protides :3.2g || A conserver au frais après ouverture et à consommer rapidement. || 
5,08€ / L || 
1,27 € || 
Soja cuisine bio, préparation culinaire à base de soja stérilisée UHT || La brique de 250ml || Origine : FRANCE || Source d'oméga 3, soja cuisine est facile à digérer et convient particulièrement aux personnes intolérantes au lactose. Il contient 40% de matières grasses en moins qu'une crème classique.Le Soja Cuisine Bjorg est élaboré à partir d'une fève de sojabiologique garantie sans OGM, cultivée en Italie. || Bien agiter avant utilisation. S'utilise comme une crème classique dans vos préparations salées et sucrées (quiche, gratin, sauce, gâteau, dessert etc.). || Tonyu* (eau, *fèves de soja décortiquées (6,5%), *huile de colza, *huile de tournesol, *sirop de blé, émulsifiant : lécithine de soja, stabilisants : gomme de guar et gomme xanthane, sel marin, arômes naturels, antioxydant : extrait riche en tocophérols. *96% des ingrédients d'origine agricole ont été obtenus selon les règles de la production biologique. Soja italien sans OGM. || Valeur énergétique en Joules :  750Kj || Valeur énergétique en Kcal : 179,4Kc || Glucides : 4.5g || Lipides : 17.7g || Protides :3.2g || A conserver au frais après ouverture et à consommer rapidement. || 
5,08€ / L || 
1,27 € || 
Pulpe de tomates bio || Le lot de 2 boîtes de 400g || Origine : FRANCE || De belles tomates de plein champ, pelées à cru, épépinées, coupées en morceaux puis mises en boite dans leur jus onctueux. || Prêt à être cuisiner. Il n'est pas nécessaire de l'égoutter. Idéal pour préparer selon vos envies toutes vos sauces et plats à base de tomates. || Tomates entières pelées*, jus de tomates*, correcteur d'acidité : acide citrique. *ingrédients biologiques. || Valeur énergétique en Joules :  73kj || Valeur énergétique en Kcal : 17kcal || Glucides : 3,0g || Lipides : 0,1g || Protides :1,1g || 
3,50€ / Kg || 
2,80 € || 
Pulpe de tomates bio || Le lot de 2 boîtes de 400g || Origine : FRANCE || De belles tomates de plein champ, pelées à cru, épépinées, coupées en morceaux puis mises en boite dans leur jus onctueux. || Prêt à être cuisiner. Il n'est pas nécessaire de l'égoutter. Idéal pour préparer selon vos envies toutes vos sauces et plats à base de tomates. || Tomates entières pelées*, jus de tomates*, correcteur d'acidité : acide citrique. *ingrédients biologiques. || Valeur énergétique en Joules :  73kj || Valeur énergétique en Kcal : 17kcal || Glucides : 3,0g || Lipides : 0,1g || Protides :1,1g || 
3,50€ / Kg || 
2,80 € || 
Tomato ketchup, certifié AB || Le flacon de 580g || Origine : FRANCE || Fabriqué selon la recette originale, avec des tomates gorgées de soleil toutes issues de l'agriculture biologique, le Tomato Ketchup Bio Heinz vous offre un goût inimitable. || Tomates (132g pour 100g de ketchup), vinaigre, sucre, sel, extrait d'épices et de plantes aromatiques (contient du céleri), épice. Sans colorant artificiel. Sans arôme artificiel. Sans conservateur. Sans épaississant ajouté. Sans colorant artificiel.Sans arôme artificiel Sans conservateur. Sans épaississant ajouté. || Valeur énergétique en Joules :  536Kj || Valeur énergétique en Kcal : 126Kc || Glucides : 28.9g || Lipides : 0.2g || Protides :1.5g || A conserver au frais après ouverture. || 
5,12€ / Kg || 
2,97 € || 
Tomato ketchup, certifié AB || Le flacon de 580g || Origine : FRANCE || Fabriqué selon la recette originale, avec des tomates gorgées de soleil toutes issues de l'agriculture biologique, le Tomato Ketchup Bio Heinz vous offre un goût inimitable. || Tomates (132g pour 100g de ketchup), vinaigre, sucre, sel, extrait d'épices et de plantes aromatiques (contient du céleri), épice. Sans colorant artificiel. Sans arôme artificiel. Sans conservateur. Sans épaississant ajouté. Sans colorant artificiel.Sans arôme artificiel Sans conservateur. Sans épaississant ajouté. || Valeur énergétique en Joules :  536Kj || Valeur énergétique en Kcal : 126Kc || Glucides : 28.9g || Lipides : 0.2g || Protides :1.5g || A conserver au frais après ouverture. || 
5,12€ / Kg || 
2,97 € || 
Bouillon cube légumes, dégraissé || Le paquet de 10 cubes, 90g || Origine : FRANCE || Pratique et savoureux, le bouillon cube légumes de Jardin Bio' est sans huile de palme et il est aussi très pauvre en matières grasses. Cette recette vous permettra de parfumer vos soupes, céréales et plats cuisinés en un tour de main. || 10 cubes de 9 g = 5 litres de bouillon. Dissoudre un cube dans un demi-litre d'eau bouillante pour parfumer vos plats cuisinés, vos pâtes ou vos sauces. Ce cube permet aussi de réaliser une base pour vos soupes. Inutile de saler. || Sel marin, maltodextrine*, amidon*, sirop de glucose*, légumes* 11% (oignons*, carottes*, poireaux*, tomates*, poivrons rouges*, céleri), extrait de levure, épices*, fines herbes* (céleri), sucre caramélisé*, huile d'olive*. *Produits issus de l'agriculture biologique. || Valeur énergétique en Joules :  876kj || Valeur énergétique en Kcal : 207kcal || Glucides : 44,5g || Lipides : 0,9g || Protides :3,6g || A conserver à l'abri de l'humidité et de la chaleur. || 
28,67€ / Kg || 
2,58 € || 
Bouillon cube légumes, dégraissé || Le paquet de 10 cubes, 90g || Origine : FRANCE || Pratique et savoureux, le bouillon cube légumes de Jardin Bio' est sans huile de palme et il est aussi très pauvre en matières grasses. Cette recette vous permettra de parfumer vos soupes, céréales et plats cuisinés en un tour de main. || 10 cubes de 9 g = 5 litres de bouillon. Dissoudre un cube dans un demi-litre d'eau bouillante pour parfumer vos plats cuisinés, vos pâtes ou vos sauces. Ce cube permet aussi de réaliser une base pour vos soupes. Inutile de saler. || Sel marin, maltodextrine*, amidon*, sirop de glucose*, légumes* 11% (oignons*, carottes*, poireaux*, tomates*, poivrons rouges*, céleri), extrait de levure, épices*, fines herbes* (céleri), sucre caramélisé*, huile d'olive*. *Produits issus de l'agriculture biologique. || Valeur énergétique en Joules :  876kj || Valeur énergétique en Kcal : 207kcal || Glucides : 44,5g || Lipides : 0,9g || Protides :3,6g || A conserver à l'abri de l'humidité et de la chaleur. || 
28,67€ / Kg || 
2,58 € || 
Bouillon cube poule || Le paquet de 8 cubes, 80g || Origine : FRANCE || Pratique et savoureux, le bouillon cube poule et fines herbes de Jardin Bio' est sans huile de palme. Il vous permettra de parfumer vos soupes, risottos, céréales et plats cuisinés en un tour de main. || 8 cubes de 10 g = 4 litres de bouillon. Dissoudre un cube dans un demi-litre d'eau bouillante pour parfumer vos plats cuisinés, vos pâtes ou vos sauces, vous pouvez aussi utiliser comme base pour vos soupes. Inutile de saler. || Sel marin, beurre de karité*, amidon de maïs, sucre de canne brut*, viande de poule en poudre* 4,2%, extrait de levure, graisse de poule* 1%, céleri*, oignon*, épices*, fines herbes*, ail*, arôme naturel de vinaigre de vin blanc, arômes naturels (oeufs). *Produits issus de l'agriculture biologique. || Valeur énergétique en Joules :  1286kj || Valeur énergétique en Kcal : 309kcal || Glucides : 26,2g || Lipides : 20,1g || Protides :5,2g || A conserver à l'abri de l'humidité et de la chaleur. || 
30,50€ / Kg || 
2,44 € || 
Bouillon cube poule || Le paquet de 8 cubes, 80g || Origine : FRANCE || Pratique et savoureux, le bouillon cube poule et fines herbes de Jardin Bio' est sans huile de palme. Il vous permettra de parfumer vos soupes, risottos, céréales et plats cuisinés en un tour de main. || 8 cubes de 10 g = 4 litres de bouillon. Dissoudre un cube dans un demi-litre d'eau bouillante pour parfumer vos plats cuisinés, vos pâtes ou vos sauces, vous pouvez aussi utiliser comme base pour vos soupes. Inutile de saler. || Sel marin, beurre de karité*, amidon de maïs, sucre de canne brut*, viande de poule en poudre* 4,2%, extrait de levure, graisse de poule* 1%, céleri*, oignon*, épices*, fines herbes*, ail*, arôme naturel de vinaigre de vin blanc, arômes naturels (oeufs). *Produits issus de l'agriculture biologique. || Valeur énergétique en Joules :  1286kj || Valeur énergétique en Kcal : 309kcal || Glucides : 26,2g || Lipides : 20,1g || Protides :5,2g || A conserver à l'abri de l'humidité et de la chaleur. || 
30,50€ / Kg || 
2,44 € || 
Coulis de tomate bio || La brique de 500g || Origine : FRANCE || 
4,54€ / Kg || 
2,27 € || 
Coulis de tomate bio || La brique de 500g || Origine : FRANCE || 
4,54€ / Kg || 
2,27 € || 
Pulpe de tomate || La boite de 500g || Origine : FRANCE || Jardin Bio' a mis au point cette spécialité culinaire à base de pulpe de tomate fraîche pour réaliser vos plats cuisinés, pizza, et sauces tomate très facilement. || Pulpe de tomate issue de l'agriculture biologique. || Valeur énergétique en Joules :  120kj || Valeur énergétique en Kcal : 29kcal || Glucides : 5,1g || Protides :1,2g || Après ouverture, conserver au frais et consommer dans les 3 jours. || 
5,86€ / Kg || 
2,93 € || 
Pulpe de tomate || La boite de 500g || Origine : FRANCE || Jardin Bio' a mis au point cette spécialité culinaire à base de pulpe de tomate fraîche pour réaliser vos plats cuisinés, pizza, et sauces tomate très facilement. || Pulpe de tomate issue de l'agriculture biologique. || Valeur énergétique en Joules :  120kj || Valeur énergétique en Kcal : 29kcal || Glucides : 5,1g || Protides :1,2g || Après ouverture, conserver au frais et consommer dans les 3 jours. || 
5,86€ / Kg || 
2,93 € || 
Sauce tomate provençale aux fines herbes bio, pauvre en matière grasse || Le pot de 200g || Origine : FRANCE || Les légumes du jardin Biologique sont cultivés selon les exigences de l'agriculture biologique. Soigneusement sélectionnés pour leurs qualités gustatives et récoltés à maturité, ils sont délicatement cuisinés afin de préserver leurs saveurs authentiques. || La sauce tomate à la Provençale est idéale pour accompagner les pâtes, les céréales ou les riz du Jardin Biologique. || Purée de tomate* 85%, oignon*, sel marin, huile de tournesol*, ail*, plantes aromatiques* 0.26% (persil*, basilic*, herbes de Provence*, romarin*, origan*, thym*), huile d'olive*. *Produits issus de l'agriculture biologique. || Valeur énergétique en Joules :  198Kj || Valeur énergétique en Kcal : 47Kcal || Glucides : 7,9g || Lipides : 0,88g || Protides :1,91g || A conserver au frais après ouverture. || 
10,20€ / Kg || 
2,04 € || 
Sauce tomate provençale aux fines herbes bio, pauvre en matière grasse || Le pot de 200g || Origine : FRANCE || Les légumes du jardin Biologique sont cultivés selon les exigences de l'agriculture biologique. Soigneusement sélectionnés pour leurs qualités gustatives et récoltés à maturité, ils sont délicatement cuisinés afin de préserver leurs saveurs authentiques. || La sauce tomate à la Provençale est idéale pour accompagner les pâtes, les céréales ou les riz du Jardin Biologique. || Purée de tomate* 85%, oignon*, sel marin, huile de tournesol*, ail*, plantes aromatiques* 0.26% (persil*, basilic*, herbes de Provence*, romarin*, origan*, thym*), huile d'olive*. *Produits issus de l'agriculture biologique. || Valeur énergétique en Joules :  198Kj || Valeur énergétique en Kcal : 47Kcal || Glucides : 7,9g || Lipides : 0,88g || Protides :1,91g || A conserver au frais après ouverture. || 
10,20€ / Kg || 
2,04 € || 
Sauce Tomates basilic || Le bocal de 200g || Origine : FRANCE || LE JARDIN BIOLOGIQUE, LA VITALITÉ NATURELLE. La sauce tomate au basilic du jardin Biologique est préparée avec des légume et des aromates cultivés conformément à la réglementation en vigueur sur le mode de production biologique. || purée de tomate* mi-réduite 71 %, eau, oignon*, sucre de canne*, huile d'olive*, huile de tournesol*, sel marin, basilic* 0,7%? ail*, céleri*, piment* fort *Produits issus de l'agriculture biologique. || Valeur énergétique en Joules :  250Kj || Valeur énergétique en Kcal : 60Kcal || Glucides : 7,9g || Lipides : 2,47g || Protides :1,54g || A CONSERVER AU FRAIS APRES OUVERTURE || 
10,20€ / Kg || 
2,04 € || 
Sauce Tomates basilic || Le bocal de 200g || Origine : FRANCE || LE JARDIN BIOLOGIQUE, LA VITALITÉ NATURELLE. La sauce tomate au basilic du jardin Biologique est préparée avec des légume et des aromates cultivés conformément à la réglementation en vigueur sur le mode de production biologique. || purée de tomate* mi-réduite 71 %, eau, oignon*, sucre de canne*, huile d'olive*, huile de tournesol*, sel marin, basilic* 0,7%? ail*, céleri*, piment* fort *Produits issus de l'agriculture biologique. || Valeur énergétique en Joules :  250Kj || Valeur énergétique en Kcal : 60Kcal || Glucides : 7,9g || Lipides : 2,47g || Protides :1,54g || A CONSERVER AU FRAIS APRES OUVERTURE || 
10,20€ / Kg || 
2,04 € || 
Soja spécial cuisine || La brick de 25cl || Origine : FRANCE || Facile à utiliser, elle contient 40% de matières grasses en moins qu'une crème entière de lait. || Convient aux végétariens. Agiter avant ouverture. Idéale pour la préparation de tous vos plats cuisinés et desserts, en substitution de la crème classique. || Eau, huile de tournesol*, fèves de soja* décortiquées (6%), sirop de blé*, émulsifiant : lécithine de soja, stabilisants : gomme xanthane, gomme guar et carraghénanes, sel marin, arôme naturel, antioxydant : extrait de tocophérols. *Produits issus del'agriculture biologique. Cette spécialité culinaire d'origine 100% végétale*** est naturellement exempte de lactose. ***hors eau et sel. || Valeur énergétique en Joules :  784kj || Valeur énergétique en Kcal : 190kcal || Glucides : 3,8g || Lipides : 17,9g || Protides :3,1g || Après ouverture, conserver au frais et consommer dans les 3 jours. || 
5,84€ / L || 
1,46 € || 
Soja spécial cuisine || La brick de 25cl || Origine : FRANCE || Facile à utiliser, elle contient 40% de matières grasses en moins qu'une crème entière de lait. || Convient aux végétariens. Agiter avant ouverture. Idéale pour la préparation de tous vos plats cuisinés et desserts, en substitution de la crème classique. || Eau, huile de tournesol*, fèves de soja* décortiquées (6%), sirop de blé*, émulsifiant : lécithine de soja, stabilisants : gomme xanthane, gomme guar et carraghénanes, sel marin, arôme naturel, antioxydant : extrait de tocophérols. *Produits issus del'agriculture biologique. Cette spécialité culinaire d'origine 100% végétale*** est naturellement exempte de lactose. ***hors eau et sel. || Valeur énergétique en Joules :  784kj || Valeur énergétique en Kcal : 190kcal || Glucides : 3,8g || Lipides : 17,9g || Protides :3,1g || Après ouverture, conserver au frais et consommer dans les 3 jours. || 
5,84€ / L || 
1,46 € || 
Douceur de légumes à la crème fraîche || La brique de 1L || Origine : FRANCE || Carotte, céleri, pomme de terre, oignon, brocoli, tomate, chou blanc, poireau, rutabaga : légumes réunis par les chefs Knorr pour vous cuisiner cette délicieuse douceur de légumes bio.Retrouvez tout le savoir faire des chefs Knorr et le bon goût de légumes issus de l'agriculture biologique dans ce velouté crémeux. || A la casserole : secouer la brique avant de l'ouvrir puis verser la soupe dans une casserole. Réchauffer à feu doux sans porter à ébullition et remuer de temps en temps. Au four micro-ondes : verser la soupe dans un récipient adapté puis réchauffer quelques instants. (Attention : ne pas mettre l'emballage dans le four micro-ondes). || Avant ouverture conserver à température ambiante. Après ouverture conserver au frais et consommer dans les 48 heures. || 
2,71€ / L || 
2,71 € || 
Douceur de légumes à la crème fraîche || La brique de 1L || Origine : FRANCE || Carotte, céleri, pomme de terre, oignon, brocoli, tomate, chou blanc, poireau, rutabaga : légumes réunis par les chefs Knorr pour vous cuisiner cette délicieuse douceur de légumes bio.Retrouvez tout le savoir faire des chefs Knorr et le bon goût de légumes issus de l'agriculture biologique dans ce velouté crémeux. || A la casserole : secouer la brique avant de l'ouvrir puis verser la soupe dans une casserole. Réchauffer à feu doux sans porter à ébullition et remuer de temps en temps. Au four micro-ondes : verser la soupe dans un récipient adapté puis réchauffer quelques instants. (Attention : ne pas mettre l'emballage dans le four micro-ondes). || Avant ouverture conserver à température ambiante. Après ouverture conserver au frais et consommer dans les 48 heures. || 
2,71€ / L || 
2,71 € || 
Légumes du potager moulinés bio || La brique de 1l || Origine : FRANCE || Retrouvez tout le savoir-faire des chefs Knorr et le bon goût de légumes issus de l'agriculture biologique dans ce délicieux mélange de légumes du potager finement moulinés. || A la casserole : secouer la brique avant de l'ouvrir puis verser la soupe dans une casserole. Réchauffer à feu doux sans porter à ébullition et remuer de temps en temps. Au four à micro-ondes : verser la soupe dans un récipient adapté puis réchaufferquelques instants. Attention: ne pas mettre l'emballage dans le micro-ondes. || Avant ouverture, conserver à température ambiante. Après ouverture, conserver au frais et consommer dans les 48h. || 
2,74€ / L || 
2,74 € || 
Légumes du potager moulinés bio || La brique de 1l || Origine : FRANCE || Retrouvez tout le savoir-faire des chefs Knorr et le bon goût de légumes issus de l'agriculture biologique dans ce délicieux mélange de légumes du potager finement moulinés. || A la casserole : secouer la brique avant de l'ouvrir puis verser la soupe dans une casserole. Réchauffer à feu doux sans porter à ébullition et remuer de temps en temps. Au four à micro-ondes : verser la soupe dans un récipient adapté puis réchaufferquelques instants. Attention: ne pas mettre l'emballage dans le micro-ondes. || Avant ouverture, conserver à température ambiante. Après ouverture, conserver au frais et consommer dans les 48h. || 
2,74€ / L || 
2,74 € || 
Soupe aux légumes du potager moulinés, certifié AB || La brique de 50cl || Origine : FRANCE || Retrouvez tout le savoir faire des chefs Knorr et le bon goût de légumes issus de l'agriculture biologique dans ce délicieux mélange de légumes du potager finement moulinés. || A la casserole : secouer la brique avant de l'ouvrir puis verser la soupe dans une casserole. Réchauffer à feu doux sans porter à ébullition et remuer de temps en temps. Au four micro-ondes : verser la soupe dans un récipient adapté puis réchauffer quelques instants. Attention: ne pas mettre l'emballage dans le micro-ondes. || Eau, légumes*: 42% (pomme de terre*, carotte*, céleri*, oignon*, brocoli*, haricot vert*, poireau*), crème fraîche*: 0,9%, sel, amidon*, extrait de levure. *ingrédients issus de l'agriculture biologique. Sans conservateur, sans exhausteur de goût etsans colorant artificiel. || Valeur énergétique en Joules :  130kj || Valeur énergétique en Kcal : 30kcal || Glucides : 5g || Lipides : 1g || Protides :1,5g || Avant ouverture: conserver à température ambiante. Après ouverture: conserver au frais et consommer dans les 48h. || 
4,38€ / L || 
2,19 € || 
Soupe aux légumes du potager moulinés, certifié AB || La brique de 50cl || Origine : FRANCE || Retrouvez tout le savoir faire des chefs Knorr et le bon goût de légumes issus de l'agriculture biologique dans ce délicieux mélange de légumes du potager finement moulinés. || A la casserole : secouer la brique avant de l'ouvrir puis verser la soupe dans une casserole. Réchauffer à feu doux sans porter à ébullition et remuer de temps en temps. Au four micro-ondes : verser la soupe dans un récipient adapté puis réchauffer quelques instants. Attention: ne pas mettre l'emballage dans le micro-ondes. || Eau, légumes*: 42% (pomme de terre*, carotte*, céleri*, oignon*, brocoli*, haricot vert*, poireau*), crème fraîche*: 0,9%, sel, amidon*, extrait de levure. *ingrédients issus de l'agriculture biologique. Sans conservateur, sans exhausteur de goût etsans colorant artificiel. || Valeur énergétique en Joules :  130kj || Valeur énergétique en Kcal : 30kcal || Glucides : 5g || Lipides : 1g || Protides :1,5g || Avant ouverture: conserver à température ambiante. Après ouverture: conserver au frais et consommer dans les 48h. || 
4,38€ / L || 
2,19 € || 
Tablettes de bouillon de légumes, certifié AB || La boîte de 66g || Origine : FRANCE || Elaboré à partir d'ingrédients biologiques de qualité, soigneusement sélectionnés, le bouillon de légumes Knorr rehaussera tous vos petits plats de saveurs riches et naturelles. || Délayez 1 tablette pour 500ml d'eau pour la cuisson des pâtes, du riz, des pommes de terre et des légumes ou dans vos soupes maison. Délayez 1 tablette par 1/4 de litre de liquide en début de cuisson pour vos plats en sauces, légumes ou viandes braisées. Inutile de saler. || Sel, extrait de levure (dont orge), matière grasse végétale*, fécule*, sucre*, légumes* : 7% (oignon*, carotte*), épices et aromates* (livèche*, persil*, ail*, curcuma*, noix de muscade*). *Ingrédients issus de l'agriculture biologique. || Valeur énergétique en Joules :  25 kJ || Valeur énergétique en Kcal : 5 kcal || Glucides : 0.6g || Lipides : <0.5g || Protides :<0.5g || A conserver dans un endroit frais et sec. || 
22,58€ / Kg || 
1,49 € || 
Tablettes de bouillon de légumes, certifié AB || La boîte de 66g || Origine : FRANCE || Elaboré à partir d'ingrédients biologiques de qualité, soigneusement sélectionnés, le bouillon de légumes Knorr rehaussera tous vos petits plats de saveurs riches et naturelles. || Délayez 1 tablette pour 500ml d'eau pour la cuisson des pâtes, du riz, des pommes de terre et des légumes ou dans vos soupes maison. Délayez 1 tablette par 1/4 de litre de liquide en début de cuisson pour vos plats en sauces, légumes ou viandes braisées. Inutile de saler. || Sel, extrait de levure (dont orge), matière grasse végétale*, fécule*, sucre*, légumes* : 7% (oignon*, carotte*), épices et aromates* (livèche*, persil*, ail*, curcuma*, noix de muscade*). *Ingrédients issus de l'agriculture biologique. || Valeur énergétique en Joules :  25 kJ || Valeur énergétique en Kcal : 5 kcal || Glucides : 0.6g || Lipides : <0.5g || Protides :<0.5g || A conserver dans un endroit frais et sec. || 
22,58€ / Kg || 
1,49 € || 
Tablettes de bouillon de poule, certifié AB || La boîte de 60g || Origine : FRANCE || Elaboré à partir d'ingrédients biologiques de qualité, soigneusement sélectionnés, le bouillon de poule Knorr rehaussera tous vos petits plats de saveurs riches et naturelles. Tous les ingrédient d'origine agricole (comme les légumes et les plantes aromatiques) de ce bouillon sont issus de l'agriculture biologique, conformément à la réglementation européenne. || Délayez 1 tablette pour 500ml d'eau pour la cuisson des pâtes, du riz, des pommes de terre et des légumes ou dans vos soupes maison. Délayez 1 tablette par 1/4 de litre de liquide en début de cuisson pour vos plats en sauces, légumes ou viandes braisées. Inutile de saler. || Sel, matière grasse végétale*, extrait de levure, maltodextrine*, amidon*, sucre*, viande de poule* : 4%, épices et aromates* (oignon*, curcuma*, persil*, poivre*, romarin*), graisse de poule*, arôme naturel de poule avec autres arômes naturels. *Ingrédients issus de l'agriculture biologique. || Valeur énergétique en Joules :  25 kJ || Valeur énergétique en Kcal : 5 kcal || Glucides : 0.5g || Lipides : <0.5g || Protides :<0.5g || A conserver dans un endroit frais et sec. || 
23,33€ / Kg || 
1,40 € || 
Tablettes de bouillon de poule, certifié AB || La boîte de 60g || Origine : FRANCE || Elaboré à partir d'ingrédients biologiques de qualité, soigneusement sélectionnés, le bouillon de poule Knorr rehaussera tous vos petits plats de saveurs riches et naturelles. Tous les ingrédient d'origine agricole (comme les légumes et les plantes aromatiques) de ce bouillon sont issus de l'agriculture biologique, conformément à la réglementation européenne. || Délayez 1 tablette pour 500ml d'eau pour la cuisson des pâtes, du riz, des pommes de terre et des légumes ou dans vos soupes maison. Délayez 1 tablette par 1/4 de litre de liquide en début de cuisson pour vos plats en sauces, légumes ou viandes braisées. Inutile de saler. || Sel, matière grasse végétale*, extrait de levure, maltodextrine*, amidon*, sucre*, viande de poule* : 4%, épices et aromates* (oignon*, curcuma*, persil*, poivre*, romarin*), graisse de poule*, arôme naturel de poule avec autres arômes naturels. *Ingrédients issus de l'agriculture biologique. || Valeur énergétique en Joules :  25 kJ || Valeur énergétique en Kcal : 5 kcal || Glucides : 0.5g || Lipides : <0.5g || Protides :<0.5g || A conserver dans un endroit frais et sec. || 
23,33€ / Kg || 
1,40 € || 
Soupe, jardinière de légumes, certifiée AB || La brique de 1L || Origine : FRANCE || Il était une fois  l'histoire de la soupe bio Liebig. Liebig sélectionne les meilleurs légumes issus de l'agriculture biologique, cultivés sans pesticide  Philippe, le chef Liebig, concocte avec amour de délicieuses recettes de soupes bio  Liebig lesprépare dans son atelier bio en Provence  pour vous offrir de délicieuses soupes Bio: c'est bon pour l'environnement et surtout pour vos papilles! || A la casserole: réchauffez à feu doux quelques instants. Au micro-ondes: réchauffez quelques instants puis remuez. Ne pas mettre la brique directement dans le micro-ondes. || Eau, légumes* 37% (carotte*, pomme de terre*, oignon*, céleri rave*, chou-fleur*, poireau*), amidon de maïs*, sel, huile d'olive vierge extra*, extrait de levure. *100% des ingrédients d'origine agricole sont issus de l'agriculture biologique. Sans conservateur, sans colorant, sans arôme artificiel. || Valeur énergétique en Joules :  112Kj || Valeur énergétique en Kcal : 26kcal || Glucides : 4,7g || Lipides : 0,5g || Protides :0,7g || Après ouverture, conservez cette soupe au réfrigérateur et consommez-la dans les 48h. || 
3,35€ / L || 
3,35 € || 
Soupe, jardinière de légumes, certifiée AB || La brique de 1L || Origine : FRANCE || Il était une fois  l'histoire de la soupe bio Liebig. Liebig sélectionne les meilleurs légumes issus de l'agriculture biologique, cultivés sans pesticide  Philippe, le chef Liebig, concocte avec amour de délicieuses recettes de soupes bio  Liebig lesprépare dans son atelier bio en Provence  pour vous offrir de délicieuses soupes Bio: c'est bon pour l'environnement et surtout pour vos papilles! || A la casserole: réchauffez à feu doux quelques instants. Au micro-ondes: réchauffez quelques instants puis remuez. Ne pas mettre la brique directement dans le micro-ondes. || Eau, légumes* 37% (carotte*, pomme de terre*, oignon*, céleri rave*, chou-fleur*, poireau*), amidon de maïs*, sel, huile d'olive vierge extra*, extrait de levure. *100% des ingrédients d'origine agricole sont issus de l'agriculture biologique. Sans conservateur, sans colorant, sans arôme artificiel. || Valeur énergétique en Joules :  112Kj || Valeur énergétique en Kcal : 26kcal || Glucides : 4,7g || Lipides : 0,5g || Protides :0,7g || Après ouverture, conservez cette soupe au réfrigérateur et consommez-la dans les 48h. || 
3,35€ / L || 
3,35 € || 
Soupe, légumes à la Provençale, certifiée AB || La brique de 1L || Origine : FRANCE || Il était une fois  l'histoire de la soupe bio Liebig. Liebig sélectionne les meilleurs légumes issus de l'agriculture biologique, cultivés sans pesticide  Philippe, le chef Liebig, concocte avec amour de délicieuses recettes de soupes bio  Liebig lesprépare dans son atelier bio en Provence  pour vous offrir de délicieuses soupes Bio: c'est bon pour l'environnement et surtout pour vos papilles! || A la casserole: réchauffez à feu doux quelques instants. Au micro-ondes: réchauffez quelques instants puis remuez. Ne pas mettre la brique directement dans le micro-ondes. || Légumes* 52% (purée de tomates à base de concentré*, carotte*, céleri rave*, oignon*, poireau*, courgette*), eau, amidon de maïs*, sucre de canne*, huile d'olive vierge extra* (0,6%), sel, extrait de levure, arômes naturels (dont basilic, thym, laurier). *100% des ingrédients d'origine agricole sont issus de l'agriculture biologique. Sans conservateur, sans colorant, sans arôme artificiel. || Valeur énergétique en Joules :  148Kj || Valeur énergétique en Kcal : 35kcal || Glucides : 6,3g || Lipides : 0,8g || Protides :0,7g || Après ouverture, conservez cette soupe au réfrigérateur et consommez-la dans les 48h. || 
3,24€ / L || 
3,24 € || 
Soupe, légumes à la Provençale, certifiée AB || La brique de 1L || Origine : FRANCE || Il était une fois  l'histoire de la soupe bio Liebig. Liebig sélectionne les meilleurs légumes issus de l'agriculture biologique, cultivés sans pesticide  Philippe, le chef Liebig, concocte avec amour de délicieuses recettes de soupes bio  Liebig lesprépare dans son atelier bio en Provence  pour vous offrir de délicieuses soupes Bio: c'est bon pour l'environnement et surtout pour vos papilles! || A la casserole: réchauffez à feu doux quelques instants. Au micro-ondes: réchauffez quelques instants puis remuez. Ne pas mettre la brique directement dans le micro-ondes. || Légumes* 52% (purée de tomates à base de concentré*, carotte*, céleri rave*, oignon*, poireau*, courgette*), eau, amidon de maïs*, sucre de canne*, huile d'olive vierge extra* (0,6%), sel, extrait de levure, arômes naturels (dont basilic, thym, laurier). *100% des ingrédients d'origine agricole sont issus de l'agriculture biologique. Sans conservateur, sans colorant, sans arôme artificiel. || Valeur énergétique en Joules :  148Kj || Valeur énergétique en Kcal : 35kcal || Glucides : 6,3g || Lipides : 0,8g || Protides :0,7g || Après ouverture, conservez cette soupe au réfrigérateur et consommez-la dans les 48h. || 
3,24€ / L || 
3,24 € || 
Purée de tomates bio || La bouteille de 680ml || Origine : FRANCE || Purée de tomate concassée biologique. || 100% tomates fraîches italiennes || A conserver dans un endroit sec et frais de préférence à une température inférieure à +18°C. Une fois entamé, à conserver au réfrigérateur et à consommer rapidement. || 
4,38€ / L || 
2,98 € || 
Purée de tomates bio || La bouteille de 680ml || Origine : FRANCE || Purée de tomate concassée biologique. || 100% tomates fraîches italiennes || A conserver dans un endroit sec et frais de préférence à une température inférieure à +18°C. Une fois entamé, à conserver au réfrigérateur et à consommer rapidement. || 
4,38€ / L || 
2,98 € || 
Tomacouli Bio purée de tomates issues de l'agriculture biologique || La brique de 250g || Origine : FRANCE || Tomacouli bio c'est bon ! Récoltées à pleine maturité, les tomates de Tomacouli bio vous garantissent une saveur irréprochable. Rien que le goût authentique de la tomate ! || A utiliser chaude ou froide, cette purée de tomates bio apportera saveur et originalité à toutes vos recettes. || 100% purée de tomates issues de l'agriculture biologique. Aucun arôme artificiel ni conservateur. || Se conserve 8 jours au réfrigérateur après ouverture. || 
4,72€ / Kg || 
1,18 € || 
Tomacouli Bio purée de tomates issues de l'agriculture biologique || La brique de 250g || Origine : FRANCE || Tomacouli bio c'est bon ! Récoltées à pleine maturité, les tomates de Tomacouli bio vous garantissent une saveur irréprochable. Rien que le goût authentique de la tomate ! || A utiliser chaude ou froide, cette purée de tomates bio apportera saveur et originalité à toutes vos recettes. || 100% purée de tomates issues de l'agriculture biologique. Aucun arôme artificiel ni conservateur. || Se conserve 8 jours au réfrigérateur après ouverture. || 
4,72€ / Kg || 
1,18 € || 
Biscuits à l'épeautre et aux graines de sésame || Le paquet de 150g || Origine : FRANCE || Biscuits au petit épeautre et aux graines de sésame issus de l'agriculture biologique. || Farine de blé* 40%, sucre de canne* 18%, farine de petit épeautre* 17%, matière grasse végétale* (palme), graines de sésame* 13%, poudres à lever : carbonates acides d'ammonium et de sodium, tartrate de potassium, sel marin non raffiné, arôme naturelvanille. *Ingrédients issus de l'agriculture biologique. Traces de lait, d'arachide, de fruits à coque, de soja et d'oeufs. || Valeur énergétique en Joules :  2016Kj || Valeur énergétique en Kcal : 481Kcal || Glucides : 60g || Lipides : 22g || Protides :8,7g || A conserver à l'abri de l'humidité et de la chaleur. || 
11,60€ / Kg || 
1,74 € || 
Biscuits à l'épeautre et aux graines de sésame || Le paquet de 150g || Origine : FRANCE || Biscuits au petit épeautre et aux graines de sésame issus de l'agriculture biologique. || Farine de blé* 40%, sucre de canne* 18%, farine de petit épeautre* 17%, matière grasse végétale* (palme), graines de sésame* 13%, poudres à lever : carbonates acides d'ammonium et de sodium, tartrate de potassium, sel marin non raffiné, arôme naturelvanille. *Ingrédients issus de l'agriculture biologique. Traces de lait, d'arachide, de fruits à coque, de soja et d'oeufs. || Valeur énergétique en Joules :  2016Kj || Valeur énergétique en Kcal : 481Kcal || Glucides : 60g || Lipides : 22g || Protides :8,7g || A conserver à l'abri de l'humidité et de la chaleur. || 
11,60€ / Kg || 
1,74 € || 
Biscuits sablés nappés de chocolat au lait issue de l'agriculture biologique || Le paquet de 165g || Origine : FRANCE || Biscuits sablés nappés de chocolat au lait issus de l'agriculture biologique. || Farine de blé*, chocolat au lait* 25% (sucre*, poudre de lait entier*, beurre de cacao*, pâte de cacao*, extrait de vanille*), sucre roux de canne*, beurre*, huile de colza*, poudre de lait écrémé*, sirop d'orge malté*, noix de coco*, poudres à lever: carbonate acide de sodium, carbonate d'ammonium, sel marin, arôme naturel de vanille, oeufs en poudre*, sucre*. Peut contenir des traces de fruits à coque, de soja, de sésame et d'arachide. *Ingrédients issus de l'agriculture biologique. || Valeur énergétique en Kcal : 489kcal || Glucides : 63g || Lipides : 22g || Protides :8,1g || A conserver à l'abri de la chaleur et de l'humidité. || 
8,67€ / Kg || 
1,43 € || 
Biscuits sablés nappés de chocolat au lait issue de l'agriculture biologique || Le paquet de 165g || Origine : FRANCE || Biscuits sablés nappés de chocolat au lait issus de l'agriculture biologique. || Farine de blé*, chocolat au lait* 25% (sucre*, poudre de lait entier*, beurre de cacao*, pâte de cacao*, extrait de vanille*), sucre roux de canne*, beurre*, huile de colza*, poudre de lait écrémé*, sirop d'orge malté*, noix de coco*, poudres à lever: carbonate acide de sodium, carbonate d'ammonium, sel marin, arôme naturel de vanille, oeufs en poudre*, sucre*. Peut contenir des traces de fruits à coque, de soja, de sésame et d'arachide. *Ingrédients issus de l'agriculture biologique. || Valeur énergétique en Kcal : 489kcal || Glucides : 63g || Lipides : 22g || Protides :8,1g || A conserver à l'abri de la chaleur et de l'humidité. || 
8,67€ / Kg || 
1,43 € || 
Chocolat noir aux noisettes entières || La tablette de 200g || Origine : FRANCE || Chocolat noir aux noisettes entières issu de l'agriculture biologique. || Sucre*, pâte de cacao*, noisettes entières torréfiées* 25%, beurre de cacao*, émulsifiant : lécithine de soja, arôme naturel de vanille. Cacao 55% minimum dans le chocolat. Présence possible de gluten, lait, oeuf et autres fruits à coques. *ingrédients issus de l'agriculture biologique. || Valeur énergétique en Joules :  2527kj || Valeur énergétique en Kcal : 609kcal || Glucides : 36g || Lipides : 46g || Protides :9,3g || Pour préserver toute la saveur de votre chocolat, conservez le dans son étui refermable à l'abri de l'humidité et de la chaleur, de préférence, à une température idéale de 18°C à 20°C. || 
14,70€ / Kg || 
2,94 € || 
Chocolat noir aux noisettes entières || La tablette de 200g || Origine : FRANCE || Chocolat noir aux noisettes entières issu de l'agriculture biologique. || Sucre*, pâte de cacao*, noisettes entières torréfiées* 25%, beurre de cacao*, émulsifiant : lécithine de soja, arôme naturel de vanille. Cacao 55% minimum dans le chocolat. Présence possible de gluten, lait, oeuf et autres fruits à coques. *ingrédients issus de l'agriculture biologique. || Valeur énergétique en Joules :  2527kj || Valeur énergétique en Kcal : 609kcal || Glucides : 36g || Lipides : 46g || Protides :9,3g || Pour préserver toute la saveur de votre chocolat, conservez le dans son étui refermable à l'abri de l'humidité et de la chaleur, de préférence, à une température idéale de 18°C à 20°C. || 
14,70€ / Kg || 
2,94 € || 
Cookies aux pépites de chocolat noir et au cacao maigre issue de l'agriculture biologique || Le paquet de 175g || Origine : FRANCE || Cookies aux pépites de chocolat noir et au cacao maigre issus de l'agriculture biologique. || Farine de blé*, pépites de chocolat noir* 30,5% (pâte de cacao*, sucre*, beurre de cacao*, émulsifiant : lécithine de tournesol, extrait de vanille*), sucre*, beurre*, cacao maigre en poudre* 2,3%, poudre à lever : carbonate d'ammonium, sel marin, arôme naturel de cacao, arôme naturel de vanille, oeuf en poudre*, poudre de lait écrémé*. Traces de fruits à coque, de soja, de sésame et d'arachide. *Ingrédients issus de l'agriculture biologique. || Valeur énergétique en Joules :  2035kj || Valeur énergétique en Kcal : 486kcal || Glucides : 61g || Lipides : 23g || Protides :6,6g || A conserver à l'abri de la chaleur et de l'humidité. || 
8,34€ / Kg || 
1,46 € || 
Cookies aux pépites de chocolat noir et au cacao maigre issue de l'agriculture biologique || Le paquet de 175g || Origine : FRANCE || Cookies aux pépites de chocolat noir et au cacao maigre issus de l'agriculture biologique. || Farine de blé*, pépites de chocolat noir* 30,5% (pâte de cacao*, sucre*, beurre de cacao*, émulsifiant : lécithine de tournesol, extrait de vanille*), sucre*, beurre*, cacao maigre en poudre* 2,3%, poudre à lever : carbonate d'ammonium, sel marin, arôme naturel de cacao, arôme naturel de vanille, oeuf en poudre*, poudre de lait écrémé*. Traces de fruits à coque, de soja, de sésame et d'arachide. *Ingrédients issus de l'agriculture biologique. || Valeur énergétique en Joules :  2035kj || Valeur énergétique en Kcal : 486kcal || Glucides : 61g || Lipides : 23g || Protides :6,6g || A conserver à l'abri de la chaleur et de l'humidité. || 
8,34€ / Kg || 
1,46 € || 
Financiers aux amandes || Le paquet de 150g || Origine : FRANCE || Monoprix a sélectionné pour vous, avec des entreprises partenaires, des produits issus de l'agriculture biologique. || Sucre mi-blanc de canne*, blanc d'oeuf*, poudre d'amande* 14%, farine de blé*, beurre*, huile de palme*, sirop de glucose, fructose de blé*, sel, poudre à lever : carbonate acide d'ammonium, arômes naturels. Présence possible de fruits à coque et desoja. *Ingrédients issus de l'agriculture biologique. || A conserver dans un endroit frais et sec. || 
20,27€ / Kg || 
3,04 € || 
Financiers aux amandes || Le paquet de 150g || Origine : FRANCE || Monoprix a sélectionné pour vous, avec des entreprises partenaires, des produits issus de l'agriculture biologique. || Sucre mi-blanc de canne*, blanc d'oeuf*, poudre d'amande* 14%, farine de blé*, beurre*, huile de palme*, sirop de glucose, fructose de blé*, sel, poudre à lever : carbonate acide d'ammonium, arômes naturels. Présence possible de fruits à coque et desoja. *Ingrédients issus de l'agriculture biologique. || A conserver dans un endroit frais et sec. || 
20,27€ / Kg || 
3,04 € || 
Gaufres au miel et à la farine d'épeautre, certifié AB || Le paquet de 175g || Origine : PAYS-BAS || Sirop de blé* (amidon de blé*, eau), matière grasse végétale de palme*, farine d'épeautre* 14%, farine de blé*, sucre mi-blanc*, sirop d'épeautre* (amidon d'épeautre*, eau), miel* 4%, farine de soja*, son de blé*, poudre à lever: bicarbonate de sodium, émulsifiant: lécithine de soja, sel*, cannelle*. Ingrédients issus de l'agriculture biologique. Présence possible de noisettes, oeufs, lait et sésame. || Valeur énergétique en Joules :  1807Kj || Valeur énergétique en Kcal : 429Kcal || Glucides : 74g || Lipides : 13g || Protides :4g || A conserver au sec et au frais, à l'abri de la lumière. || 
13,89€ / Kg || 
2,43 € || 
Gaufres au miel et à la farine d'épeautre, certifié AB || Le paquet de 175g || Origine : PAYS-BAS || Sirop de blé* (amidon de blé*, eau), matière grasse végétale de palme*, farine d'épeautre* 14%, farine de blé*, sucre mi-blanc*, sirop d'épeautre* (amidon d'épeautre*, eau), miel* 4%, farine de soja*, son de blé*, poudre à lever: bicarbonate de sodium, émulsifiant: lécithine de soja, sel*, cannelle*. Ingrédients issus de l'agriculture biologique. Présence possible de noisettes, oeufs, lait et sésame. || Valeur énergétique en Joules :  1807Kj || Valeur énergétique en Kcal : 429Kcal || Glucides : 74g || Lipides : 13g || Protides :4g || A conserver au sec et au frais, à l'abri de la lumière. || 
13,89€ / Kg || 
2,43 € || 
Goûter fourré au cacao, sachets fraîcheur, certifié AB || Le paquet de 185g || Origine : FRANCE || Biscuits fourrés au cacao maigre issus de l'agriculture biologique. || Farine de blé* 49%, sucre de canne*, matières grasses végétales non hydrogénées* (huile de palme*, huile de coprah*), poudre de cacao maigre* 6%, lait écrémé en poudre*, oeufs entiers, poudres à lever: carbonates acides d'ammonium et de sodium, sel,épaississant: gomme d'acacia. Présence possible d'arachide, de soja et de fruits à coque. *ingrédients issus de l'agriculture biologique. || Valeur énergétique en Joules :  2014Kj || Valeur énergétique en Kcal : 480kcal || Glucides : 67g || Lipides : 19g || Protides :8,6g || A conserver dans un endroit sec et frais. || 
11,24€ / Kg || 
2,08 € || 
Goûter fourré au cacao, sachets fraîcheur, certifié AB || Le paquet de 185g || Origine : FRANCE || Biscuits fourrés au cacao maigre issus de l'agriculture biologique. || Farine de blé* 49%, sucre de canne*, matières grasses végétales non hydrogénées* (huile de palme*, huile de coprah*), poudre de cacao maigre* 6%, lait écrémé en poudre*, oeufs entiers, poudres à lever: carbonates acides d'ammonium et de sodium, sel,épaississant: gomme d'acacia. Présence possible d'arachide, de soja et de fruits à coque. *ingrédients issus de l'agriculture biologique. || Valeur énergétique en Joules :  2014Kj || Valeur énergétique en Kcal : 480kcal || Glucides : 67g || Lipides : 19g || Protides :8,6g || A conserver dans un endroit sec et frais. || 
11,24€ / Kg || 
2,08 € || 
Madeleines natures || Le paquet de 250g || Origine : FRANCE || Elaboré en Bretagne. Aux oeufs frais. || Farine de blé*, beurre* 23%, oeufs frais* 20%, sucre de canne*, sucre inverti*, sirop de glucose*, poudres à lever: carbonate acide de sodium, tartrate monopotassique, sel de mer, arômes naturels. *ingrédients issus de l'agriculture biologique. || A conserver dans un endroit frais et sec. || 
14,36€ / Kg || 
3,59 € || 
Madeleines natures || Le paquet de 250g || Origine : FRANCE || Elaboré en Bretagne. Aux oeufs frais. || Farine de blé*, beurre* 23%, oeufs frais* 20%, sucre de canne*, sucre inverti*, sirop de glucose*, poudres à lever: carbonate acide de sodium, tartrate monopotassique, sel de mer, arômes naturels. *ingrédients issus de l'agriculture biologique. || A conserver dans un endroit frais et sec. || 
14,36€ / Kg || 
3,59 € || 
Mini biscuits au chocolat au lait, certifié AB || Le paquet de 160g || Origine : FRANCE || Monoprix a sélectionné pour vous, avec des entreprises partenaires, des produits issus de l'agriculture biologique. Leurs modes de production et de transformation sont contrôlés et certifiés par un organisme indépendant, conformément à la législationen vigueur.Les producteurs emploient des fertilisants respectueux de l'environnement et pratiquent la rotation des cultures afin de garder des sols vivants et une fertilité durable. || Farines de blé* 48%, chocolat au lait* 25% (sucre*, beurre de cacao*, poudre de lait entier*, pâte de cacao*), sucre de canne roux* 17%, huile de palme*, oeufs entiers*, sel, poudre à lever : carbonate acide d'ammonium. *Ingrédients issus de l'agriculture biologique. Présence possible d'arachide, de soja et de fruits à coque. || Valeur énergétique en Joules :  2071Kj || Valeur énergétique en Kcal : 494kcal || Glucides : 66g || Lipides : 22g || Protides :6,9g || A conserver à l'abri de la chaleur et de l'humidité. || 
13,00€ / Kg || 
2,08 € || 
Mini biscuits au chocolat au lait, certifié AB || Le paquet de 160g || Origine : FRANCE || Monoprix a sélectionné pour vous, avec des entreprises partenaires, des produits issus de l'agriculture biologique. Leurs modes de production et de transformation sont contrôlés et certifiés par un organisme indépendant, conformément à la législationen vigueur.Les producteurs emploient des fertilisants respectueux de l'environnement et pratiquent la rotation des cultures afin de garder des sols vivants et une fertilité durable. || Farines de blé* 48%, chocolat au lait* 25% (sucre*, beurre de cacao*, poudre de lait entier*, pâte de cacao*), sucre de canne roux* 17%, huile de palme*, oeufs entiers*, sel, poudre à lever : carbonate acide d'ammonium. *Ingrédients issus de l'agriculture biologique. Présence possible d'arachide, de soja et de fruits à coque. || Valeur énergétique en Joules :  2071Kj || Valeur énergétique en Kcal : 494kcal || Glucides : 66g || Lipides : 22g || Protides :6,9g || A conserver à l'abri de la chaleur et de l'humidité. || 
13,00€ / Kg || 
2,08 € || 
Pain d'épices au miel tranché || Le sachet de 300g || Origine : FRANCE || Sirop de sucre de canne inverti*-farine de seigle*35%-oeufs entiers*-miel*     5,8%-épices*0,5%(cannelle*,anis*)-poudre à lever:carbonate acide de sodium-    sel marin.                                                                     *ingrédientsissus de l'agriculture biologique || Valeur énergétique en Joules :  1298kj || Valeur énergétique en Kcal : 307kcal || Glucides : 64g || Lipides : 1,9g || Protides :4,9g || 
9,33€ / Kg || 
2,80 € || 
Pain d'épices au miel tranché || Le sachet de 300g || Origine : FRANCE || Sirop de sucre de canne inverti*-farine de seigle*35%-oeufs entiers*-miel*     5,8%-épices*0,5%(cannelle*,anis*)-poudre à lever:carbonate acide de sodium-    sel marin.                                                                     *ingrédientsissus de l'agriculture biologique || Valeur énergétique en Joules :  1298kj || Valeur énergétique en Kcal : 307kcal || Glucides : 64g || Lipides : 1,9g || Protides :4,9g || 
9,33€ / Kg || 
2,80 € || 
Petit beurre 5 céréales, certifié AB, sachets fraîcheur || Le paquet de 150g || Origine : FRANCE || Monoprix a sélectionné pour vous, avec des entreprises partenaires, des produits issus de l'agriculture biologique. Leurs modes de production et de transformation sont contrôlés et certifiés par un organisme indépendant, conformément à la législationen vigueur. || Céréales* 71% (farine complète de blé* (farine de blé*, son de blé*, germe de blé*), flocons d'avoine*, flocons de blé*, flocons d'orge*, flocons de seigle*, flocons de riz*), sucre glace roux de canne* (sucre de canne*, anti-agglomérant : fécule depomme de terre*), beurre* 16%, oeufs*, lait écrémé en poudre*, poudres à lever : carbonates acides d'ammonium et de sodium, acide citrique, sel de Guérande, arôme naturel. *ingrédients issus de l'agriculture biologique. Présence possible d'arachide,soja, fruits à coque, sésame. || Valeur énergétique en Joules :  1867Kj || Valeur énergétique en Kcal : 444kcal || Glucides : 66g || Lipides : 16g || Protides :9g || Pour préserver tout le croustillant de ces biscuits, conservez-les à l'abri de l'humidité et de la chaleur. || 
12,53€ / Kg || 
1,88 € || 
Petit beurre 5 céréales, certifié AB, sachets fraîcheur || Le paquet de 150g || Origine : FRANCE || Monoprix a sélectionné pour vous, avec des entreprises partenaires, des produits issus de l'agriculture biologique. Leurs modes de production et de transformation sont contrôlés et certifiés par un organisme indépendant, conformément à la législationen vigueur. || Céréales* 71% (farine complète de blé* (farine de blé*, son de blé*, germe de blé*), flocons d'avoine*, flocons de blé*, flocons d'orge*, flocons de seigle*, flocons de riz*), sucre glace roux de canne* (sucre de canne*, anti-agglomérant : fécule depomme de terre*), beurre* 16%, oeufs*, lait écrémé en poudre*, poudres à lever : carbonates acides d'ammonium et de sodium, acide citrique, sel de Guérande, arôme naturel. *ingrédients issus de l'agriculture biologique. Présence possible d'arachide,soja, fruits à coque, sésame. || Valeur énergétique en Joules :  1867Kj || Valeur énergétique en Kcal : 444kcal || Glucides : 66g || Lipides : 16g || Protides :9g || Pour préserver tout le croustillant de ces biscuits, conservez-les à l'abri de l'humidité et de la chaleur. || 
12,53€ / Kg || 
1,88 € || 
Petit beurre avec tablette de chocolat noir, certifié AB || Le paquet de 150g || Origine : FRANCE || Monoprix a sélectionné pour vous, avec des entreprises partenaires, des produits issus de l'agriculture biologique. Leurs modes de production et de transformation sont contrôlés et certifiés par un organisme indépendant conformément à la réglementation en vigueur. Les producteurs emploient des fertilisants respectueux de l'environnement et pratiquent la rotation des cultures afin de garder des sols vivants et une fertilité durable. Agissons pour demain tous les jours. || Chocolat noir* 48% (sucre de canne*, pâte de cacao*, beurre de cacao* 8%, lait entier en poudre*, arôme naturel vanille), farine de blé* 36%, sucre de canne*, beurre* 9%, lait écrémé en poudre*, poudres à lever : carbonate acide d'amonium et de sodium, acide tartrique, sel marin, arôme naturel. *Ingrédients issus de l'agriculture biologique. Traces d'arachide, d'oeuf, de soja, de fruits à coque et de sésame. || Valeur énergétique en Joules :  2090Kj || Valeur énergétique en Kcal : 499Kc || Glucides : 61g || Lipides : 25g || Protides :7.5g || Pour préserver tout le croustillant de ces biscuits, conservez-les à l'abri de l'humidité et de la chaleur. || 
13,87€ / Kg || 
2,08 € || 
Petit beurre avec tablette de chocolat noir, certifié AB || Le paquet de 150g || Origine : FRANCE || Monoprix a sélectionné pour vous, avec des entreprises partenaires, des produits issus de l'agriculture biologique. Leurs modes de production et de transformation sont contrôlés et certifiés par un organisme indépendant conformément à la réglementation en vigueur. Les producteurs emploient des fertilisants respectueux de l'environnement et pratiquent la rotation des cultures afin de garder des sols vivants et une fertilité durable. Agissons pour demain tous les jours. || Chocolat noir* 48% (sucre de canne*, pâte de cacao*, beurre de cacao* 8%, lait entier en poudre*, arôme naturel vanille), farine de blé* 36%, sucre de canne*, beurre* 9%, lait écrémé en poudre*, poudres à lever : carbonate acide d'amonium et de sodium, acide tartrique, sel marin, arôme naturel. *Ingrédients issus de l'agriculture biologique. Traces d'arachide, d'oeuf, de soja, de fruits à coque et de sésame. || Valeur énergétique en Joules :  2090Kj || Valeur énergétique en Kcal : 499Kc || Glucides : 61g || Lipides : 25g || Protides :7.5g || Pour préserver tout le croustillant de ces biscuits, conservez-les à l'abri de l'humidité et de la chaleur. || 
13,87€ / Kg || 
2,08 € || 
Maxi coockies choco cacao || Le paquet de 185g || Origine : FRANCE || 
18,32€ / Kg || 
3,39 € || 
Maxi coockies choco noisettes || Le paquet de 185g || Origine : FRANCE || 
18,32€ / Kg || 
3,39 € || 
Muffins bio au seigle || Le paquet de 4, 260g || Origine : FRANCE || Valeur énergétique en Kcal : 135kcal || Glucides : 30,3g || Lipides : 0,7g || Protides :4,4g || 
8,27€ / Kg || 
2,15 € || 
Muffins bio au seigle || Le paquet de 4, 260g || Origine : FRANCE || Valeur énergétique en Kcal : 135kcal || Glucides : 30,3g || Lipides : 0,7g || Protides :4,4g || 
8,27€ / Kg || 
2,15 € || 
Chocolat aux éclats de menthe || La tablette de 100 g || Origine : FRANCE || Ses cristaux croquants de menthe s'accordent parfaitement au caractère et à l'intensité des fèves de cacao de la coopérative Acopagro.Pour obtenir cette intensité, la culture du cacao demande beaucoup de patience  et beaucoup de fraîcheur. || Pâte de cacao* (Pérou), sucre de canne* (Paraguay), beurre de cacao* (Rép. Dominicaine), cristaux de menthe (sucre de canne* (Paraguay), essence naturelle de menthe poivrée) : 10%, extrait naturel de vanille* (Madagascar). Cacao : 60% minimum. Peut contenir du lait, noisettes et amandes. 100% des ingrédients agricoles issus de l'agriculture biologique. *Ingrédients issus du commerce équitable (99,9% du volume total). Sans arôme artificiel, sans lécithine de soja, sans utilisation de Pesticide niOGM. Chocolat fabriqué en Suisse. || A conserver dans un endroit frais (16-18°C) et sec. || 
26,80€ / Kg || 
2,68 € || 
Chocolat aux éclats de menthe || La tablette de 100 g || Origine : FRANCE || Ses cristaux croquants de menthe s'accordent parfaitement au caractère et à l'intensité des fèves de cacao de la coopérative Acopagro.Pour obtenir cette intensité, la culture du cacao demande beaucoup de patience  et beaucoup de fraîcheur. || Pâte de cacao* (Pérou), sucre de canne* (Paraguay), beurre de cacao* (Rép. Dominicaine), cristaux de menthe (sucre de canne* (Paraguay), essence naturelle de menthe poivrée) : 10%, extrait naturel de vanille* (Madagascar). Cacao : 60% minimum. Peut contenir du lait, noisettes et amandes. 100% des ingrédients agricoles issus de l'agriculture biologique. *Ingrédients issus du commerce équitable (99,9% du volume total). Sans arôme artificiel, sans lécithine de soja, sans utilisation de Pesticide niOGM. Chocolat fabriqué en Suisse. || A conserver dans un endroit frais (16-18°C) et sec. || 
26,80€ / Kg || 
2,68 € || 
Amandes et flocons d'Avoine || La boite de 125g || Origine : FRANCE || Pour être au plus près de la Nature et en restituer les bienfaits, notre biscuit aux Amandes et Flocons d'Avoine a été réalisé avec les conseils d'un naturopathe. Nous avons ainsi sélectionné les ingrédients les moins transformés, pour que leur arômeet leur richesse nutritionnelle soient les plus intacts possible, et nous les avons associés selon leur complémentarité : de l'avoine : source de magnésium et de phosphore, des amandes : source de vitamine E, de la farine de blé intégrale : qui conserve l'enveloppe protectrice du grain et ses précieux éléments nutritifs comme les fibres, les vitamines et les sels minéraux, du sucre de canne non raffiné, aucun arôme ajouté pour préserver une saveur authentique. || *Farine de blé intégrale T150 (29,5%), *sucre de canne brut non raffiné (22%), *farine d'avoine (19,5%), *flocons d'avoine (9,5%), *matières grasses (*beurre, *huile de tournesol), *amandes (5,5%), *amidon de blé, poudres à lever : carbonate d'ammonium, carbonate acide de sodium, sel marin non raffiné. *100% des ingrédients d'origine agricole ont été obtenus selon les règles de la production biologique. || Valeur énergétique en Joules :  2029kj || Valeur énergétique en Kcal : 484kcal || Glucides : 63g || Lipides : 21g || Protides :9g || A conserver dans un endroit frais et sec. || 
19,28€ / Kg || 
2,41 € || 
Amandes et flocons d'Avoine || La boite de 125g || Origine : FRANCE || Pour être au plus près de la Nature et en restituer les bienfaits, notre biscuit aux Amandes et Flocons d'Avoine a été réalisé avec les conseils d'un naturopathe. Nous avons ainsi sélectionné les ingrédients les moins transformés, pour que leur arômeet leur richesse nutritionnelle soient les plus intacts possible, et nous les avons associés selon leur complémentarité : de l'avoine : source de magnésium et de phosphore, des amandes : source de vitamine E, de la farine de blé intégrale : qui conserve l'enveloppe protectrice du grain et ses précieux éléments nutritifs comme les fibres, les vitamines et les sels minéraux, du sucre de canne non raffiné, aucun arôme ajouté pour préserver une saveur authentique. || *Farine de blé intégrale T150 (29,5%), *sucre de canne brut non raffiné (22%), *farine d'avoine (19,5%), *flocons d'avoine (9,5%), *matières grasses (*beurre, *huile de tournesol), *amandes (5,5%), *amidon de blé, poudres à lever : carbonate d'ammonium, carbonate acide de sodium, sel marin non raffiné. *100% des ingrédients d'origine agricole ont été obtenus selon les règles de la production biologique. || Valeur énergétique en Joules :  2029kj || Valeur énergétique en Kcal : 484kcal || Glucides : 63g || Lipides : 21g || Protides :9g || A conserver dans un endroit frais et sec. || 
19,28€ / Kg || 
2,41 € || 
Biscuits à la farine de sarrasin et graines de lin, certifié AB || Le paquet de 125g || Origine : FRANCE || Pour être au plus près de la Nature et en restituer les bienfaits, notre biscuit au Sarrasin et aux Graines de Lin a été réalisé avec les conseils d'un naturopathe.Nous avons ainsi sélectionné les ingrédients les moins transformés, pour que leur arôme et leur richesse nutritionnelle soient les plus intacts possible, et nous les avons associés selon leur complémentarité : de la farine de sarrasin, une céréale au goût original, autrefois très courante dans l'alimentation et connue en particulier pour sa teneur en magnésium et en phosphore, des graines de lin, légèrement croquantes et riches en fibres de la farine de blé intégrale, qui conserve l'enveloppe protectrice du grain et ses précieux éléments nutritifs : fibres, vitamines et sels minéraux, du sucre de canne brut non raffiné, aucun arôme ajouté pour préserver une saveur authentique. || Farine de blé intégrale T150* (37.5%), sucre de canne brut non raffiné* (21%), farine de sarrasin* (18.5%), beurre*, huile de tournesol*, graines de sarrasin* (5%), graines de lin* (5%), amidon de blé*, poudres à lever : carbonate d'ammonium, carbonate acide de sodium, sel marin non raffiné. *100% des ingrédients d'origine agricole ont été obtenus selon les règles de la production biologique. || Valeur énergétique en Joules :  1930Kj || Valeur énergétique en Kcal : 460Kcal || Glucides : 61g || Lipides : 20g || Protides :9g || A conserver dans un endroit frais et sec. || 
18,48€ / Kg || 
2,31 € || 
Biscuits à la farine de sarrasin et graines de lin, certifié AB || Le paquet de 125g || Origine : FRANCE || Pour être au plus près de la Nature et en restituer les bienfaits, notre biscuit au Sarrasin et aux Graines de Lin a été réalisé avec les conseils d'un naturopathe.Nous avons ainsi sélectionné les ingrédients les moins transformés, pour que leur arôme et leur richesse nutritionnelle soient les plus intacts possible, et nous les avons associés selon leur complémentarité : de la farine de sarrasin, une céréale au goût original, autrefois très courante dans l'alimentation et connue en particulier pour sa teneur en magnésium et en phosphore, des graines de lin, légèrement croquantes et riches en fibres de la farine de blé intégrale, qui conserve l'enveloppe protectrice du grain et ses précieux éléments nutritifs : fibres, vitamines et sels minéraux, du sucre de canne brut non raffiné, aucun arôme ajouté pour préserver une saveur authentique. || Farine de blé intégrale T150* (37.5%), sucre de canne brut non raffiné* (21%), farine de sarrasin* (18.5%), beurre*, huile de tournesol*, graines de sarrasin* (5%), graines de lin* (5%), amidon de blé*, poudres à lever : carbonate d'ammonium, carbonate acide de sodium, sel marin non raffiné. *100% des ingrédients d'origine agricole ont été obtenus selon les règles de la production biologique. || Valeur énergétique en Joules :  1930Kj || Valeur énergétique en Kcal : 460Kcal || Glucides : 61g || Lipides : 20g || Protides :9g || A conserver dans un endroit frais et sec. || 
18,48€ / Kg || 
2,31 € || 
Biscuits aux céréales et raisins, certifié AB || Le paquet de 218g || Origine : PAYS-BAS || Nos biscuits Céréales & Fruits Raisons Bjorg sont issus de l'agriculture biologique. Aux céréales complètes et riches en fruits, ils sont naturellement source de fibres.5 sachets fraîcheur de 3 biscuits. Avec 56 kcal par biscuit et une teneur réduiteen matière grasse, ils concilient plaisir et bienfaits nutritionnels. || *farine de blé complet 23%, *farine de blé, *raisins secs 20%, *raisins de Corinthe 13%, *sucre de canne non raffiné, *huiles végétale non hydrogénées (*huile de palme, *huile de colza), *lait entier en poudre, sel, poudres à lever : carbonates acided'ammonium et de sodium. *100% des ingrédients d'origine agricole ont été obtenus selon les règles de la production biologique. Huile de palme durable provenant de plantations certifiées Agriculture biologique, respectueuses de la forêt (pas de déforestation) et de la biodiversité. || Valeur énergétique en Joules :  1635kj || Valeur énergétique en Kcal : 388kcal || Glucides : 71,6g || Lipides : 7,2g || Protides :6,1g || A conserver dans un endroit frais et sec. || 
17,75€ / Kg || 
3,87 € || 
Biscuits aux céréales et raisins, certifié AB || Le paquet de 218g || Origine : PAYS-BAS || Nos biscuits Céréales & Fruits Raisons Bjorg sont issus de l'agriculture biologique. Aux céréales complètes et riches en fruits, ils sont naturellement source de fibres.5 sachets fraîcheur de 3 biscuits. Avec 56 kcal par biscuit et une teneur réduiteen matière grasse, ils concilient plaisir et bienfaits nutritionnels. || *farine de blé complet 23%, *farine de blé, *raisins secs 20%, *raisins de Corinthe 13%, *sucre de canne non raffiné, *huiles végétale non hydrogénées (*huile de palme, *huile de colza), *lait entier en poudre, sel, poudres à lever : carbonates acided'ammonium et de sodium. *100% des ingrédients d'origine agricole ont été obtenus selon les règles de la production biologique. Huile de palme durable provenant de plantations certifiées Agriculture biologique, respectueuses de la forêt (pas de déforestation) et de la biodiversité. || Valeur énergétique en Joules :  1635kj || Valeur énergétique en Kcal : 388kcal || Glucides : 71,6g || Lipides : 7,2g || Protides :6,1g || A conserver dans un endroit frais et sec. || 
17,75€ / Kg || 
3,87 € || 
Biscuits natures à la farine complète, certifié AB || Le paquet de 200g || Origine : FRANCE || Notre biscuit P'tit Nature est réalisé avec de la farine complète qui conserve l'enveloppe protectrice du grain, il est ainsi naturellement source de fibres.Nous avons de plus utilisé du sucre de canne roux non raffiné. Faites vous plaisir avec ce biscuit biologique et savourez sa simplicité. || *Farine complète de blé (76%), *sucre de canne roux non raffiné, *huile de palme non hydrogénée, *huile de colza non hydrogénée, poudre à lever : carbonate acide d'ammonium, sel non raffiné, arôme naturel de vanille, antioxydant : *extrait de romarin. *100% des ingrédients d'origine agricole ont été obtenus selon les règles de la production biologique. || Valeur énergétique en Joules :  1748Kj || Valeur énergétique en Kcal : 414Kcal || Glucides : 72g || Lipides : 10,2g || Protides :8,6g || A conserver dans un endroit frais et sec. || 
10,40€ / Kg || 
2,08 € || 
Biscuits natures à la farine complète, certifié AB || Le paquet de 200g || Origine : FRANCE || Notre biscuit P'tit Nature est réalisé avec de la farine complète qui conserve l'enveloppe protectrice du grain, il est ainsi naturellement source de fibres.Nous avons de plus utilisé du sucre de canne roux non raffiné. Faites vous plaisir avec ce biscuit biologique et savourez sa simplicité. || *Farine complète de blé (76%), *sucre de canne roux non raffiné, *huile de palme non hydrogénée, *huile de colza non hydrogénée, poudre à lever : carbonate acide d'ammonium, sel non raffiné, arôme naturel de vanille, antioxydant : *extrait de romarin. *100% des ingrédients d'origine agricole ont été obtenus selon les règles de la production biologique. || Valeur énergétique en Joules :  1748Kj || Valeur énergétique en Kcal : 414Kcal || Glucides : 72g || Lipides : 10,2g || Protides :8,6g || A conserver dans un endroit frais et sec. || 
10,40€ / Kg || 
2,08 € || 
Biscuits palmiers, certifié AB || Le paquet de 100g || Origine : FRANCE || Naturellement source de fibres, permettent de concilier bienfaits nutritionnels et plaisir. Réalisés avec du miel et du sucre de canne roux non raffiné.Texture légère de leur feuilleté si croustillant. || *Farine de blé (59%), *margarine (huile et graisses végétales non hydrogénées : *tournesol et *palme, eau, sel, émulsifiant : lécithine de tournesol, *jus de carotte, *jus de citron concentré), *sucre de canne roux non raffiné (17,9%), *huile de tournesol, *miel (1,1%), sel, poudre à lever : carbonate acide de sodium, levure désactivée, *extrait de vanille. *100% des ingrédients d'origine agricole ont été obtenus selon les règles de la production biologique. || Valeur énergétique en Joules :  2237 || Valeur énergétique en Kcal : 534,5 || Glucides : 60,4 || Lipides : 30 || Protides :5,9 || A conserver dans un endroit frais et sec. || 
19,40€ / Kg || 
1,94 € || 
Biscuits palmiers, certifié AB || Le paquet de 100g || Origine : FRANCE || Naturellement source de fibres, permettent de concilier bienfaits nutritionnels et plaisir. Réalisés avec du miel et du sucre de canne roux non raffiné.Texture légère de leur feuilleté si croustillant. || *Farine de blé (59%), *margarine (huile et graisses végétales non hydrogénées : *tournesol et *palme, eau, sel, émulsifiant : lécithine de tournesol, *jus de carotte, *jus de citron concentré), *sucre de canne roux non raffiné (17,9%), *huile de tournesol, *miel (1,1%), sel, poudre à lever : carbonate acide de sodium, levure désactivée, *extrait de vanille. *100% des ingrédients d'origine agricole ont été obtenus selon les règles de la production biologique. || Valeur énergétique en Joules :  2237 || Valeur énergétique en Kcal : 534,5 || Glucides : 60,4 || Lipides : 30 || Protides :5,9 || A conserver dans un endroit frais et sec. || 
19,40€ / Kg || 
1,94 € || 
Biscuits sablés natures || La boîte de 200g || Origine : FRANCE || Valeur énergétique en Kcal : 504kcal || Glucides : 61g || Lipides : 25g || Protides :7g || 
18,08€ / Kg || 
2,35 € || 
Biscuits sablés natures || La boîte de 200g || Origine : FRANCE || Valeur énergétique en Kcal : 504kcal || Glucides : 61g || Lipides : 25g || Protides :7g || 
18,08€ / Kg || 
2,35 € || 
Biscuits sésame, magnésium, riche en céréale || Les 4 sachets de 5 biscuits, 184g || Origine : FRANCE || Nos biscuits au sésame, 100% biologiques, sont naturellement riches en céréales et source de magnésium et permettent ainsi d'allier plaisir et bienfaits nutritionnels. || *Farine de blé (58%), *sucre de canne roux non raffiné, *matière grasse végétale non hydrogénée (palme), *graines de sésame (13%), poudres à lever : carbonates acides d'ammonium et de sodium, acide citrique, sel marin non raffiné, arôme naturel vanille. *100% des ingrédients d'origine agricole ont été obtenus selon les règles de la production biologique. || Valeur énergétique en Joules :  2110kj || Valeur énergétique en Kcal : 504,8kc || Glucides : 60,5g || Lipides : 25g || Protides :9,2g || A conserver dans un endroit frais et sec. || 
12,17€ / Kg || 
2,24 € || 
Biscuits sésame, magnésium, riche en céréale || Les 4 sachets de 5 biscuits, 184g || Origine : FRANCE || Nos biscuits au sésame, 100% biologiques, sont naturellement riches en céréales et source de magnésium et permettent ainsi d'allier plaisir et bienfaits nutritionnels. || *Farine de blé (58%), *sucre de canne roux non raffiné, *matière grasse végétale non hydrogénée (palme), *graines de sésame (13%), poudres à lever : carbonates acides d'ammonium et de sodium, acide citrique, sel marin non raffiné, arôme naturel vanille. *100% des ingrédients d'origine agricole ont été obtenus selon les règles de la production biologique. || Valeur énergétique en Joules :  2110kj || Valeur énergétique en Kcal : 504,8kc || Glucides : 60,5g || Lipides : 25g || Protides :9,2g || A conserver dans un endroit frais et sec. || 
12,17€ / Kg || 
2,24 € || 
Cookies au chocolat et à la noisette || Le paquet de 200 g || Origine : FRANCE || Nos cookies chocolat noisette, 100% biologiques, sont élaborés avec du véritable chocolat noir et des éclats de noisette. Ils sont source de fer, magnésium, phosphore et vitamine E.Savourez ces biscuits croustillants et appréciez leur goût authentique. || Farine de blé*, sucre de canne roux non raffiné*, pépites de chocolat noir* (20%) (pâte de cacao*, sucre*, beurre de cacao*, émulsifiant: lécithine de tournesol, extrait de vanille*), huile de palme non hydrogénée*, noisettes (10%)*, amidon de blé*,oeufs en poudre*, lait écrémé en poudre*, poudre à lever : carbonate d'ammonium, sel marin non raffiné, arôme naturel de vanille. Traces d'arachide .* 100% des ingrédients d'origine agricole ont été obtenus selon les règles de la production biologique. || Valeur énergétique en Joules :  2251kj || Valeur énergétique en Kcal : 539kcal || Glucides : 58g || Lipides : 30g || Protides :7,5g || A conserver dans un endroit sec et frais. || 
16,55€ / Kg || 
3,31 € || 
Cookies au chocolat et à la noisette || Le paquet de 200 g || Origine : FRANCE || Nos cookies chocolat noisette, 100% biologiques, sont élaborés avec du véritable chocolat noir et des éclats de noisette. Ils sont source de fer, magnésium, phosphore et vitamine E.Savourez ces biscuits croustillants et appréciez leur goût authentique. || Farine de blé*, sucre de canne roux non raffiné*, pépites de chocolat noir* (20%) (pâte de cacao*, sucre*, beurre de cacao*, émulsifiant: lécithine de tournesol, extrait de vanille*), huile de palme non hydrogénée*, noisettes (10%)*, amidon de blé*,oeufs en poudre*, lait écrémé en poudre*, poudre à lever : carbonate d'ammonium, sel marin non raffiné, arôme naturel de vanille. Traces d'arachide .* 100% des ingrédients d'origine agricole ont été obtenus selon les règles de la production biologique. || Valeur énergétique en Joules :  2251kj || Valeur énergétique en Kcal : 539kcal || Glucides : 58g || Lipides : 30g || Protides :7,5g || A conserver dans un endroit sec et frais. || 
16,55€ / Kg || 
3,31 € || 
Coup Double, biscuit bio nappé de chocolat noir, véritable chocolat, en sachets fraîcheur || Les 4 sachets de 5 biscuits || Origine : FRANCE || Nos biscuits Coup Double biologiques allient le bon goût d'un sablé aux flocons d'avoine à un nappage de véritable chocolat noir.Il sont naturellement source de fer, de magnésium et de phosphore et permettent ainsi d'allier plaisir et bienfaits nutritionnels. || *Farine de blé, *chocolat noir (25%) (*pâte de cacao, *sucre, *beurre de cacao, émulsifiant : lécithine de tournesol, *extrait de vanille), *sucre de canne roux non raffiné, *matière grasse végétale non hydrogénée (*palme), *graines de soja (6,8%), flocons d'avoine (1,9%), poudre à lever : carbonate d'ammonium,  sel marin non raffiné, *oeufs en poudre, *lait écrémé en poudre, arôme naturel. *ingrédients d'origine agricole ont été obtenus selon les règles de la production biologique. Huile de palme durable provenant de plantations certifiées agriculture biologique. || Valeur énergétique en Joules :  2204 || Valeur énergétique en Kcal : 526,6 || Glucides : 61 || Lipides : 28 || Protides :7,7 || A conserver dans un endroit frais et sec. || 
13,30€ / Kg || 
2,66 € || 
Coup Double, biscuit bio nappé de chocolat noir, véritable chocolat, en sachets fraîcheur || Les 4 sachets de 5 biscuits || Origine : FRANCE || Nos biscuits Coup Double biologiques allient le bon goût d'un sablé aux flocons d'avoine à un nappage de véritable chocolat noir.Il sont naturellement source de fer, de magnésium et de phosphore et permettent ainsi d'allier plaisir et bienfaits nutritionnels. || *Farine de blé, *chocolat noir (25%) (*pâte de cacao, *sucre, *beurre de cacao, émulsifiant : lécithine de tournesol, *extrait de vanille), *sucre de canne roux non raffiné, *matière grasse végétale non hydrogénée (*palme), *graines de soja (6,8%), flocons d'avoine (1,9%), poudre à lever : carbonate d'ammonium,  sel marin non raffiné, *oeufs en poudre, *lait écrémé en poudre, arôme naturel. *ingrédients d'origine agricole ont été obtenus selon les règles de la production biologique. Huile de palme durable provenant de plantations certifiées agriculture biologique. || Valeur énergétique en Joules :  2204 || Valeur énergétique en Kcal : 526,6 || Glucides : 61 || Lipides : 28 || Protides :7,7 || A conserver dans un endroit frais et sec. || 
13,30€ / Kg || 
2,66 € || 
Fourre a la vanille Bio || La boite de 225g || Origine : FRANCE || Nos fourrés à la vanille allient un délicieux fourrage à la vanille à deux savoureux biscuits aux céréales complètes. Nos fourrés sont ainsi naturellement source de fibres. Laissez-vous tenter par ce goûter croustillant qui vous fera succomber et retomber en enfance. || Les personnes ayant des allergies alimentaires peuvent joindre notre service consommateurs. || Farine de blÍ* 38%, farine complÈte de blÍ* 15%, sucre canne* roux non raffinÍ, huile de tournesol* olÍique, beurre de cacao*, poudre de lait entier*, Ípaississant : gomme d?acacia*, poudres Å lever : carbonates d?ammonium ? carbonates de sodium, ar«me naturel de vanille, sel de mer non raffinÍ, lait ÍcrÍmÍ en poudre*, gousse de vanille ÍpuisÍe*, Ímulsifiant : lÍcithine de soja, curcuma*, antioxydant : extrait de romarin*. || Valeur énergétique en Joules :  2047 || Valeur énergétique en Kcal : 488 || Glucides : 67.4 || Lipides : 20.3 || Protides :7.4 || A conserver à l'abri de la chaleur et de l'humidité. || 
13,69€ / Kg || 
3,08 € || 
Fourre a la vanille Bio || La boite de 225g || Origine : FRANCE || Nos fourrés à la vanille allient un délicieux fourrage à la vanille à deux savoureux biscuits aux céréales complètes. Nos fourrés sont ainsi naturellement source de fibres. Laissez-vous tenter par ce goûter croustillant qui vous fera succomber et retomber en enfance. || Les personnes ayant des allergies alimentaires peuvent joindre notre service consommateurs. || Farine de blÍ* 38%, farine complÈte de blÍ* 15%, sucre canne* roux non raffinÍ, huile de tournesol* olÍique, beurre de cacao*, poudre de lait entier*, Ípaississant : gomme d?acacia*, poudres Å lever : carbonates d?ammonium ? carbonates de sodium, ar«me naturel de vanille, sel de mer non raffinÍ, lait ÍcrÍmÍ en poudre*, gousse de vanille ÍpuisÍe*, Ímulsifiant : lÍcithine de soja, curcuma*, antioxydant : extrait de romarin*. || Valeur énergétique en Joules :  2047 || Valeur énergétique en Kcal : 488 || Glucides : 67.4 || Lipides : 20.3 || Protides :7.4 || A conserver à l'abri de la chaleur et de l'humidité. || 
13,69€ / Kg || 
3,08 € || 
Fourré au chocolat au lait, certifié AB || Le paquet de 225g || Origine : FRANCE || Nos fourrés Chocolat au Lait sont réalisés avec du véritable chocolat et son sucre de calcium.Nous avons également choisi d'utiliser du sucre de canne non raffiné et d'intégrer à notre recette une grande quantité de blé, pour en faire un biscuit riche en céréales. Laissez-vous tenter par ce goûter croustillant et succombez au plaisir du vrai chocolat. || *Farine de blé (54%),* chocolat au lait (25%) (*sucre de canne roux non raffiné,* beurre de cacao,* lait entier en poudre,* pâte de cacao),* sucre de canne roux non raffiné, * matières grasses végétales non hydrogénées (*palme,*colza),*lait écrémé enpoudre, sel de mer non raffiné, poudres à lever : carbonates acides d'ammonium et de sodium, arôme naturel de vanille, extrait d'algue, épaississant : gomme d'acacia, antioxydant : *extrait de romarin. *99,7% des ingrédients d'origine agricole ont été obtenus selon les règles de la production biologique. || Valeur énergétique en Joules :  2053Kj || Valeur énergétique en Kcal : 491,1Kc || Glucides : 64g || Lipides : 22.6g || Protides :7.6g || A conserver dans un endroit frais et sec. || 
13,11€ / Kg || 
2,95 € || 
Fourré au chocolat au lait, certifié AB || Le paquet de 225g || Origine : FRANCE || Nos fourrés Chocolat au Lait sont réalisés avec du véritable chocolat et son sucre de calcium.Nous avons également choisi d'utiliser du sucre de canne non raffiné et d'intégrer à notre recette une grande quantité de blé, pour en faire un biscuit riche en céréales. Laissez-vous tenter par ce goûter croustillant et succombez au plaisir du vrai chocolat. || *Farine de blé (54%),* chocolat au lait (25%) (*sucre de canne roux non raffiné,* beurre de cacao,* lait entier en poudre,* pâte de cacao),* sucre de canne roux non raffiné, * matières grasses végétales non hydrogénées (*palme,*colza),*lait écrémé enpoudre, sel de mer non raffiné, poudres à lever : carbonates acides d'ammonium et de sodium, arôme naturel de vanille, extrait d'algue, épaississant : gomme d'acacia, antioxydant : *extrait de romarin. *99,7% des ingrédients d'origine agricole ont été obtenus selon les règles de la production biologique. || Valeur énergétique en Joules :  2053Kj || Valeur énergétique en Kcal : 491,1Kc || Glucides : 64g || Lipides : 22.6g || Protides :7.6g || A conserver dans un endroit frais et sec. || 
13,11€ / Kg || 
2,95 € || 
Fourrés au chocolat noir, certifié AB || Le paquet de 225g || Origine : FRANCE || Nos fourrés chocolat sont réalisés avec du véritable chocolat noir pur beurre de cacao et sont ainsi naturellement source de fer et de magnésium.Nous avons également choisis d'utiliser du sucre de canne non raffiné et d'intégrer à notre recette une grande quantité de blé, pour en faire un biscuit riche en céréales. Laissez vous tenter par ce goûter croustillant et succombez au plaisir du vrai chocolat. || *Farine de blé (53,5%), *chocolat noir (25%) (*pâte de cacao, *sucre de canne non raffiné, *beurre de cacao), *sucre de canne roux, *huiles de palme et de colza non hydrogénées, arôme naturel vanille, sel non raffiné, poudres à lever : carbonate acide d'ammonium et de sodium, arôme naturel de romarin, *lait écrémé, épaississant : gomme d'acacia. *100% des ingrédients d'origine agricole ont été obtenus selon les règles de la production biologique. || Valeur énergétique en Joules :  2012 || Valeur énergétique en Kcal : 480,7 || Glucides : 63 || Lipides : 22 || Protides :7,5 || A conserver dans un endroit frais et sec. || 
12,40€ / Kg || 
2,79 € || 
Fourrés au chocolat noir, certifié AB || Le paquet de 225g || Origine : FRANCE || Nos fourrés chocolat sont réalisés avec du véritable chocolat noir pur beurre de cacao et sont ainsi naturellement source de fer et de magnésium.Nous avons également choisis d'utiliser du sucre de canne non raffiné et d'intégrer à notre recette une grande quantité de blé, pour en faire un biscuit riche en céréales. Laissez vous tenter par ce goûter croustillant et succombez au plaisir du vrai chocolat. || *Farine de blé (53,5%), *chocolat noir (25%) (*pâte de cacao, *sucre de canne non raffiné, *beurre de cacao), *sucre de canne roux, *huiles de palme et de colza non hydrogénées, arôme naturel vanille, sel non raffiné, poudres à lever : carbonate acide d'ammonium et de sodium, arôme naturel de romarin, *lait écrémé, épaississant : gomme d'acacia. *100% des ingrédients d'origine agricole ont été obtenus selon les règles de la production biologique. || Valeur énergétique en Joules :  2012 || Valeur énergétique en Kcal : 480,7 || Glucides : 63 || Lipides : 22 || Protides :7,5 || A conserver dans un endroit frais et sec. || 
12,40€ / Kg || 
2,79 € || 
Fourrés aux framboises, goûters bio aux framboises || Le paquet de 175g || Origine : FRANCE || Nos fourrés sont réalisés à partir de farine complète qui a conservé l'enveloppe naturelle de grain de blé et d'un délicieux fourrage aux framboises pour un goût généreux et authentique. || *Farine complète de blé (40%), *margarine végétale non hydrogénée (huiles de : *tournesol, *palme, *palmiste, *noix de coco, eau, émulsifiant : lécithine de soja, arôme naturel de beurre (lait), acidifiant : acide citrique), *sucre de canne, *sirop de froment, *framboises (7%), *miel, *oeufs, acidifiant : acide citrique, poudre à lever : bicarbonate d'ammonium, sel marin.*100% des ingrédients d'origine agricole ont été obtenus selon les règles de la production biologique. Peut contenir des traces d'arachide. || Valeur énergétique en Joules :  1877 || Valeur énergétique en Kcal : 448,5 || Glucides : 67,9 || Lipides : 17 || Protides :5,5 || A conserver dans un endroit sec et frais. || 
13,77€ / Kg || 
2,41 € || 
Fourrés aux framboises, goûters bio aux framboises || Le paquet de 175g || Origine : FRANCE || Nos fourrés sont réalisés à partir de farine complète qui a conservé l'enveloppe naturelle de grain de blé et d'un délicieux fourrage aux framboises pour un goût généreux et authentique. || *Farine complète de blé (40%), *margarine végétale non hydrogénée (huiles de : *tournesol, *palme, *palmiste, *noix de coco, eau, émulsifiant : lécithine de soja, arôme naturel de beurre (lait), acidifiant : acide citrique), *sucre de canne, *sirop de froment, *framboises (7%), *miel, *oeufs, acidifiant : acide citrique, poudre à lever : bicarbonate d'ammonium, sel marin.*100% des ingrédients d'origine agricole ont été obtenus selon les règles de la production biologique. Peut contenir des traces d'arachide. || Valeur énergétique en Joules :  1877 || Valeur énergétique en Kcal : 448,5 || Glucides : 67,9 || Lipides : 17 || Protides :5,5 || A conserver dans un endroit sec et frais. || 
13,77€ / Kg || 
2,41 € || 
Fourrés aux myrtilles || Le paquet de 175g || Origine : FRANCE || Nos fourrés myrtilles, 100 % biologiques, sont réalisés à partir de farine complète, qui a conservé l'enveloppe naturelle du grain de blé, et d'un délicieux fourrage aux myrtilles pour un goût généreux et authentique. || Prenez le temps de faire une pause avec un goûter complet composé d'un fourré aux myrtilles, d'un fruit et d'un produit laitier. || *farine complète de blé (42%), *margarine végétale non hydrogénée (huiles de : *tournesol, *palme, *palmiste, *noix de coco, eau, émulsifiant: lécithine de soja, acidifiant: acide citrique), *sucre de canne brut non raffiné, *sirop de froment, *myrtilles (7%), *miel, *oeufs, acidifiant: acide citrique, sel de mer, poudre à lever: bicarbonate d'ammonium. *100 % des ingrédients d'origine agricole ont été obtenus selon les règles de la production biologique. || Valeur énergétique en Joules :  1738kj || Valeur énergétique en Kcal : 414kcal || Glucides : 61,7g || Lipides : 16,2g || Protides :5,3g || A conserver dans un endroit frais et sec. || 
14,63€ / Kg || 
2,56 € || 
Fourrés aux myrtilles || Le paquet de 175g || Origine : FRANCE || Nos fourrés myrtilles, 100 % biologiques, sont réalisés à partir de farine complète, qui a conservé l'enveloppe naturelle du grain de blé, et d'un délicieux fourrage aux myrtilles pour un goût généreux et authentique. || Prenez le temps de faire une pause avec un goûter complet composé d'un fourré aux myrtilles, d'un fruit et d'un produit laitier. || *farine complète de blé (42%), *margarine végétale non hydrogénée (huiles de : *tournesol, *palme, *palmiste, *noix de coco, eau, émulsifiant: lécithine de soja, acidifiant: acide citrique), *sucre de canne brut non raffiné, *sirop de froment, *myrtilles (7%), *miel, *oeufs, acidifiant: acide citrique, sel de mer, poudre à lever: bicarbonate d'ammonium. *100 % des ingrédients d'origine agricole ont été obtenus selon les règles de la production biologique. || Valeur énergétique en Joules :  1738kj || Valeur énergétique en Kcal : 414kcal || Glucides : 61,7g || Lipides : 16,2g || Protides :5,3g || A conserver dans un endroit frais et sec. || 
14,63€ / Kg || 
2,56 € || 
Fourrés chocolat lait noisettes || Le paquet de 225g || Origine : FRANCE || Laissez vous tenter par ce goûter croustillant et succombez au plaisir du vrai chocolat et des noisettes. || Farine de blé* (34%), chocolat au lait* (25%) (sucre de canne*, beurre de cacao*, lait en poudre*, pâte de cacao*), farine complète de blé* (15%), sucre de canne roux non raffiné*, huile de tournesol oléique*, noisettes hachées grillées (5%), poudresà lever : carbonates acide d'ammonium et de sodium, extrait d'algue, sel marin non raffiné, arôme naturel de noisette et autres aromes naturels, lait écrémé en poudre*, épaississant : gomme d'acacia*, antioxydant : extrait de romarin*. *ingrédientsd'origine agricole obtenus selon les règles de la production biologique. || Valeur énergétique en Joules :  2141kj || Valeur énergétique en Kcal : 512kcal || Glucides : 57,8g || Lipides : 26,5g || Protides :8,8g || A conserver dans un endroit frais et sec. || 
18,80€ / Kg || 
4,23 € || 
Fourrés chocolat lait noisettes || Le paquet de 225g || Origine : FRANCE || Laissez vous tenter par ce goûter croustillant et succombez au plaisir du vrai chocolat et des noisettes. || Farine de blé* (34%), chocolat au lait* (25%) (sucre de canne*, beurre de cacao*, lait en poudre*, pâte de cacao*), farine complète de blé* (15%), sucre de canne roux non raffiné*, huile de tournesol oléique*, noisettes hachées grillées (5%), poudresà lever : carbonates acide d'ammonium et de sodium, extrait d'algue, sel marin non raffiné, arôme naturel de noisette et autres aromes naturels, lait écrémé en poudre*, épaississant : gomme d'acacia*, antioxydant : extrait de romarin*. *ingrédientsd'origine agricole obtenus selon les règles de la production biologique. || Valeur énergétique en Joules :  2141kj || Valeur énergétique en Kcal : 512kcal || Glucides : 57,8g || Lipides : 26,5g || Protides :8,8g || A conserver dans un endroit frais et sec. || 
18,80€ / Kg || 
4,23 € || 
Gaufre au caramel bio || La boite de 175g || Origine : PAYS-BAS || Farine semi-complÈte de blÍ* 28% (T110), sirop de blÍ non raffinÍ*, caramel* 18% (sucre de canne non raffinÍ*, beurre* 24%, caramel concentrÍ* , sel de GuÍrande 0,5%, sucre vanillÍ* (sucre de canne non raffinÍ, ar«me naturel de vanille*), margarine*(huile de tournesol, beurre de cacao, eau, Ímulsifiant : lÍcithine de tournesol, acidifiant: acide citrique, extrait de carotte)~ , sucre de canne non raffinÍ*, sirop d'agave*, Ímulsifiant: lÍcithine de tournesol, poudre d'oeufs*, cannelle*, Sel de GuÍrande, poudre Å lever : bicarbonate de sodium. || Valeur énergétique en Joules :  1795 || Valeur énergétique en Kcal : 427 || Glucides : 65.8 || Lipides : 16.2 || Protides :4 || 
13,49€ / Kg || 
2,36 € || 
Gaufre au caramel bio || La boite de 175g || Origine : PAYS-BAS || Farine semi-complÈte de blÍ* 28% (T110), sirop de blÍ non raffinÍ*, caramel* 18% (sucre de canne non raffinÍ*, beurre* 24%, caramel concentrÍ* , sel de GuÍrande 0,5%, sucre vanillÍ* (sucre de canne non raffinÍ, ar«me naturel de vanille*), margarine*(huile de tournesol, beurre de cacao, eau, Ímulsifiant : lÍcithine de tournesol, acidifiant: acide citrique, extrait de carotte)~ , sucre de canne non raffinÍ*, sirop d'agave*, Ímulsifiant: lÍcithine de tournesol, poudre d'oeufs*, cannelle*, Sel de GuÍrande, poudre Å lever : bicarbonate de sodium. || Valeur énergétique en Joules :  1795 || Valeur énergétique en Kcal : 427 || Glucides : 65.8 || Lipides : 16.2 || Protides :4 || 
13,49€ / Kg || 
2,36 € || 
Gaufres au miel, certifié AB || Le paquet de 175g || Origine : FRANCE || Nos gaufres au Miel,100% biologiques*, allient une texture croustillante et une couleur dorée à un délicieux fourrage de miel onctueux et savoureux.Elles sont préparées avec de la farine complète, qui conserve l'enveloppe naturelle de grain de blé, et  sont naturellement  source de vitamine E. *100% des ingrédients d'origine agricole ont été obtenus selon les règles de la production biologique. || Farine de blé complète (36%), *sirop de froment, *graisses végétales non hydrogénée (*huile de tournesol, *huile de palme, *huile de palmiste, arôme naturel de beurre (lait)), *sucre de canne brut non raffiné, *miel (12%), *sirop de sucre de canne, *oeufs, émulsifiant : lécithine de colza (farine de blé), sel marin non raffiné, poudre à lever : carbonate acide de sodium, *cannelle. || Valeur énergétique en Joules :  1937Kj || Valeur énergétique en Kcal : 461Kcal || Glucides : 74,5g || Lipides : 16,2g || Protides :4,2g || A conserver dans un endroit  frais et sec. || 
11,49€ / Kg || 
2,01 € || 
Gaufres au miel, certifié AB || Le paquet de 175g || Origine : FRANCE || Nos gaufres au Miel,100% biologiques*, allient une texture croustillante et une couleur dorée à un délicieux fourrage de miel onctueux et savoureux.Elles sont préparées avec de la farine complète, qui conserve l'enveloppe naturelle de grain de blé, et  sont naturellement  source de vitamine E. *100% des ingrédients d'origine agricole ont été obtenus selon les règles de la production biologique. || Farine de blé complète (36%), *sirop de froment, *graisses végétales non hydrogénée (*huile de tournesol, *huile de palme, *huile de palmiste, arôme naturel de beurre (lait)), *sucre de canne brut non raffiné, *miel (12%), *sirop de sucre de canne, *oeufs, émulsifiant : lécithine de colza (farine de blé), sel marin non raffiné, poudre à lever : carbonate acide de sodium, *cannelle. || Valeur énergétique en Joules :  1937Kj || Valeur énergétique en Kcal : 461Kcal || Glucides : 74,5g || Lipides : 16,2g || Protides :4,2g || A conserver dans un endroit  frais et sec. || 
11,49€ / Kg || 
2,01 € || 
Goûters biologiques soja figue || Les 4 sachets de 4 biscuits, 240g || Origine : FRANCE || Le Goûter Soja Figue Bjorg allie le plaisir d'un biscuit croustillant et le goût raffiné de la figue pour une gourmandise 100% biologique*. Le Goûter Soja Figue Bjorg tire sa richesse en protéines végétales du soja. La graine de soja renferme les 8 acides aminés essentiels que notre corps n'est pas capable de constituer. De plus, grâce aux germes de blé et à la farine de blé, le Goûter Soja Figue Bjorg est source de fibres et de magnésium, éléments essentiels au bon fonctionnement de notre corps. || *Farine de blé (48%), *sucre de canne roux, *huile de palme, *germe de blé (10%), *gruau de soja (8%), *pâte de figue (5%), poudres à lever : carbonates acides d'ammonium et de sodium, arôme naturel, sel marin, acidifiant : acide citrique. *100% desingrédients d'origine agricole ont été obtenus selon les règles de la production biologique. || Valeur énergétique en Joules :  1910Kj || Valeur énergétique en Kcal : 455Kcal || Glucides : 59g || Lipides : 19g || Protides :12g || 
11,50€ / Kg || 
2,76 € || 
Goûters biologiques soja figue || Les 4 sachets de 4 biscuits, 240g || Origine : FRANCE || Le Goûter Soja Figue Bjorg allie le plaisir d'un biscuit croustillant et le goût raffiné de la figue pour une gourmandise 100% biologique*. Le Goûter Soja Figue Bjorg tire sa richesse en protéines végétales du soja. La graine de soja renferme les 8 acides aminés essentiels que notre corps n'est pas capable de constituer. De plus, grâce aux germes de blé et à la farine de blé, le Goûter Soja Figue Bjorg est source de fibres et de magnésium, éléments essentiels au bon fonctionnement de notre corps. || *Farine de blé (48%), *sucre de canne roux, *huile de palme, *germe de blé (10%), *gruau de soja (8%), *pâte de figue (5%), poudres à lever : carbonates acides d'ammonium et de sodium, arôme naturel, sel marin, acidifiant : acide citrique. *100% desingrédients d'origine agricole ont été obtenus selon les règles de la production biologique. || Valeur énergétique en Joules :  1910Kj || Valeur énergétique en Kcal : 455Kcal || Glucides : 59g || Lipides : 19g || Protides :12g || 
11,50€ / Kg || 
2,76 € || 
Les biscuits de Natty, biscuits biologiques au chocolat et au müesli || Le paquet de 150g || Origine : FRANCE || Alliant un savoureux biscuit croustillant à un délicat fondant de chocolat, les délicieux Biscuits de Natty Bjorg, 100% Biologiques*, sont la petite gourmandise qui séduira les grands comme les petits. Source de protéines, éléments nécessaires à la construction et à l'entretien de l'organisme, et également de phosphore et de magnésium, essentiels au bon fonctionnement de notre corps, Les Biscuits de Natty Permettent de concilier bienfaits nutritionnels et plaisir. || Chocolat noir*48% (sucre de canne*, pâte de cacao*, beurre de cacao*, poudre de lait entier*, arôme naturel de vanille ), farine de blé*, sucre de canne non raffiné*, muesli* 6% (céréales* (avoine*, blé*, orge*, seigle*, riz*), noisettes*, figues*, pommes* (pommes*, crème de riz*, épaississant : pectine, émulsifiant : lécithine de tournesol), poires* (poires*, crème de riz*, épaississant : pectine, émulsifiant : lécithine de tournesol )), huile de palme non hydrogénée, poudres à lever (carbonateacide d'ammonium, carbonate de potassium, acide tartrique), sel marin non raffiné, arômes naturels. Traces d'arachide. *100% des ingrédients d'origine agricole ont été obtenus selon les règles de la production biologique. || Valeur énergétique en Joules :  2146Kj || Valeur énergétique en Kcal : 512Kcal || Glucides : 65g || Lipides : 24,5g || Protides :7,9g || A conserver dans un endroit frais et sec. || 
22,67€ / Kg || 
3,40 € || 
Les biscuits de Natty, biscuits biologiques au chocolat et au müesli || Le paquet de 150g || Origine : FRANCE || Alliant un savoureux biscuit croustillant à un délicat fondant de chocolat, les délicieux Biscuits de Natty Bjorg, 100% Biologiques*, sont la petite gourmandise qui séduira les grands comme les petits. Source de protéines, éléments nécessaires à la construction et à l'entretien de l'organisme, et également de phosphore et de magnésium, essentiels au bon fonctionnement de notre corps, Les Biscuits de Natty Permettent de concilier bienfaits nutritionnels et plaisir. || Chocolat noir*48% (sucre de canne*, pâte de cacao*, beurre de cacao*, poudre de lait entier*, arôme naturel de vanille ), farine de blé*, sucre de canne non raffiné*, muesli* 6% (céréales* (avoine*, blé*, orge*, seigle*, riz*), noisettes*, figues*, pommes* (pommes*, crème de riz*, épaississant : pectine, émulsifiant : lécithine de tournesol), poires* (poires*, crème de riz*, épaississant : pectine, émulsifiant : lécithine de tournesol )), huile de palme non hydrogénée, poudres à lever (carbonateacide d'ammonium, carbonate de potassium, acide tartrique), sel marin non raffiné, arômes naturels. Traces d'arachide. *100% des ingrédients d'origine agricole ont été obtenus selon les règles de la production biologique. || Valeur énergétique en Joules :  2146Kj || Valeur énergétique en Kcal : 512Kcal || Glucides : 65g || Lipides : 24,5g || Protides :7,9g || A conserver dans un endroit frais et sec. || 
22,67€ / Kg || 
3,40 € || 
Lunettes à la fraise || Le paquet de 200g || Origine : FRANCE || Biscuit (80 %) : farine de blÍ*, sucre de canne* non raffinÍ, farine d'Ípeautre complÈte* 19.10 %, beurre concentrÍ*, oeufs*, huile de colza*, poudre Å lever : phosphates de calcium et carbonates de sodium. Fourrage fraise (20 %) : sirop de blÍ* nonraffinÍ, sucre blond de canne*, purÍe de fraise* (20 %), gÍlifiant : pectine de fruits, ar«me naturel, acidifiant : acide citrique.  *99,9 % des ingrÍdients d'origine agricole ont ÍtÍ obtenus selon les rÈgles de la production biologique. || Valeur énergétique en Joules :  1872kj || Valeur énergétique en Kcal : 446kcal || Glucides : 66,9g || Lipides : 16,5g || Protides :6,3g || 
13,15€ / Kg || 
2,63 € || 
Lunettes à la fraise || Le paquet de 200g || Origine : FRANCE || Biscuit (80 %) : farine de blÍ*, sucre de canne* non raffinÍ, farine d'Ípeautre complÈte* 19.10 %, beurre concentrÍ*, oeufs*, huile de colza*, poudre Å lever : phosphates de calcium et carbonates de sodium. Fourrage fraise (20 %) : sirop de blÍ* nonraffinÍ, sucre blond de canne*, purÍe de fraise* (20 %), gÍlifiant : pectine de fruits, ar«me naturel, acidifiant : acide citrique.  *99,9 % des ingrÍdients d'origine agricole ont ÍtÍ obtenus selon les rÈgles de la production biologique. || Valeur énergétique en Joules :  1872kj || Valeur énergétique en Kcal : 446kcal || Glucides : 66,9g || Lipides : 16,5g || Protides :6,3g || 
13,15€ / Kg || 
2,63 € || 
Madeleines, sachets fraîcheur, certifié AB || La paquet de 225g || Origine : FRANCE || Nos madeleines Bjorg, sont de délicieuses madeleines traditionnelles au doux parfum d'amande. Laissez vous tenter par leur texture fondante et moelleuse. || Farine de blé semi-complète 31%*, huile végétale non hydrogénée de colza*, sucre de canne non raffiné 23%*, oeufs frais 21%*, sirop de riz*, poudres à lever : phosphate monocalcique et carbonate acide de sodium, arômes naturels de vanille et d'amande. *100% des ingrédients d'origine agricole ont été obtenus selon les règles de la production biologique. || Valeur énergétique en Joules :  2003kj || Valeur énergétique en Kcal : 479kcal || Glucides : 52,8g || Lipides : 27,2g || Protides :5,8g || A conserver dans un endroit frais et sec. || 
18,04€ / Kg || 
4,06 € || 
Madeleines, sachets fraîcheur, certifié AB || La paquet de 225g || Origine : FRANCE || Nos madeleines Bjorg, sont de délicieuses madeleines traditionnelles au doux parfum d'amande. Laissez vous tenter par leur texture fondante et moelleuse. || Farine de blé semi-complète 31%*, huile végétale non hydrogénée de colza*, sucre de canne non raffiné 23%*, oeufs frais 21%*, sirop de riz*, poudres à lever : phosphate monocalcique et carbonate acide de sodium, arômes naturels de vanille et d'amande. *100% des ingrédients d'origine agricole ont été obtenus selon les règles de la production biologique. || Valeur énergétique en Joules :  2003kj || Valeur énergétique en Kcal : 479kcal || Glucides : 52,8g || Lipides : 27,2g || Protides :5,8g || A conserver dans un endroit frais et sec. || 
18,04€ / Kg || 
4,06 € || 
Pain d'épices au miel prétranché, certifié AB || Le paquet de 300g || Origine : FRANCE || Préparé avec un onctueux miel doré bio et de la farine de seigle, le pain d'épices Bjorg 100% biologique est à la fois fondant et moelleux. Naturellement riche en éléments nutritionnels, le pain d'épices Bjorg est un produit énergétique. Il deviendrarapidement le goûter gourmand idéal qui plaira à la fois aux enfants et aux adultes. || *Farine de seigle, *sirop de sucre de canne, *miel (25%), poudre à lever : carbonate acide de sodium, *épices. *100% des ingrédients d'origine agricole ont été obtenus selon les règles de l'agriculture biologique. || Valeur énergétique en Joules :  1414 || Valeur énergétique en Kcal : 337,8 || Glucides : 78 || Lipides : 1 || Protides :3 || 
7,23€ / Kg || 
2,17 € || 
Pain d'épices au miel prétranché, certifié AB || Le paquet de 300g || Origine : FRANCE || Préparé avec un onctueux miel doré bio et de la farine de seigle, le pain d'épices Bjorg 100% biologique est à la fois fondant et moelleux. Naturellement riche en éléments nutritionnels, le pain d'épices Bjorg est un produit énergétique. Il deviendrarapidement le goûter gourmand idéal qui plaira à la fois aux enfants et aux adultes. || *Farine de seigle, *sirop de sucre de canne, *miel (25%), poudre à lever : carbonate acide de sodium, *épices. *100% des ingrédients d'origine agricole ont été obtenus selon les règles de l'agriculture biologique. || Valeur énergétique en Joules :  1414 || Valeur énergétique en Kcal : 337,8 || Glucides : 78 || Lipides : 1 || Protides :3 || 
7,23€ / Kg || 
2,17 € || 
Pépites croustillantes aux céréales, flocons de soja et au chocolat || Le paquet de 500g || Origine : FRANCE || Pour bien démarrer la journée, dégustez les croustillants au chocolat de Bjorg, source de fibres et de magnésium.Le mariage croustillants des flocons d'avoine, du riz soufflé et des pépites de véritable chocolat vous offre un petit déjeuner savoureux. || Céréales* (53%) (flocons d'avoine*, riz soufflé* (farine de riz*, farine de blé*, sucre*, farine de malt d'orge*, émulsifiant : lécithine de tournesol), farine de blé*), sucre*, soja* (13,5%) (flocons de soja*, soja concassé*), chocolat noir* (10%) (pâte de cacao*, sucre*, beurre de cacao*, émulsifiant : lécithine de soja), huile de palme non hydrogénée*, graines de lin*, poudre de noix de coco*, miel*. *99,9 % des ingrédients d'origine agricole ont été obtenus selon les règles de la productionbiologique. || Valeur énergétique en Joules :  1777Kj || Valeur énergétique en Kcal : 425Kcal || Glucides : 56g || Lipides : 17g || Protides :12g || Pour préserver la croustillance de ces céréales, nous vous conseillons de les conserver à l'abri de l'humidité. Bien refermer le sachet intérieur après chaque utilisation. || 
8,64€ / Kg || 
4,32 € || 
Pépites croustillantes aux céréales, flocons de soja et au chocolat || Le paquet de 500g || Origine : FRANCE || Pour bien démarrer la journée, dégustez les croustillants au chocolat de Bjorg, source de fibres et de magnésium.Le mariage croustillants des flocons d'avoine, du riz soufflé et des pépites de véritable chocolat vous offre un petit déjeuner savoureux. || Céréales* (53%) (flocons d'avoine*, riz soufflé* (farine de riz*, farine de blé*, sucre*, farine de malt d'orge*, émulsifiant : lécithine de tournesol), farine de blé*), sucre*, soja* (13,5%) (flocons de soja*, soja concassé*), chocolat noir* (10%) (pâte de cacao*, sucre*, beurre de cacao*, émulsifiant : lécithine de soja), huile de palme non hydrogénée*, graines de lin*, poudre de noix de coco*, miel*. *99,9 % des ingrédients d'origine agricole ont été obtenus selon les règles de la productionbiologique. || Valeur énergétique en Joules :  1777Kj || Valeur énergétique en Kcal : 425Kcal || Glucides : 56g || Lipides : 17g || Protides :12g || Pour préserver la croustillance de ces céréales, nous vous conseillons de les conserver à l'abri de l'humidité. Bien refermer le sachet intérieur après chaque utilisation. || 
8,64€ / Kg || 
4,32 € || 
Petit beurre || Le paquet de 150g || Origine : FRANCE || Notre Petit Beurre est un biscuit authentique fabriqué avec du beurre de Baratte et des farines françaises. Nous avons également fait le choix dintégrer à notre recette des céréales complètes moulues sur meule de pierre. || Farine de blÍ*, sucre de canne roux non rafifnÍ*, farine complÈte de blÍ* 15%, beurre* 13%, lait ÍcrÍmÍ en poudre*, poudres Å lever (carbonates acides d'ammonium et de sodium, acide citrique), sel marin non raffinÍ, ar«me naturel de vanille*, lait demi-ÍcrÍmÍ*. || Valeur énergétique en Joules :  1899kj || Valeur énergétique en Kcal : 451kcal || Glucides : 75,5g || Lipides : 12,1g || Protides :8,3g || A conserver à labri de la chaleur et de lhumidité. || 
16,40€ / Kg || 
2,46 € || 
Petit beurre || Le paquet de 150g || Origine : FRANCE || Notre Petit Beurre est un biscuit authentique fabriqué avec du beurre de Baratte et des farines françaises. Nous avons également fait le choix dintégrer à notre recette des céréales complètes moulues sur meule de pierre. || Farine de blÍ*, sucre de canne roux non rafifnÍ*, farine complÈte de blÍ* 15%, beurre* 13%, lait ÍcrÍmÍ en poudre*, poudres Å lever (carbonates acides d'ammonium et de sodium, acide citrique), sel marin non raffinÍ, ar«me naturel de vanille*, lait demi-ÍcrÍmÍ*. || Valeur énergétique en Joules :  1899kj || Valeur énergétique en Kcal : 451kcal || Glucides : 75,5g || Lipides : 12,1g || Protides :8,3g || A conserver à labri de la chaleur et de lhumidité. || 
16,40€ / Kg || 
2,46 € || 
Ananas en morceaux au jus d'ananas, certifié AB || Le bocal de 340g || Origine : FRANCE || L'ananas Monoprix Bio se déguste à tout moment du repas. Afin de l'apprécier encore plus, nous vous conseillons de placer le bocal au réfrigérateur pendant 1 heure avant l'ouverture. || Jus d'ananas. Contient des sucres naturellement présents || Valeur énergétique en Joules :  224Kj || Valeur énergétique en Kcal : 53Kcal || Glucides : 12g || Protides :0,53g || Avant ouverture : conserver dans un endroit sec à l'abri de la lumière  et de la chaleur. Après ouverture : conserver le bocal au réfrigérateur et consommer sous 2 à 3 jours. || 
8,06€ / Kg || 
2,74 € || 
Ananas en morceaux au jus d'ananas, certifié AB || Le bocal de 340g || Origine : FRANCE || L'ananas Monoprix Bio se déguste à tout moment du repas. Afin de l'apprécier encore plus, nous vous conseillons de placer le bocal au réfrigérateur pendant 1 heure avant l'ouverture. || Jus d'ananas. Contient des sucres naturellement présents || Valeur énergétique en Joules :  224Kj || Valeur énergétique en Kcal : 53Kcal || Glucides : 12g || Protides :0,53g || Avant ouverture : conserver dans un endroit sec à l'abri de la lumière  et de la chaleur. Après ouverture : conserver le bocal au réfrigérateur et consommer sous 2 à 3 jours. || 
8,06€ / Kg || 
2,74 € || 
Compotes pomme, allégées en sucres, certifié Agriculture biologique || Les 4 gourdes de 90g || Origine : FRANCE || Monoprix a sélectionné pour vous, avec des entreprises partenaires, des produits issus de l'agriculture biologique.Leurs modes de production et de transformation sont contrôlés et certifiés par un organisme indépendant conformément à la réglementation en vigueur. || Pomme** 95%, sucre de canne** 4%, antioxydant : acide ascorbique. **Ingrédients issus de l'agriculture biologique. || Valeur énergétique en Joules :  266kj || Valeur énergétique en Kcal : 63kcal || Glucides : 15g || A conserver à température ambiante. A conserver au frais après ouverture et à consommer très rapidement. || 
6,83€ / Kg || 
2,46 € || 
Compotes pomme, allégées en sucres, certifié Agriculture biologique || Les 4 gourdes de 90g || Origine : FRANCE || Monoprix a sélectionné pour vous, avec des entreprises partenaires, des produits issus de l'agriculture biologique.Leurs modes de production et de transformation sont contrôlés et certifiés par un organisme indépendant conformément à la réglementation en vigueur. || Pomme** 95%, sucre de canne** 4%, antioxydant : acide ascorbique. **Ingrédients issus de l'agriculture biologique. || Valeur énergétique en Joules :  266kj || Valeur énergétique en Kcal : 63kcal || Glucides : 15g || A conserver à température ambiante. A conserver au frais après ouverture et à consommer très rapidement. || 
6,83€ / Kg || 
2,46 € || 
Compotes pomme, certifié AB || Les 4 pots de 95g || Origine : FRANCE || Purée de pommes* 99,9%, antioxygène : acide ascorbique. *Ingrédient issu de l'agriculture biologique. Sans sucres ajoutés. || Valeur énergétique en Joules :  260Kj || Valeur énergétique en Kcal : 61Kcal || Glucides : 13g || Lipides : 0,6g || Protides :0,3g || A conserver à l'abri de la chaleur de l'humidité. || 
5,84€ / Kg || 
2,22 € || 
Compotes pomme, certifié AB || Les 4 pots de 95g || Origine : FRANCE || Purée de pommes* 99,9%, antioxygène : acide ascorbique. *Ingrédient issu de l'agriculture biologique. Sans sucres ajoutés. || Valeur énergétique en Joules :  260Kj || Valeur énergétique en Kcal : 61Kcal || Glucides : 13g || Lipides : 0,6g || Protides :0,3g || A conserver à l'abri de la chaleur de l'humidité. || 
5,84€ / Kg || 
2,22 € || 
Compotes pomme et poire, allégées en sucres, certifié AB || Les 4 gourdes de 90g || Origine : FRANCE || Monoprix a sélectionné pour vous, avec des entreprises partenaires, des produits issus de l'agriculture biologique.Leurs modes de production et de transformation sont contrôlés et certifiés par un organisme indépendant conformément à la réglementation en vigueur. || Pomme** 60%, poire** 35%, sucre de canne** 4,5%, antioxydant : acide ascorbique. **Ingrédients issus de l'agriculture biologique. || Valeur énergétique en Joules :  254kj || Valeur énergétique en Kcal : 60kcal || Glucides : 14g || A conserver à température ambiante. A conserver au frais après ouverture et à consommer très rapidement. || 
7,44€ / Kg || 
2,68 € || 
Compotes pomme et poire, allégées en sucres, certifié AB || Les 4 gourdes de 90g || Origine : FRANCE || Monoprix a sélectionné pour vous, avec des entreprises partenaires, des produits issus de l'agriculture biologique.Leurs modes de production et de transformation sont contrôlés et certifiés par un organisme indépendant conformément à la réglementation en vigueur. || Pomme** 60%, poire** 35%, sucre de canne** 4,5%, antioxydant : acide ascorbique. **Ingrédients issus de l'agriculture biologique. || Valeur énergétique en Joules :  254kj || Valeur énergétique en Kcal : 60kcal || Glucides : 14g || A conserver à température ambiante. A conserver au frais après ouverture et à consommer très rapidement. || 
7,44€ / Kg || 
2,68 € || 
Compotes pomme et poire, certifié AB || Les 4 pots de 95g || Origine : FRANCE || Purée de pommes* 68%, purée de poires* 32%, antioxygène : acide ascorbique. *Ingrédients issus de l'agriculture biologique. Sans sucres ajoutés. || Valeur énergétique en Joules :  277Kj || Valeur énergétique en Kcal : 66Kcal || Glucides : 14g || Lipides : 0,5g || Protides :0,4g || A conserver à l'abri de la chaleur de l'humidité. || 
6,37€ / Kg || 
2,42 € || 
Compotes pomme et poire, certifié AB || Les 4 pots de 95g || Origine : FRANCE || Purée de pommes* 68%, purée de poires* 32%, antioxygène : acide ascorbique. *Ingrédients issus de l'agriculture biologique. Sans sucres ajoutés. || Valeur énergétique en Joules :  277Kj || Valeur énergétique en Kcal : 66Kcal || Glucides : 14g || Lipides : 0,5g || Protides :0,4g || A conserver à l'abri de la chaleur de l'humidité. || 
6,37€ / Kg || 
2,42 € || 
Mangues en tranches au jus de mangue || Le bocal de 340g || Origine : FRANCE || La mangue se déguste à tout moment de la journée. Afin de l'apprécier encore plus, nous vous suggérons de placer le bocal au réfrigérateur pendant 1heure avant l'ouverture. || Monoprix a sélectionné pour vous, avec des entreprises partenaires, des produits issus de l'agriculture biologique. Leurs modes de production et de transformation sont contrôlés et certifiés par un organisme indépendant, conformément à la réglementation en vigueur. Les producteurs emploient des fertilisants respectueux de l'environnement et pratiquent la rotation des cultures afin de garder des sols vivants et une fertilité durable. || Mangues*, jus de mangue*. *ingrédients d'origine agricole issus de l'agriculture  biologique. || Valeur énergétique en Joules :  143kj || Valeur énergétique en Kcal : 34kcal || Glucides : 7,9g || Lipides : 0g || Protides :0,5g || Avant ouverture: conserver dans un endroit sec à l'abri de la lumière et de la chaleur. Après ouverture : conserver le bocal au réfrigérateur et consommer sous 2 à 3 jours. || 
8,06€ / Kg || 
2,74 € || 
Mangues en tranches au jus de mangue || Le bocal de 340g || Origine : FRANCE || La mangue se déguste à tout moment de la journée. Afin de l'apprécier encore plus, nous vous suggérons de placer le bocal au réfrigérateur pendant 1heure avant l'ouverture. || Monoprix a sélectionné pour vous, avec des entreprises partenaires, des produits issus de l'agriculture biologique. Leurs modes de production et de transformation sont contrôlés et certifiés par un organisme indépendant, conformément à la réglementation en vigueur. Les producteurs emploient des fertilisants respectueux de l'environnement et pratiquent la rotation des cultures afin de garder des sols vivants et une fertilité durable. || Mangues*, jus de mangue*. *ingrédients d'origine agricole issus de l'agriculture  biologique. || Valeur énergétique en Joules :  143kj || Valeur énergétique en Kcal : 34kcal || Glucides : 7,9g || Lipides : 0g || Protides :0,5g || Avant ouverture: conserver dans un endroit sec à l'abri de la lumière et de la chaleur. Après ouverture : conserver le bocal au réfrigérateur et consommer sous 2 à 3 jours. || 
8,06€ / Kg || 
2,74 € || 
Purée de fruits pomme, certifié AB || Les 4 pots de 100g || Origine : FRANCE || Servir frais. || Pomme* 99%, antioxygène: E300. *ingrédient issu de l'agriculture biologique. || Valeur énergétique en Joules :  220Kj || Valeur énergétique en Kcal : 52Kcal || Glucides : 12g || Lipides : 0,3g || Protides :0,3g || A conserver entre 0°C et +4°C. Après ouverture, à conserver au réfrigérateur et à consommer dans les 24 heures. || 
4,35€ / Kg || 
1,74 € || 
Purée de fruits pomme, certifié AB || Les 4 pots de 100g || Origine : FRANCE || Servir frais. || Pomme* 99%, antioxygène: E300. *ingrédient issu de l'agriculture biologique. || Valeur énergétique en Joules :  220Kj || Valeur énergétique en Kcal : 52Kcal || Glucides : 12g || Lipides : 0,3g || Protides :0,3g || A conserver entre 0°C et +4°C. Après ouverture, à conserver au réfrigérateur et à consommer dans les 24 heures. || 
4,35€ / Kg || 
1,74 € || 
Agar-Agar Bio || Les 5 sachets de 4g (20g) || Origine : FRANCE || 
258,50€ / Kg || 
5,17 € || 
Creme coco legere bio || La brik de 200ml || Origine : ITALIE || Noix de coco* (60%), eau, maltodextrines de maÕs*, Ípaississants : gomme de guar, gomme xanthane, carraghÍnanes || Valeur énergétique en Joules :  764kj || Valeur énergétique en Kcal : 185kcal || Glucides : 5,9g || Lipides : 17,1g || Protides :1,3g || 
10,15€ / L || 
2,03 € || 
Creme coco legere bio || La brik de 200ml || Origine : ITALIE || Noix de coco* (60%), eau, maltodextrines de maÕs*, Ípaississants : gomme de guar, gomme xanthane, carraghÍnanes || Valeur énergétique en Joules :  764kj || Valeur énergétique en Kcal : 185kcal || Glucides : 5,9g || Lipides : 17,1g || Protides :1,3g || 
10,15€ / L || 
2,03 € || 
Préparation pour dessert au soja et au chocolat, certifié AB || La brique de 525g || Origine : FRANCE || Savourez ce délicieux dessert soja Bjorg, un dessert végétal au bon goût de chocolat, seul ou accompagné de petits biscuits ou de fruits. || *Tonyu (eau, *fèves de soja décortiquées (7.2%)), *sucre de canne roux, *amidon de blé, *maltodextrine de maïs, *cacao dégraissé, *chocolat (1%), extrait naturel de cacao, épaississant : carraghénanes, sel marin.*100% des ingrédients d'origine agricole ont été obtenus selon les règles de la production biologique. Sans cholestérol. Sans lactose. || Valeur énergétique en Joules :  409 || Valeur énergétique en Kcal : 97,7 || Glucides : 16,6 || Lipides : 2 || Protides :3 || A conserver au froid après ouverture., Consommer rapidement après ouverture. || 
3,56€ / Kg || 
1,87 € || 
Préparation pour dessert au soja et au chocolat, certifié AB || La brique de 525g || Origine : FRANCE || Savourez ce délicieux dessert soja Bjorg, un dessert végétal au bon goût de chocolat, seul ou accompagné de petits biscuits ou de fruits. || *Tonyu (eau, *fèves de soja décortiquées (7.2%)), *sucre de canne roux, *amidon de blé, *maltodextrine de maïs, *cacao dégraissé, *chocolat (1%), extrait naturel de cacao, épaississant : carraghénanes, sel marin.*100% des ingrédients d'origine agricole ont été obtenus selon les règles de la production biologique. Sans cholestérol. Sans lactose. || Valeur énergétique en Joules :  409 || Valeur énergétique en Kcal : 97,7 || Glucides : 16,6 || Lipides : 2 || Protides :3 || A conserver au froid après ouverture., Consommer rapidement après ouverture. || 
3,56€ / Kg || 
1,87 € || 
Chocolat noir et éclats de fèves || La tablette de 100g || Origine : FRANCE || 
27,50€ / Kg || 
2,75 € || 
Chocolat noir et éclats de fèves || La tablette de 100g || Origine : FRANCE || 
27,50€ / Kg || 
2,75 € || 
Dessert Biofruits, Pomme Vanille || Le Bocal de 680g || Origine : FRANCE || Purée de pommes à la vanille bio. || A consommer comme une compote, au goûter ou au dessert. || Pommes* 99,97%, vanille* en poudre 0,03%. *Produits issus de l'agriculture biologique. Sans sucres ajoutés*. *Contient des sucres naturellement présents. || Valeur énergétique en Joules :  226kj || Valeur énergétique en Kcal : 54kcal || Glucides : 12g || Lipides : 0,1g || Protides :0,3g || A conserver au frais après ouverture et à consommer rapidement. || 
5,26€ / Kg || 
3,58 € || 
Dessert Biofruits, Pomme Vanille || Le Bocal de 680g || Origine : FRANCE || Purée de pommes à la vanille bio. || A consommer comme une compote, au goûter ou au dessert. || Pommes* 99,97%, vanille* en poudre 0,03%. *Produits issus de l'agriculture biologique. Sans sucres ajoutés*. *Contient des sucres naturellement présents. || Valeur énergétique en Joules :  226kj || Valeur énergétique en Kcal : 54kcal || Glucides : 12g || Lipides : 0,1g || Protides :0,3g || A conserver au frais après ouverture et à consommer rapidement. || 
5,26€ / Kg || 
3,58 € || 
Dessert pomme et poire williams || Le bocal de 680g || Origine : FRANCE || 
5,26€ / Kg || 
3,58 € || 
Dessert pomme et poire williams || Le bocal de 680g || Origine : FRANCE || 
5,26€ / Kg || 
3,58 € || 
Cool Fruits || La boite de 4 gourdes de 90g || Origine : FRANCE || Valeur énergétique en Joules :  268kj || Valeur énergétique en Kcal : 63kcal || Glucides : 14g || Lipides : 0,2g || Protides :0,5g || 
10,44€ / Kg || 
3,76 € || 
Cool Fruits || La boite de 4 gourdes de 90g || Origine : FRANCE || Valeur énergétique en Joules :  268kj || Valeur énergétique en Kcal : 63kcal || Glucides : 14g || Lipides : 0,2g || Protides :0,5g || 
10,44€ / Kg || 
3,76 € || 
Cool Fruits Acerola, Pomme, Fraise, Myrtille || Les 4 gourdes de 90G || Origine : FRANCE || Dessert de fruits bio au concentré de fruits : pomme fraise myrtille jus d'acérola. || Ne pas laisser les enfants de moins de 3 ans jouer avec le bouchon. || Pommes* 67%, fraises* 20%, concentré de fruits* (concentré de raisin*, concentré de citron*), myrtilles* 3%, jus d'acérola. *Ingrédients issus de l'agriculture biologique. Sans colorant, sans conservateur. || Valeur énergétique en Joules :  270kj || Valeur énergétique en Kcal : 64kcal || Glucides : 15g || Protides :0,25g || A consommer rapidement après ouverture. Conditionné sous atmosphère protectrice. || 
10,67€ / Kg || 
3,84 € || 
Cool Fruits Acerola, Pomme, Fraise, Myrtille || Les 4 gourdes de 90G || Origine : FRANCE || Dessert de fruits bio au concentré de fruits : pomme fraise myrtille jus d'acérola. || Ne pas laisser les enfants de moins de 3 ans jouer avec le bouchon. || Pommes* 67%, fraises* 20%, concentré de fruits* (concentré de raisin*, concentré de citron*), myrtilles* 3%, jus d'acérola. *Ingrédients issus de l'agriculture biologique. Sans colorant, sans conservateur. || Valeur énergétique en Joules :  270kj || Valeur énergétique en Kcal : 64kcal || Glucides : 15g || Protides :0,25g || A consommer rapidement après ouverture. Conditionné sous atmosphère protectrice. || 
10,67€ / Kg || 
3,84 € || 
Cool Fruits Acerola, Pomme, Mangue, Ananas || Les 4 gourdes de 90G || Origine : FRANCE || Dessert de fruits bio : pomme mangue ananas jus d'acérola. || Ne pas laisser les enfants de moins de 3 ans jouer avec le bouchon. || Pommes* 40%, mangues* 35%, jus d'ananas* 22%, jus d'acérola. *Ingrédients issus de l'agriculture biologique. Sans colorant, sans conservateur. || A consommer rapidement après ouverture. Conditionné sous atmosphère protectrice. || 
10,81€ / Kg || 
3,89 € || 
Cool Fruits Acerola, Pomme, Mangue, Ananas || Les 4 gourdes de 90G || Origine : FRANCE || Dessert de fruits bio : pomme mangue ananas jus d'acérola. || Ne pas laisser les enfants de moins de 3 ans jouer avec le bouchon. || Pommes* 40%, mangues* 35%, jus d'ananas* 22%, jus d'acérola. *Ingrédients issus de l'agriculture biologique. Sans colorant, sans conservateur. || A consommer rapidement après ouverture. Conditionné sous atmosphère protectrice. || 
10,81€ / Kg || 
3,89 € || 
Cool Fruits Acerola Pomme Williams || Les 4 gourdes de 90g || Origine : FRANCE || Dessert de fruits bio : pomme poire jus d'acérola. || Ne pas laisser les enfants de moins de 3 ans jouer avec le bouchon. || Pommes* 57%, poires Williams* 40%, jus d'acérola*. *Ingrédients issus de l'agriculture biologique. Sans colorant, sans conservateur. || Valeur énergétique en Joules :  224kj || Valeur énergétique en Kcal : 53kcal || Glucides : 11,5g || Lipides : 0,2g || Protides :0,4g || A consommer rapidement après ouverture. Conditionné sous atmosphère protectrice. || 
10,33€ / Kg || 
3,72 € || 
Cool Fruits Acerola Pomme Williams || Les 4 gourdes de 90g || Origine : FRANCE || Dessert de fruits bio : pomme poire jus d'acérola. || Ne pas laisser les enfants de moins de 3 ans jouer avec le bouchon. || Pommes* 57%, poires Williams* 40%, jus d'acérola*. *Ingrédients issus de l'agriculture biologique. Sans colorant, sans conservateur. || Valeur énergétique en Joules :  224kj || Valeur énergétique en Kcal : 53kcal || Glucides : 11,5g || Lipides : 0,2g || Protides :0,4g || A consommer rapidement après ouverture. Conditionné sous atmosphère protectrice. || 
10,33€ / Kg || 
3,72 € || 
Cool Fruits Pomme || Les 4 gourdes de 90g || Origine : FRANCE || Dessert de fruits bio au concentré de fruits : pomme. || Ne pas laisser les enfants de moins de 3 ans jouer avec le bouchon. || Pommes* 96%, concentré de fruits* 4% (concentré de raisin*, concentré de citron*). *Ingrédients issus de l'agriculture biologique. Sans colorant, sans conservateur. || Valeur énergétique en Joules :  254kj || Valeur énergétique en Kcal : 60kcal || Glucides : 14g || Protides :0,2g || A consommer rapidement après ouverture. Conditionné sous atmosphère protectrice. || 
10,64€ / Kg || 
3,83 € || 
Cool Fruits Pomme || Les 4 gourdes de 90g || Origine : FRANCE || Dessert de fruits bio au concentré de fruits : pomme. || Ne pas laisser les enfants de moins de 3 ans jouer avec le bouchon. || Pommes* 96%, concentré de fruits* 4% (concentré de raisin*, concentré de citron*). *Ingrédients issus de l'agriculture biologique. Sans colorant, sans conservateur. || Valeur énergétique en Joules :  254kj || Valeur énergétique en Kcal : 60kcal || Glucides : 14g || Protides :0,2g || A consommer rapidement après ouverture. Conditionné sous atmosphère protectrice. || 
10,64€ / Kg || 
3,83 € || 
Cool Fruits Pomme Pêche Abricot Acérola || Les 4 gourdes de 90g || Origine : FRANCE || Dessert de fruits bio au concentré de fruits : pomme pêche abricot jus d'acérola. || Ne pas laisser les enfants de moins de 3 ans jouer avec le bouchon. || Pommes* 61%, pêches* 18%, concentré de fruits* (concentré de raisin*, concentré de citron*), abricots* 9%, jus d'acérola*. *Ingrédients issus de l'agriculture biologique. || Valeur énergétique en Joules :  304kj || Valeur énergétique en Kcal : 72kcal || Glucides : 16,9g || Protides :0,3g || A consommer rapidement après ouverture. Conditionné sous atmosphère protectrice. || 
11,33€ / Kg || 
4,08 € || 
Cool Fruits Pomme Pêche Abricot Acérola || Les 4 gourdes de 90g || Origine : FRANCE || Dessert de fruits bio au concentré de fruits : pomme pêche abricot jus d'acérola. || Ne pas laisser les enfants de moins de 3 ans jouer avec le bouchon. || Pommes* 61%, pêches* 18%, concentré de fruits* (concentré de raisin*, concentré de citron*), abricots* 9%, jus d'acérola*. *Ingrédients issus de l'agriculture biologique. || Valeur énergétique en Joules :  304kj || Valeur énergétique en Kcal : 72kcal || Glucides : 16,9g || Protides :0,3g || A consommer rapidement après ouverture. Conditionné sous atmosphère protectrice. || 
11,33€ / Kg || 
4,08 € || 
Compotes pomme et fraise, allégées en sucre, certifié AB || Les 4 gourdes de 90g || Origine : FRANCE || Il est recommandé de consommer 5 fruits et légumes par jour. 1 Pom'Potes correspond à 1 des 5 portions quotidiennes dans l'alimentation de votre enfant. Cette recette Bio utilise des fruits issus de l'agriculture biologique. || Ne pas laisser les enfants de moins de 36 mois sans surveillance avec le bouchon dévissable. || Pomme* 72,8%, fraise* 21,6%, sucre de canne*, antioxygène: acide ascorbique. * issu de l'agriculture biologique. Sans conservateur, sans colorant conformément à la règlementation. Sans gluten. || Valeur énergétique en Joules :  291kj || Valeur énergétique en Kcal : 69kcal || Glucides : 15g || Lipides : 0,5g || Protides :0,4g || A consommer dans les 24h après ouverture de la gourde. || 
7,39€ / Kg || 
2,66 € || 
Compotes pomme et fraise, allégées en sucre, certifié AB || Les 4 gourdes de 90g || Origine : FRANCE || Il est recommandé de consommer 5 fruits et légumes par jour. 1 Pom'Potes correspond à 1 des 5 portions quotidiennes dans l'alimentation de votre enfant. Cette recette Bio utilise des fruits issus de l'agriculture biologique. || Ne pas laisser les enfants de moins de 36 mois sans surveillance avec le bouchon dévissable. || Pomme* 72,8%, fraise* 21,6%, sucre de canne*, antioxygène: acide ascorbique. * issu de l'agriculture biologique. Sans conservateur, sans colorant conformément à la règlementation. Sans gluten. || Valeur énergétique en Joules :  291kj || Valeur énergétique en Kcal : 69kcal || Glucides : 15g || Lipides : 0,5g || Protides :0,4g || A consommer dans les 24h après ouverture de la gourde. || 
7,39€ / Kg || 
2,66 € || 
Pomme nature Bio allégée en sucres || Les 4 gourdes de 90g || Origine : FRANCE || Le gouter de fruit bio pour les enfants, à emporter partout. || Pomme bio 95,5%, sucre de canne bio, antioxydant : acide ascorbique. Compote allégée en sucres, 30% de sucres en moins. || Valeur énergétique en Joules :  298kj || Valeur énergétique en Kcal : 71kcal || Glucides : 15,4g || Lipides : 0,6g || Protides :0,3g || A consommer rapidement après ouverture. || 
7,17€ / Kg || 
2,58 € || 
Pomme nature Bio allégée en sucres || Les 4 gourdes de 90g || Origine : FRANCE || Le gouter de fruit bio pour les enfants, à emporter partout. || Pomme bio 95,5%, sucre de canne bio, antioxydant : acide ascorbique. Compote allégée en sucres, 30% de sucres en moins. || Valeur énergétique en Joules :  298kj || Valeur énergétique en Kcal : 71kcal || Glucides : 15,4g || Lipides : 0,6g || Protides :0,3g || A consommer rapidement après ouverture. || 
7,17€ / Kg || 
2,58 € || 
Superfruits, pomme, grenade, acérola || Les 4 gourdes de 70ml || Origine : FRANCE || 1 gourde de Vitabio Superfruits par jour vous aide à augmenter votre apport quotidien en polyphénols, et de la pomme vient adoucir ce savoureux mélange. || Ne pas laisser les enfants de moins de 3 ans jouer avec le bouchon. || Pur jus de grenade* 45%, purée de pomme* 35%, pur jus d'acérola* 20%. *Ingrédients issus de l'agriculture biologique. || A consommer rapidement après ouverture. || 
15,75€ / L || 
4,41 € || 
Superfruits, pomme, grenade, acérola || Les 4 gourdes de 70ml || Origine : FRANCE || 1 gourde de Vitabio Superfruits par jour vous aide à augmenter votre apport quotidien en polyphénols, et de la pomme vient adoucir ce savoureux mélange. || Ne pas laisser les enfants de moins de 3 ans jouer avec le bouchon. || Pur jus de grenade* 45%, purée de pomme* 35%, pur jus d'acérola* 20%. *Ingrédients issus de l'agriculture biologique. || A consommer rapidement après ouverture. || 
15,75€ / L || 
4,41 € || 
Galettes de riz complet || Le paquet de 115g || Origine : FRANCE || Riz complet 97,9%, sésame 2%, sel marin 0,1%.                                  Traces de gluten. || Valeur énergétique en Joules :  1678kj || Valeur énergétique en Kcal : 397kcal || Glucides : 82g || Lipides : 3g || Protides :8,3g || à protéger de la chaleur; à conserver à l'abri de l'humidité; Refermer soigneusement après utilisation. || 
9,91€ / Kg || 
1,14 € || 
Galettes de riz complet || Le paquet de 115g || Origine : FRANCE || Riz complet 97,9%, sésame 2%, sel marin 0,1%.                                  Traces de gluten. || Valeur énergétique en Joules :  1678kj || Valeur énergétique en Kcal : 397kcal || Glucides : 82g || Lipides : 3g || Protides :8,3g || à protéger de la chaleur; à conserver à l'abri de l'humidité; Refermer soigneusement après utilisation. || 
9,91€ / Kg || 
1,14 € || 
Galettes de riz nappées au chocolat noir || Le paquet de 90g || Origine : FRANCE || Refermer le sachet après ouverture. A conserver à l'abri de la chaleur et de l'humidité. || Chocolat noir 59% (pâte de cacao, sucre de canne roux, beurre de cacao), riz complet 41%. || Valeur énergétique en Joules :  1978Kj || Valeur énergétique en Kcal : 472KCal || Glucides : 58g || Lipides : 24g || Protides :6,1g || A conserver à l'abri de la chaleur et de l'humidité. || 
19,89€ / Kg || 
1,79 € || 
Galettes de riz nappées au chocolat noir || Le paquet de 90g || Origine : FRANCE || Refermer le sachet après ouverture. A conserver à l'abri de la chaleur et de l'humidité. || Chocolat noir 59% (pâte de cacao, sucre de canne roux, beurre de cacao), riz complet 41%. || Valeur énergétique en Joules :  1978Kj || Valeur énergétique en Kcal : 472KCal || Glucides : 58g || Lipides : 24g || Protides :6,1g || A conserver à l'abri de la chaleur et de l'humidité. || 
19,89€ / Kg || 
1,79 € || 
Galettes fines aux 3 céréales et sésame, certifié AB || Le paquet de 130g || Origine : BELGIQUE || Si les galettes ont perdu de leur croquant, passez-les au four quelques instants. || Céréales 93% (grains de blé* 49%, grains de maïs*, grains de riz complet*), graines de sésames* 5%, sel. Présence possible de soja. *ingrédients issus de l'agriculture biologique. || Valeur énergétique en Joules :  1641kj || Valeur énergétique en Kcal : 388kcal || Glucides : 73g || Lipides : 4,1g || Protides :11g || Conserver dans un endroit sec, à l'abri de l'humidité. Refermer soigneusement l'emballage après chaque utilisation. || 
11,62€ / Kg || 
1,51 € || 
Galettes fines aux 3 céréales et sésame, certifié AB || Le paquet de 130g || Origine : BELGIQUE || Si les galettes ont perdu de leur croquant, passez-les au four quelques instants. || Céréales 93% (grains de blé* 49%, grains de maïs*, grains de riz complet*), graines de sésames* 5%, sel. Présence possible de soja. *ingrédients issus de l'agriculture biologique. || Valeur énergétique en Joules :  1641kj || Valeur énergétique en Kcal : 388kcal || Glucides : 73g || Lipides : 4,1g || Protides :11g || Conserver dans un endroit sec, à l'abri de l'humidité. Refermer soigneusement l'emballage après chaque utilisation. || 
11,62€ / Kg || 
1,51 € || 
Galettes pur beurre, certifié AB || Le paquet de 125g || Origine : FRANCE || Monoprix a sélectionné pour vous, avec des entreprises partenaires, des produits issus de l'agriculture biologique. Leurs modes de production et de transformation sont contrôlés et certifiés par un organisme indépendant, conformément à la réglementation en vigueur. Les producteurs emploient des fertilisants respectueux de l'environnement et pratiquent la rotation des cultures afin de garder des sols vivants et une fertilité durable. || Farine de blé*, sucre roux de canne* 25%, beurre*25%, oeufs entiers en poudre*, sel marin, arôme naturel vanille, poudre à lever : carbonate d'ammonium, lait écrémé en poudre*. *Ingrédients issus de l'agriculture biologique. Présence possible de fruits à coque, de soja, de sésame et d'arachides. || Valeur énergétique en Joules :  2044Kj || Valeur énergétique en Kcal : 487Kcal || Glucides : 68g || Lipides : 21g || Protides :6,5g || Pour préserver tout le croustillant de ces galettes, conservez-les à l'abri de l'humidité et de la chaleur. || 
11,60€ / Kg || 
1,45 € || 
Galettes pur beurre, certifié AB || Le paquet de 125g || Origine : FRANCE || Monoprix a sélectionné pour vous, avec des entreprises partenaires, des produits issus de l'agriculture biologique. Leurs modes de production et de transformation sont contrôlés et certifiés par un organisme indépendant, conformément à la réglementation en vigueur. Les producteurs emploient des fertilisants respectueux de l'environnement et pratiquent la rotation des cultures afin de garder des sols vivants et une fertilité durable. || Farine de blé*, sucre roux de canne* 25%, beurre*25%, oeufs entiers en poudre*, sel marin, arôme naturel vanille, poudre à lever : carbonate d'ammonium, lait écrémé en poudre*. *Ingrédients issus de l'agriculture biologique. Présence possible de fruits à coque, de soja, de sésame et d'arachides. || Valeur énergétique en Joules :  2044Kj || Valeur énergétique en Kcal : 487Kcal || Glucides : 68g || Lipides : 21g || Protides :6,5g || Pour préserver tout le croustillant de ces galettes, conservez-les à l'abri de l'humidité et de la chaleur. || 
11,60€ / Kg || 
1,45 € || 
Pain aux céréales tranché, certifié AB || Le paquet de 400g || Origine : FRANCE || Farine de blé* 50%, eau, huile de colza*, sucre de canne* roux, graines de tournesol*Monoprix Bio || 
5,90€ / Kg || 
2,36 € || 
Pain aux céréales tranché, certifié AB || Le paquet de 400g || Origine : FRANCE || Farine de blé* 50%, eau, huile de colza*, sucre de canne* roux, graines de tournesol*Monoprix Bio || 
5,90€ / Kg || 
2,36 € || 
Pain de mie nature || Le paquet de 500g || Origine : BELGIQUE || A consommer nature ou toasté, ce pain de mie est idéal pour le petit déjeuner, pour confectionner des sandwichs variés ou des canapés gourmands.  . || Farine de blé 57%, eau, huile de palme, sucre roux de canne, levure, vinaigre de cidre, sel, gluten de blé, malt d'orge, || Valeur énergétique en Joules :  1150 || Valeur énergétique en Kcal : 272 || Glucides : 47 || Lipides : 5.5 || Protides :8.3 || A conserver à l'abri de la chaleur et de l'humidité Bien refermer le sachet après chaque utilisation || 
5,12€ / Kg || 
2,56 € || 
Pain de mie nature || Le paquet de 500g || Origine : BELGIQUE || A consommer nature ou toasté, ce pain de mie est idéal pour le petit déjeuner, pour confectionner des sandwichs variés ou des canapés gourmands.  . || Farine de blé 57%, eau, huile de palme, sucre roux de canne, levure, vinaigre de cidre, sel, gluten de blé, malt d'orge, || Valeur énergétique en Joules :  1150 || Valeur énergétique en Kcal : 272 || Glucides : 47 || Lipides : 5.5 || Protides :8.3 || A conserver à l'abri de la chaleur et de l'humidité Bien refermer le sachet après chaque utilisation || 
5,12€ / Kg || 
2,56 € || 
Pain spécial de campagne || Le paquet de 400g || Origine : FRANCE || Farine de blé* 53%, eau, farine de seigle* 9,4%, huile de colza*, sucre de canne* roux, gluten de blé* 2%, vinaigre de citre*, sel, levure, farine d'orge maltée torréfiée* 0,2%. *Ingrédients issus de l'agriculture biologique. || A conserver dans un endroit frais et sec. Après ouverture, bien replacer l'entame sur la première tranche et refermer le sachet à l'aide du clip. || 
5,63€ / Kg || 
2,25 € || 
Pain spécial de campagne || Le paquet de 400g || Origine : FRANCE || Farine de blé* 53%, eau, farine de seigle* 9,4%, huile de colza*, sucre de canne* roux, gluten de blé* 2%, vinaigre de citre*, sel, levure, farine d'orge maltée torréfiée* 0,2%. *Ingrédients issus de l'agriculture biologique. || A conserver dans un endroit frais et sec. Après ouverture, bien replacer l'entame sur la première tranche et refermer le sachet à l'aide du clip. || 
5,63€ / Kg || 
2,25 € || 
Toast aux 3 graines, tournesol, lin et sésame, certifié AB || Le paquet de 200g || Origine : ALLEMAGNE || Monoprix a sélectionné pour vous, avec des entreprises partenaires, des produits issus de l'agriculture biologique. Leurs modes de production et de transformation sont contrôlés et certifiés par un organisme indépendant conformément à la réglementation en vigueur. Les producteurs emploient des fertilisants respectueux de l'environnement et pratiquent la rotation des cultures afin de garder des sols vivants et une fertilité durable. || Farine de blé complet*, graines de tournesol* 11%, graines de sésame* 10%, graines de lin* 6%, flocons d'avoine*, sel, levure, extrait de malt d'orge*. Présence possible de lait. *Ingrédients issus de l'agriculture biologique. || A conserver dans un endroit sec et frais, à l'abri de la lumière. || 
16,60€ / Kg || 
3,32 € || 
Toast aux 3 graines, tournesol, lin et sésame, certifié AB || Le paquet de 200g || Origine : ALLEMAGNE || Monoprix a sélectionné pour vous, avec des entreprises partenaires, des produits issus de l'agriculture biologique. Leurs modes de production et de transformation sont contrôlés et certifiés par un organisme indépendant conformément à la réglementation en vigueur. Les producteurs emploient des fertilisants respectueux de l'environnement et pratiquent la rotation des cultures afin de garder des sols vivants et une fertilité durable. || Farine de blé complet*, graines de tournesol* 11%, graines de sésame* 10%, graines de lin* 6%, flocons d'avoine*, sel, levure, extrait de malt d'orge*. Présence possible de lait. *Ingrédients issus de l'agriculture biologique. || A conserver dans un endroit sec et frais, à l'abri de la lumière. || 
16,60€ / Kg || 
3,32 € || 
Toasts croustillants saveur mozzarella et tomate, issus de l'agriculture biologique || Le sachet de 200g || Origine : FRANCE || Biscuits croustillants saveur mozzarella et tomate, issus de l'agriculture biologique. || Farine de blé complet* 64%, mozzarella râpée* 7% (lait pasteurisé*, ferments lactiques, sel, présure, amidon de maïs*), emmental* 7%, flocons de tomate* 6%, graines de lin* 5%, graines de sésame* 3%, sel de mer, levure, extrait de malt d'orge*, herbes de Provence*. *Ingrédients issus de l'agriculture biologique. Fabriqué en Allemagne. || Valeur énergétique en Joules :  1639kj || Valeur énergétique en Kcal : 390kcal || Glucides : 53g || Lipides : 10g || Protides :16g || A conserver dans un endroit frais et sec, à l'abri de la lumière. || 
16,95€ / Kg || 
3,39 € || 
Toasts croustillants saveur mozzarella et tomate, issus de l'agriculture biologique || Le sachet de 200g || Origine : FRANCE || Biscuits croustillants saveur mozzarella et tomate, issus de l'agriculture biologique. || Farine de blé complet* 64%, mozzarella râpée* 7% (lait pasteurisé*, ferments lactiques, sel, présure, amidon de maïs*), emmental* 7%, flocons de tomate* 6%, graines de lin* 5%, graines de sésame* 3%, sel de mer, levure, extrait de malt d'orge*, herbes de Provence*. *Ingrédients issus de l'agriculture biologique. Fabriqué en Allemagne. || Valeur énergétique en Joules :  1639kj || Valeur énergétique en Kcal : 390kcal || Glucides : 53g || Lipides : 10g || Protides :16g || A conserver dans un endroit frais et sec, à l'abri de la lumière. || 
16,95€ / Kg || 
3,39 € || 
Vollkornbrot, pain de seigle complet égrugé tranché, certifié AB || Le paquet de 500g || Origine : ALLEMAGNE || Riche en fibres. Origine Allemagne. Levain de seigle. || Levain* 34% (seigle complet égrugé* 20%, eau), seigle complet égrugé* 33%, eau, extrait de malt d'orge*, sel, levure. Présence possible de sésame. *ingrédients issus de l'agriculture biologique. || Valeur énergétique en Joules :  894Kj || Valeur énergétique en Kcal : 212Kcal || Glucides : 40g || Lipides : 1,3g || Protides :5,5g || A conserver dans un endroit sec et frais, à l'abri de la lumière. || 
4,68€ / Kg || 
2,34 € || 
Vollkornbrot, pain de seigle complet égrugé tranché, certifié AB || Le paquet de 500g || Origine : ALLEMAGNE || Riche en fibres. Origine Allemagne. Levain de seigle. || Levain* 34% (seigle complet égrugé* 20%, eau), seigle complet égrugé* 33%, eau, extrait de malt d'orge*, sel, levure. Présence possible de sésame. *ingrédients issus de l'agriculture biologique. || Valeur énergétique en Joules :  894Kj || Valeur énergétique en Kcal : 212Kcal || Glucides : 40g || Lipides : 1,3g || Protides :5,5g || A conserver dans un endroit sec et frais, à l'abri de la lumière. || 
4,68€ / Kg || 
2,34 € || 
Fines galettes au chocolat noir, certifié AB || Le paquet de 90g || Origine : FRANCE || Découvrez notre fine galette de riz, nappée de chocolat noir. Elle est élaborée avec du riz complet et est naturellement riche en fibres et en magnésium. || *Chocolat noir 59%, (*pâte de cacao, *sucre de canne roux, *beurre de cacao), *riz complet 41%. *100% des ingrédients d'origine agricole ont été obtenus selon les règles de la production biologique. Sans gluten. || Valeur énergétique en Joules :  2005Kj || Valeur énergétique en Kcal : 479Kcal || Glucides : 59,2g || Lipides : 23,3g || Protides :8g || A conserver dans un endroit frais et sec. || 
25,89€ / Kg || 
2,33 € || 
Fines galettes au chocolat noir, certifié AB || Le paquet de 90g || Origine : FRANCE || Découvrez notre fine galette de riz, nappée de chocolat noir. Elle est élaborée avec du riz complet et est naturellement riche en fibres et en magnésium. || *Chocolat noir 59%, (*pâte de cacao, *sucre de canne roux, *beurre de cacao), *riz complet 41%. *100% des ingrédients d'origine agricole ont été obtenus selon les règles de la production biologique. Sans gluten. || Valeur énergétique en Joules :  2005Kj || Valeur énergétique en Kcal : 479Kcal || Glucides : 59,2g || Lipides : 23,3g || Protides :8g || A conserver dans un endroit frais et sec. || 
25,89€ / Kg || 
2,33 € || 
Fines galettes de riz || Le paquet de 130g || Origine : FRANCE || Laissez-vous tenter par la légèreté des Fines Galettes de Riz Bjorg. Elle n'apportent que 20 kcal, et sont source de fibres.D'une extrême finesse, ces galettes se dégustent nature ou tartinées, pour un plaisir salé ou sucré. || Riz complet* (99,8%), sel marin. *100% des ingrédients d'origine agricole ont été obtenus selon les règles de la production biologique. Sans gluten. || Valeur énergétique en Joules :  1590kj || Valeur énergétique en Kcal : 350kcal || Glucides : 80,4g || Lipides : 3,1g || Protides :7,6g || A conserver dans un endroit frais et sec. || 
15,46€ / Kg || 
2,01 € || 
Fines galettes de riz || Le paquet de 130g || Origine : FRANCE || Laissez-vous tenter par la légèreté des Fines Galettes de Riz Bjorg. Elle n'apportent que 20 kcal, et sont source de fibres.D'une extrême finesse, ces galettes se dégustent nature ou tartinées, pour un plaisir salé ou sucré. || Riz complet* (99,8%), sel marin. *100% des ingrédients d'origine agricole ont été obtenus selon les règles de la production biologique. Sans gluten. || Valeur énergétique en Joules :  1590kj || Valeur énergétique en Kcal : 350kcal || Glucides : 80,4g || Lipides : 3,1g || Protides :7,6g || A conserver dans un endroit frais et sec. || 
15,46€ / Kg || 
2,01 € || 
Galette riz complet au sésame bio x17 || Le paquet de 130g || Origine : FRANCE || Nos galettes de riz complet au sésame sont source de fibres.D'une texture légère, elle contiennent 25 kcal par galette. Appréciez leur texture croustillante et l'alliance subtile du riz complet et des graines de sésame. || *Riz complet (94.6%), *sésame (4.8%), sel. *Ingrédients issus de l'agriculture biologique. Naturellement sans gluten. || Valeur énergétique en Joules :  1560Kj || Valeur énergétique en Kcal : 373KCal || Glucides : 78g || Lipides : 3,2g || Protides :8g || A conserver dans un endroit frais et sec et/ ou dans une boite hermétique. En cas d'oubli, passer les galettes au four quelques instants : elles retrouveront tout leur croquant ! || 
12,23€ / Kg || 
1,59 € || 
Galette riz complet au sésame bio x17 || Le paquet de 130g || Origine : FRANCE || Nos galettes de riz complet au sésame sont source de fibres.D'une texture légère, elle contiennent 25 kcal par galette. Appréciez leur texture croustillante et l'alliance subtile du riz complet et des graines de sésame. || *Riz complet (94.6%), *sésame (4.8%), sel. *Ingrédients issus de l'agriculture biologique. Naturellement sans gluten. || Valeur énergétique en Joules :  1560Kj || Valeur énergétique en Kcal : 373KCal || Glucides : 78g || Lipides : 3,2g || Protides :8g || A conserver dans un endroit frais et sec et/ ou dans une boite hermétique. En cas d'oubli, passer les galettes au four quelques instants : elles retrouveront tout leur croquant ! || 
12,23€ / Kg || 
1,59 € || 
Galettes, riz, maïs et graines || Le paquet de 130g || Origine : BELGIQUE || Découvrez le mélange délicat du riz et du maïs associé au croquant des graines de lin et de tournesol. Nos galettes de riz, maïs & graines sont élaborés à partir de riz complet et de graines issues de l'agriculture biologique. Naturellement source defibres, nos galettes ne contiennent pas de gluten. || *Riz complet (62%), *MaÕs (30%), *graines de lin (6%), *graines de tournesol (1,5%), sel marin || Valeur énergétique en Joules :  1630kj || Valeur énergétique en Kcal : 390kcal || Glucides : 73,7g || Lipides : 5g || Protides :8,1g || A conserver dans un endroit frais et sec. Après ouverture, à conserver dans une boite hermétique. En cas d'oubli, passer les galettes au four quelques instants : elles retrouveront tout leur croquant. || 
16,54€ / L || 
2,15 € || 
Galettes, riz, maïs et graines || Le paquet de 130g || Origine : BELGIQUE || Découvrez le mélange délicat du riz et du maïs associé au croquant des graines de lin et de tournesol. Nos galettes de riz, maïs & graines sont élaborés à partir de riz complet et de graines issues de l'agriculture biologique. Naturellement source defibres, nos galettes ne contiennent pas de gluten. || *Riz complet (62%), *MaÕs (30%), *graines de lin (6%), *graines de tournesol (1,5%), sel marin || Valeur énergétique en Joules :  1630kj || Valeur énergétique en Kcal : 390kcal || Glucides : 73,7g || Lipides : 5g || Protides :8,1g || A conserver dans un endroit frais et sec. Après ouverture, à conserver dans une boite hermétique. En cas d'oubli, passer les galettes au four quelques instants : elles retrouveront tout leur croquant. || 
16,54€ / L || 
2,15 € || 
Galettes 4 céréales extra fines, Agriculture biologique || Le paquet de 130g || Origine : FRANCE || Les Galettes 4 Céréales Extra-Fines Bjorg sont élaborées à base de 4 céréales complètes (riz, froment, millet et sarrasin) 100% biologiques* . Avec leur texture légère, elles sont peu caloriques, seulement 17 kcal par galette. Les Galettes 4 CéréalesExtra-Fines Bjorg sont sources de fibres, éléments essentiels au bon fonctionnement de notre organisme, et de protéines végétales, nécessaires à la construction et à l'entretien de notre corps. || *Riz complet (61,2%), *froment complet (30,6%), *millet complet (4,3%), *sarrasin complet (3,3%), sel. * 100% de singrédients d'origine agricole ont été obtenus selon les règles de la production biologique. || Valeur énergétique en Joules :  1552Kj || Valeur énergétique en Kcal : 366Kcal || Glucides : 75g || Lipides : 2,9g || Protides :10g || A conserver dans un endroit sec, à l'abri de l'humidité et/ ou dans une boite hermétique. En cas d'oubli, passer les galettes au four quelques instants : elles retrouveront tout leur croquant ! || 
12,77€ / Kg || 
1,66 € || 
Galettes 4 céréales extra fines, Agriculture biologique || Le paquet de 130g || Origine : FRANCE || Les Galettes 4 Céréales Extra-Fines Bjorg sont élaborées à base de 4 céréales complètes (riz, froment, millet et sarrasin) 100% biologiques* . Avec leur texture légère, elles sont peu caloriques, seulement 17 kcal par galette. Les Galettes 4 CéréalesExtra-Fines Bjorg sont sources de fibres, éléments essentiels au bon fonctionnement de notre organisme, et de protéines végétales, nécessaires à la construction et à l'entretien de notre corps. || *Riz complet (61,2%), *froment complet (30,6%), *millet complet (4,3%), *sarrasin complet (3,3%), sel. * 100% de singrédients d'origine agricole ont été obtenus selon les règles de la production biologique. || Valeur énergétique en Joules :  1552Kj || Valeur énergétique en Kcal : 366Kcal || Glucides : 75g || Lipides : 2,9g || Protides :10g || A conserver dans un endroit sec, à l'abri de l'humidité et/ ou dans une boite hermétique. En cas d'oubli, passer les galettes au four quelques instants : elles retrouveront tout leur croquant ! || 
12,77€ / Kg || 
1,66 € || 
Galettes aux 4 céréales || Le paquet de 17 galettes || Origine : FRANCE || Nos galettes 4 céréales Bjorg, élaborées à base de 4 céréales complètes (riz, froment, millet et sarrasin), ont une texture légère. Elles sont riches en fibres.Pionnier du bio Bjorg s'engage depuis 20 ans pour la Bio-Nutrition : une alimentation biologique dont les ingrédients ont été choisis et associés pour leurs qualités nutritionnelles. || Elles peuvent être dégustées lors de tous vos repas. Passer les galettes au four quelques instants : elles retrouveront tout leur croquant ! || *Riz complet (61,2%), *froment complet (30,6%), *millet complet (4.3%), *sarrasin complet (3,3%), sel. 100% des ingrédients d'origine agricole ont été obtenus selon les règles de la production biologique. Convient aux végétariens et aux végétaliens. || Valeur énergétique en Joules :  1552 || Valeur énergétique en Kcal : 370,8 || Glucides : 75 || Lipides : 2,9 || Protides :10 || A conserver dans un endroit frais et sec et/ou dans une boîte hermétique. || 
10,85€ / Kg || 
1,41 € || 
Galettes aux 4 céréales || Le paquet de 17 galettes || Origine : FRANCE || Nos galettes 4 céréales Bjorg, élaborées à base de 4 céréales complètes (riz, froment, millet et sarrasin), ont une texture légère. Elles sont riches en fibres.Pionnier du bio Bjorg s'engage depuis 20 ans pour la Bio-Nutrition : une alimentation biologique dont les ingrédients ont été choisis et associés pour leurs qualités nutritionnelles. || Elles peuvent être dégustées lors de tous vos repas. Passer les galettes au four quelques instants : elles retrouveront tout leur croquant ! || *Riz complet (61,2%), *froment complet (30,6%), *millet complet (4.3%), *sarrasin complet (3,3%), sel. 100% des ingrédients d'origine agricole ont été obtenus selon les règles de la production biologique. Convient aux végétariens et aux végétaliens. || Valeur énergétique en Joules :  1552 || Valeur énergétique en Kcal : 370,8 || Glucides : 75 || Lipides : 2,9 || Protides :10 || A conserver dans un endroit frais et sec et/ou dans une boîte hermétique. || 
10,85€ / Kg || 
1,41 € || 
Galettes chocolat noir coco || Le paquet de 90g || Origine : FRANCE || Découvrez notre fine galette de riz, nappée de chocolat noir et délicatement saupoudrée de noix de coco.Alliez plaisir gourmand et bienfaits nutritionnels avec cette galette biologique, naturellement riche en fibres et source de magnésium. || *Chocolat noir (53%) (*pâte de cacao, *sucre de canne, *beurre de cacao), *riz complet (41%), *noix de coco (6%). *100% des ingrédients d'origine agricole ont été obtenus selon les règles de la production biologique. Sans gluten. || Valeur énergétique en Joules :  2020kj || Valeur énergétique en Kcal : 485kcal || Glucides : 56,5g || Lipides : 25,8g || Protides :6,3g || A conserver à l'abri de la chaleur et de l'humidité. || 
37,44€ / Kg || 
3,37 € || 
Galettes chocolat noir coco || Le paquet de 90g || Origine : FRANCE || Découvrez notre fine galette de riz, nappée de chocolat noir et délicatement saupoudrée de noix de coco.Alliez plaisir gourmand et bienfaits nutritionnels avec cette galette biologique, naturellement riche en fibres et source de magnésium. || *Chocolat noir (53%) (*pâte de cacao, *sucre de canne, *beurre de cacao), *riz complet (41%), *noix de coco (6%). *100% des ingrédients d'origine agricole ont été obtenus selon les règles de la production biologique. Sans gluten. || Valeur énergétique en Joules :  2020kj || Valeur énergétique en Kcal : 485kcal || Glucides : 56,5g || Lipides : 25,8g || Protides :6,3g || A conserver à l'abri de la chaleur et de l'humidité. || 
37,44€ / Kg || 
3,37 € || 
Galettes de maïs au chocolat au lait || Le paquet de 100g || Origine : FRANCE || Découvrez nos délicieuses galettes de maïs recouvertes d'une couche onctueuse de chocolat au lait gourmand. Appréciez leur texture légère et leur bon goût de maïs soufflé. || *Chocolat au lait (60%) (*sucre, *beurre de cacao, *lait entier en poudre, *pâte de cacao, émulsifiant : lécithine de soja), *maïs (28%), *maïs extrudé. *99% des ingrédients d'origine agricole ont été obtenus selon les règles de la production biologique. Sans gluten. || Valeur énergétique en Joules :  2030kj || Valeur énergétique en Kcal : 480kcal || Glucides : 66g || Lipides : 21g || Protides :6,5g || A conserver à l'abri de la chaleur et de l'humidité. || 
35,10€ / Kg || 
3,51 € || 
Galettes de maïs au chocolat au lait || Le paquet de 100g || Origine : FRANCE || Découvrez nos délicieuses galettes de maïs recouvertes d'une couche onctueuse de chocolat au lait gourmand. Appréciez leur texture légère et leur bon goût de maïs soufflé. || *Chocolat au lait (60%) (*sucre, *beurre de cacao, *lait entier en poudre, *pâte de cacao, émulsifiant : lécithine de soja), *maïs (28%), *maïs extrudé. *99% des ingrédients d'origine agricole ont été obtenus selon les règles de la production biologique. Sans gluten. || Valeur énergétique en Joules :  2030kj || Valeur énergétique en Kcal : 480kcal || Glucides : 66g || Lipides : 21g || Protides :6,5g || A conserver à l'abri de la chaleur et de l'humidité. || 
35,10€ / Kg || 
3,51 € || 
Galettes de Mais au chocolat noir || Le paquet de 95g || Origine : FRANCE || Savourez l'alliance de leur chocolat noir fondant et de leur texture légère au bon goût des maïs soufflé. Naturellement source de fibres et source de magnésium. || Chocolat noir* (57%) (sucre* canne, *beurre de cacao, *cacao, *poudre de cacao d{graiss{, {mulsifiant : l{cithine de soja, arôme naturel de vanille) *maïs (43%). *99,9% des ingr{dients d'origine agricole ont {t{ obtenus selon les r{gles de la production biologique. || Valeur énergétique en Joules :  1981kj || Valeur énergétique en Kcal : 473kcal || Glucides : 66,1g || Lipides : 19,4g || Protides :5,9g || A conserver à l'abri de la chaleur et de l'humidité. || 
34,84€ / Kg || 
3,31 € || 
Galettes de Mais au chocolat noir || Le paquet de 95g || Origine : FRANCE || Savourez l'alliance de leur chocolat noir fondant et de leur texture légère au bon goût des maïs soufflé. Naturellement source de fibres et source de magnésium. || Chocolat noir* (57%) (sucre* canne, *beurre de cacao, *cacao, *poudre de cacao d{graiss{, {mulsifiant : l{cithine de soja, arôme naturel de vanille) *maïs (43%). *99,9% des ingr{dients d'origine agricole ont {t{ obtenus selon les r{gles de la production biologique. || Valeur énergétique en Joules :  1981kj || Valeur énergétique en Kcal : 473kcal || Glucides : 66,1g || Lipides : 19,4g || Protides :5,9g || A conserver à l'abri de la chaleur et de l'humidité. || 
34,84€ / Kg || 
3,31 € || 
Galettes de maïs extra-fines || Le paquet de 130g || Origine : FRANCE || D'une texture légère, nos galettes de maïs sont riches en fibres. Appréciez leur belle couleur dorée et leur bon goût de maïs soufflé. || *Maïs (99,4%), sel. *ingrédient d'origine agricole obtenu selon les règles de la production biologique. || Valeur énergétique en Joules :  1420Kj || Valeur énergétique en Kcal : 340Kcal || Glucides : 74,3g || Lipides : 4,1g || Protides :12,7g || A conserver dans un endroit frais et sec et/ou dans une boîte hermétique. En cas d'oubli, passer les galettes au four quelques instants : elles retrouveront tout leur croquant. || 
12,31€ / Kg || 
1,60 € || 
Galettes de maïs extra-fines || Le paquet de 130g || Origine : FRANCE || D'une texture légère, nos galettes de maïs sont riches en fibres. Appréciez leur belle couleur dorée et leur bon goût de maïs soufflé. || *Maïs (99,4%), sel. *ingrédient d'origine agricole obtenu selon les règles de la production biologique. || Valeur énergétique en Joules :  1420Kj || Valeur énergétique en Kcal : 340Kcal || Glucides : 74,3g || Lipides : 4,1g || Protides :12,7g || A conserver dans un endroit frais et sec et/ou dans une boîte hermétique. En cas d'oubli, passer les galettes au four quelques instants : elles retrouveront tout leur croquant. || 
12,31€ / Kg || 
1,60 € || 
Galettes de riz chocolat aunlait bio || Le paquet de 90g || Origine : BELGIQUE || Découvrez nos fines galettes de riz, nappées de chocolat au lait. Alliez plaisir gourmand et bienfaits nutritionnels avec ces galettes issues de lagriculture biologique, naturellement source de fibres. || Ces galettes conviennent à un régime sans gluten. || Chocolat au lait*(59%)(sucre de canne*, beurre de cacao*, lait entier en poudre*, pÇte de cacao*), riz complet*(41%) || Valeur énergétique en Joules :  2070 || Valeur énergétique en Kcal : 490 || Glucides : 62.5 || Lipides : 23 || Protides :7.8 || A conserver dans un endroit frais et sec. || 
34,44€ / Kg || 
3,10 € || 
Galettes de riz chocolat aunlait bio || Le paquet de 90g || Origine : BELGIQUE || Découvrez nos fines galettes de riz, nappées de chocolat au lait. Alliez plaisir gourmand et bienfaits nutritionnels avec ces galettes issues de lagriculture biologique, naturellement source de fibres. || Ces galettes conviennent à un régime sans gluten. || Chocolat au lait*(59%)(sucre de canne*, beurre de cacao*, lait entier en poudre*, pÇte de cacao*), riz complet*(41%) || Valeur énergétique en Joules :  2070 || Valeur énergétique en Kcal : 490 || Glucides : 62.5 || Lipides : 23 || Protides :7.8 || A conserver dans un endroit frais et sec. || 
34,44€ / Kg || 
3,10 € || 
Galettes de riz complet, certifié AB || Le paquet de 130g || Origine : FRANCE || Nos galettes de riz complet sont source de fibres avec une texture légère.Pionnier du bio Bjorg s'engage depuis 20 ans pour la Bio-Nutrition : une alimentation biologique dont les ingrédients ont été choisis et associés pour leurs qualités nutritionnelles. || Elles peuvent être dégustées lors de tous vos repas. Passer les galettes au four quelques instants : elles retrouveront tout leur croquant ! || *Riz complet (99,7%), sel. *ingrédient d'origine agricole obtenu selon les règles de la production biologique. Sans gluten. || Valeur énergétique en Joules :  1557 || Valeur énergétique en Kcal : 372 || Glucides : 78,7 || Lipides : 2,8 || Protides :8 || A conserver dans un endroit frais et sec et/ou dans une boîte hermétique. || 
10,85€ / Kg || 
1,41 € || 
Galettes de riz complet, certifié AB || Le paquet de 130g || Origine : FRANCE || Nos galettes de riz complet sont source de fibres avec une texture légère.Pionnier du bio Bjorg s'engage depuis 20 ans pour la Bio-Nutrition : une alimentation biologique dont les ingrédients ont été choisis et associés pour leurs qualités nutritionnelles. || Elles peuvent être dégustées lors de tous vos repas. Passer les galettes au four quelques instants : elles retrouveront tout leur croquant ! || *Riz complet (99,7%), sel. *ingrédient d'origine agricole obtenu selon les règles de la production biologique. Sans gluten. || Valeur énergétique en Joules :  1557 || Valeur énergétique en Kcal : 372 || Glucides : 78,7 || Lipides : 2,8 || Protides :8 || A conserver dans un endroit frais et sec et/ou dans une boîte hermétique. || 
10,85€ / Kg || 
1,41 € || 
Galettes épeautre, son d'avoine Bio || Le paquet de 130g || Origine : BELGIQUE || Découvrez nos délicieuses galettes biologiques à base d'épeautre, de riz complet, d'avoine et de son d'avoine.Appréciez leur texture croustillante et légère, et leur goût de céréales riches en fibres. Pionnier du bio, Bjorg s'engage depuis 20 ans pour la bio-nutrition : une alimentation biologique dont les ingrédients ont été choisis et associés pour leurs qualités nutritionnelles. || *Epeautre complet (57%), * riz complet (20%), *son d'avoine (13%), *avoine (10%), sel marin. *100% des ingrédients d'origine agricole ont été obtenus selon les règle de la production biologique. || Valeur énergétique en Joules :  1530Kj || Valeur énergétique en Kcal : 360Kcal || Glucides : 62g || Lipides : 4g || Protides :15g || A conserver dans un endroit frais et sec et/ou dans une boîte hermétique. En cas d'oubli, passer les galettes au four quelques instants : elles retrouveront tout leur croquant ! || 
13,54€ / Kg || 
1,76 € || 
Galettes épeautre, son d'avoine Bio || Le paquet de 130g || Origine : BELGIQUE || Découvrez nos délicieuses galettes biologiques à base d'épeautre, de riz complet, d'avoine et de son d'avoine.Appréciez leur texture croustillante et légère, et leur goût de céréales riches en fibres. Pionnier du bio, Bjorg s'engage depuis 20 ans pour la bio-nutrition : une alimentation biologique dont les ingrédients ont été choisis et associés pour leurs qualités nutritionnelles. || *Epeautre complet (57%), * riz complet (20%), *son d'avoine (13%), *avoine (10%), sel marin. *100% des ingrédients d'origine agricole ont été obtenus selon les règle de la production biologique. || Valeur énergétique en Joules :  1530Kj || Valeur énergétique en Kcal : 360Kcal || Glucides : 62g || Lipides : 4g || Protides :15g || A conserver dans un endroit frais et sec et/ou dans une boîte hermétique. En cas d'oubli, passer les galettes au four quelques instants : elles retrouveront tout leur croquant ! || 
13,54€ / Kg || 
1,76 € || 
Pain complet aux 3 céréales, certifié AB || Le paquet de 500g || Origine : ALLEMAGNE || Notre pain complet 3 céréales a été réalisé à partir de farine complète de seigle, de flocons d'avoine et de flocon d'orge. Fibres, magnésium, phosphore.Il est ainsi naturellement riche en fibres et sources de magnésium et de phosphore, et permet deconcilier bienfaits nutritionnels et plaisir. || Idéal lors du repas ou du goûter, il peut être dégusté nature ou accompagné d'un produit salé tel que du fromage. || *Céréales (60.2%) (*farine complète de seigle (54%), *flocons d'avoine (3.1%), *flocons d'orge (3.1%)), eau, *graines de lin, *graines de sésame, sel marin, levure. *100% des ingrédients d'origine agricole ont été obtenus selon les règles de la production biologique. || Valeur énergétique en Joules :  743 || Valeur énergétique en Kcal : 177,5 || Glucides : 33,5 || Lipides : 2,3 || Protides :5,2 || Après ouverture, se conserve 5 à 6 jours dans une boîte hermétique si possible au réfrigérateur. || 
5,20€ / Kg || 
2,60 € || 
Pain complet aux 3 céréales, certifié AB || Le paquet de 500g || Origine : ALLEMAGNE || Notre pain complet 3 céréales a été réalisé à partir de farine complète de seigle, de flocons d'avoine et de flocon d'orge. Fibres, magnésium, phosphore.Il est ainsi naturellement riche en fibres et sources de magnésium et de phosphore, et permet deconcilier bienfaits nutritionnels et plaisir. || Idéal lors du repas ou du goûter, il peut être dégusté nature ou accompagné d'un produit salé tel que du fromage. || *Céréales (60.2%) (*farine complète de seigle (54%), *flocons d'avoine (3.1%), *flocons d'orge (3.1%)), eau, *graines de lin, *graines de sésame, sel marin, levure. *100% des ingrédients d'origine agricole ont été obtenus selon les règles de la production biologique. || Valeur énergétique en Joules :  743 || Valeur énergétique en Kcal : 177,5 || Glucides : 33,5 || Lipides : 2,3 || Protides :5,2 || Après ouverture, se conserve 5 à 6 jours dans une boîte hermétique si possible au réfrigérateur. || 
5,20€ / Kg || 
2,60 € || 
Pain complet avoine et son d'avoine bio || Le paquet de 500g || Origine : ALLEMAGNE || Notre pain complet à l'avoine et au son d'avoine permet de concilier bienfaits nutritionnels et plaisir avec sa texture moelleuse t son goût léger. || Le pain complet est encore meilleur lorsqu'il est passé au grille-pain. Pour préserver la texture des tranches, utiliser un couteau pour les sortir. || Céréales* (grains complets de seigle* (36%), avoine* (20%) (grains d'avoine entiers*, flocons d'avoine entiers*)), eau, son d'avoine* (3%), graines de tournesol*, sel de mer. *100% des ingrédients d'origine agricole ont été obtenus selon les règles de la production biologique. || Valeur énergétique en Joules :  875kj || Valeur énergétique en Kcal : 208kcal || Glucides : 32,5g || Lipides : 3,9g || Protides :6,5g || A consommer rapidement après ouverture et à conserver dans une boîte hermétique, si possible au réfrigérateur. || 
5,66€ / Kg || 
2,83 € || 
Pain complet de seigle, certifié AB || Le paquet de 500g || Origine : FRANCE || Pain Complet de Seigle. Le Pain Complet de Seigle Bjorg, 100% biologique*, a un goût et une texture unique. Idéal lors du repas ou du goûter, il peut être dégusté nature ou bien accompagné d'un produit salé tel que du fromage. Naturellement source defibres et de magnésium, éléments essentiels au bon fonctionnement de notre corps, le Pain Complet de Seigle Bjorg permet de concilier bienfaits nutritionnels et plaisir. || *Farine complète de seigle (56%), eau, sel marin, levure. *100% des ingrédients d'origine agricole ont été obtenus selon les règles de la production biologique. || Valeur énergétique en Joules :  749Kj || Valeur énergétique en Kcal : 177Kcal || Glucides : 36,7g || Lipides : 13g || Protides :4,5g || Après ouverture, se conserve 5-6 jours dans une boîte hermétique si possible au réfrigérateur. || 
6,28€ / Kg || 
3,14 € || 
Pain complet de seigle, certifié AB || Le paquet de 500g || Origine : FRANCE || Pain Complet de Seigle. Le Pain Complet de Seigle Bjorg, 100% biologique*, a un goût et une texture unique. Idéal lors du repas ou du goûter, il peut être dégusté nature ou bien accompagné d'un produit salé tel que du fromage. Naturellement source defibres et de magnésium, éléments essentiels au bon fonctionnement de notre corps, le Pain Complet de Seigle Bjorg permet de concilier bienfaits nutritionnels et plaisir. || *Farine complète de seigle (56%), eau, sel marin, levure. *100% des ingrédients d'origine agricole ont été obtenus selon les règles de la production biologique. || Valeur énergétique en Joules :  749Kj || Valeur énergétique en Kcal : 177Kcal || Glucides : 36,7g || Lipides : 13g || Protides :4,5g || Après ouverture, se conserve 5-6 jours dans une boîte hermétique si possible au réfrigérateur. || 
6,28€ / Kg || 
3,14 € || 
Pain grillé || La boîte de 250g || Origine : FRANCE || Le pain grillé Bio Campanel est un savoureux mélange de farine de blé et de farine de seigle, qui lui donne cette saveur originale.Nature, légèrement beurré, ou comme base de toast salé ou sucré, le pain grillé Bio Campanel se consomme à tout momentde la journée. || Farine de froment*, Farine de seigle*, levain de blé* dévitalisé, graisse de palme non hydrogénée*, extrait de malt d'orge*, sel de Guérande, levure de boulanger, émulsifiant : lécithine de colza, agent de traitement de la farine : acide ascorbique.*ingrédients agricoles issus de l'agriculture biologique. Fabriqué dans un atelier qui utilise du lait, du soja, du sésame et de l'oeuf. || Refermer l'étui après ouverture pour une conservation optimale du produit. A conserver à l'abri de la chaleur et de l'humidité. || 
7,36€ / Kg || 
1,84 € || 
Pain grillé || La boîte de 250g || Origine : FRANCE || Le pain grillé Bio Campanel est un savoureux mélange de farine de blé et de farine de seigle, qui lui donne cette saveur originale.Nature, légèrement beurré, ou comme base de toast salé ou sucré, le pain grillé Bio Campanel se consomme à tout momentde la journée. || Farine de froment*, Farine de seigle*, levain de blé* dévitalisé, graisse de palme non hydrogénée*, extrait de malt d'orge*, sel de Guérande, levure de boulanger, émulsifiant : lécithine de colza, agent de traitement de la farine : acide ascorbique.*ingrédients agricoles issus de l'agriculture biologique. Fabriqué dans un atelier qui utilise du lait, du soja, du sésame et de l'oeuf. || Refermer l'étui après ouverture pour une conservation optimale du produit. A conserver à l'abri de la chaleur et de l'humidité. || 
7,36€ / Kg || 
1,84 € || 
Fines galettes 2 fromages || Le paquet de 2 galettes || Origine : FRANCE || Valeur énergétique en Joules :  851kj || Valeur énergétique en Kcal : 203kcal || Glucides : 26g || Lipides : 6,1g || Protides :8,2g || 
18,00€ / Kg || 
3,24 € || 
Fines galettes à la provençale || Le paquet de 2 galettes || Origine : FRANCE || Valeur énergétique en Joules :  803kj || Valeur énergétique en Kcal : 1914kcal || Glucides : 28g || Lipides : 5,2g || Protides :5,2g || 
17,11€ / Kg || 
3,08 € || 
Galettes orge & boulghour au chèvre & miel || Le paquet de 2 galettes || Origine : FRANCE || Valeur énergétique en Joules :  920kj || Valeur énergétique en Kcal : 220kcal || Glucides : 24g || Lipides : 10g || Protides :5,4g || 
16,20€ / Kg || 
3,24 € || 
4 pains burgers bio classique || le paquet de 220g || Origine : FRANCE || Valeur énergétique en Joules :  1297kj || Valeur énergétique en Kcal : 307kcal || Glucides : 51,8g || Lipides : 6g || Protides :9,7g || 
9,20€ / Kg || 
1,84 € || 
Pain de mie nature complet, certifié AB || Le paquet de 500g || Origine : FRANCE || Farine de froment T65*, eau, son de blé* tendre, huile de palme*, sucre de canne* roux, levure de boulanger, vinaigre de cidre*, gluten*, sel, malt d'orge*.    *100% des ingrédients d'origine agricole ont été obtenus selon les règles de la productionbiologique. || Valeur énergétique en Joules :  1210kj || Valeur énergétique en Kcal : 289KCal || Glucides : 52,4g || Lipides : 5,3g || Protides :7,4g || 
5,20€ / Kg || 
2,60 € || 
Pain de mie nature complet, certifié AB || Le paquet de 500g || Origine : FRANCE || Farine de froment T65*, eau, son de blé* tendre, huile de palme*, sucre de canne* roux, levure de boulanger, vinaigre de cidre*, gluten*, sel, malt d'orge*.    *100% des ingrédients d'origine agricole ont été obtenus selon les règles de la productionbiologique. || Valeur énergétique en Joules :  1210kj || Valeur énergétique en Kcal : 289KCal || Glucides : 52,4g || Lipides : 5,3g || Protides :7,4g || 
5,20€ / Kg || 
2,60 € || 
Pains au lait, certifié AB || Le paquet de 280g || Origine : FRANCE || Traces eventuelles de soja, arachide et fruits à coques. || Valeur énergétique en Joules :  1473kj || Valeur énergétique en Kcal : 350kcal || Glucides : 50g || Lipides : 12g || Protides :8,9g || 
7,25€ / Kg || 
2,03 € || 
Pains au lait, certifié AB || Le paquet de 280g || Origine : FRANCE || Traces eventuelles de soja, arachide et fruits à coques. || Valeur énergétique en Joules :  1473kj || Valeur énergétique en Kcal : 350kcal || Glucides : 50g || Lipides : 12g || Protides :8,9g || 
7,25€ / Kg || 
2,03 € || 
Pain au levain bio, tranché et emballé || Le pain de 370g || Origine : FRANCE || 
9,32€ / Kg || 
3,45 € || 
Pain au levain bio, tranché et emballé || Le pain de 370g || Origine : FRANCE || 
9,32€ / Kg || 
3,45 € || 
Pain au seigle bio, tranché et emballé || Le pain de 370g || Origine : FRANCE || 
9,32€ / Kg || 
3,45 € || 
Pain au seigle bio, tranché et emballé || Le pain de 370g || Origine : FRANCE || 
9,32€ / Kg || 
3,45 € || 
Pain aux céréales bio, tranché et emballé || Le pain de 370g || Origine : FRANCE || 
9,32€ / Kg || 
3,45 € || 
Pain aux céréales bio, tranché et emballé || Le pain de 370g || Origine : FRANCE || 
9,32€ / Kg || 
3,45 € || 
Pain intégral bio, tranché et emballé || Le pain de 370g || Origine : FRANCE || 
9,32€ / Kg || 
3,45 € || 
Pain intégral bio, tranché et emballé || Le pain de 370g || Origine : FRANCE || 
9,32€ / Kg || 
3,45 € || 
Pain St Jean bio, emballé || Le pain de 370g || Origine : FRANCE || 
9,32€ / Kg || 
3,45 € || 
Pain St Jean bio, emballé || Le pain de 370g || Origine : FRANCE || 
9,32€ / Kg || 
3,45 € || 
Quart de tourte bio || La pièce de 425g || Origine : FRANCE || 
8,00€ / Kg || 
3,40 € || 
Quart de tourte bio || La pièce de 425g || Origine : FRANCE || 
8,00€ / Kg || 
3,40 € || 
Barres gourmandes à l'abricot-chocolat et amande petit épeautre || Le paquet de 3, 120g || Origine : FRANCE || Monoprix a sélectionné pour vous, avec des entreprises partenaires, des produits issus de l'agriculture biologique.Leurs modes de production et de transformation sont contrôlés et certifiés par un organisme indépendant conformément à la réglementation en vigueur. Les producteurs emploient des fertilisants respectueux de l'environnement et pratiquent la rotation des cultures afin de garder des sols vivants et une fertilité durable. || Billettes de céréales* 18% (riz*, farine de blé*, avoine*, sucre de canne*, sirop de malt d'orge*, sel de mer), sirop de blé*, abricot sec* 12% (abricot*, farine de riz*), raisin sec* (raisin sultanine*, huile végétale de tournesol*), amande* 12%, chocolat noir* 12% (pâte de cacao*, sucre de canne*, beurre de cacao*), petit épeautre* 7,9%, miel*, stabilisant : gomme d'acacia*, sucre roux de canne*, arôme naturel. Présence possible de soja, oeuf, lait, sésame. *Ingrédients issus de l'agriculturebiologique. || Valeur énergétique en Joules :  1754kj || Valeur énergétique en Kcal : 417kcal || Glucides : 66g || Lipides : 13g || Protides :6,5g || A conserver dans un endroit frais et sec. || 
23,58€ / L || 
2,83 € || 
Barres gourmandes à l'abricot-chocolat et amande petit épeautre || Le paquet de 3, 120g || Origine : FRANCE || Monoprix a sélectionné pour vous, avec des entreprises partenaires, des produits issus de l'agriculture biologique.Leurs modes de production et de transformation sont contrôlés et certifiés par un organisme indépendant conformément à la réglementation en vigueur. Les producteurs emploient des fertilisants respectueux de l'environnement et pratiquent la rotation des cultures afin de garder des sols vivants et une fertilité durable. || Billettes de céréales* 18% (riz*, farine de blé*, avoine*, sucre de canne*, sirop de malt d'orge*, sel de mer), sirop de blé*, abricot sec* 12% (abricot*, farine de riz*), raisin sec* (raisin sultanine*, huile végétale de tournesol*), amande* 12%, chocolat noir* 12% (pâte de cacao*, sucre de canne*, beurre de cacao*), petit épeautre* 7,9%, miel*, stabilisant : gomme d'acacia*, sucre roux de canne*, arôme naturel. Présence possible de soja, oeuf, lait, sésame. *Ingrédients issus de l'agriculturebiologique. || Valeur énergétique en Joules :  1754kj || Valeur énergétique en Kcal : 417kcal || Glucides : 66g || Lipides : 13g || Protides :6,5g || A conserver dans un endroit frais et sec. || 
23,58€ / L || 
2,83 € || 
Biscottes complètes, certifié AB || La boîte de 300g || Origine : FRANCE || Monoprix a sélectionné pour vous, avec des entreprises partenaires, des produits issus de l'agriculture biologique. Leurs modes de production et de transformation sont contrôlés et certifiés par un organisme indépendant, conformément à la réglementation en vigueur. Les producteurs emploient notamment des fertilisants respectueux de l'environnement et pratiquent la rotation des cultures afin de garder des sols vivants et une fertilité durable. L'environnement est ainsi préservé. || Farine complète de blé* 88,8%, gluten de blé*, huile de palme non hydrogénée*, levure, sucre sel marin, agent de traitement de la farine : acide ascorbique. Traces éventuelles de sésame. *Ingrédients issus de l'agriculture biologique. || Valeur énergétique en Joules :  1451Kj || Valeur énergétique en Kcal : 343Kcal || Glucides : 62g || Lipides : 4,3g || Protides :14g || A conserver dans un endroit frais et sec. || 
8,00€ / Kg || 
2,40 € || 
Biscottes complètes, certifié AB || La boîte de 300g || Origine : FRANCE || Monoprix a sélectionné pour vous, avec des entreprises partenaires, des produits issus de l'agriculture biologique. Leurs modes de production et de transformation sont contrôlés et certifiés par un organisme indépendant, conformément à la réglementation en vigueur. Les producteurs emploient notamment des fertilisants respectueux de l'environnement et pratiquent la rotation des cultures afin de garder des sols vivants et une fertilité durable. L'environnement est ainsi préservé. || Farine complète de blé* 88,8%, gluten de blé*, huile de palme non hydrogénée*, levure, sucre sel marin, agent de traitement de la farine : acide ascorbique. Traces éventuelles de sésame. *Ingrédients issus de l'agriculture biologique. || Valeur énergétique en Joules :  1451Kj || Valeur énergétique en Kcal : 343Kcal || Glucides : 62g || Lipides : 4,3g || Protides :14g || A conserver dans un endroit frais et sec. || 
8,00€ / Kg || 
2,40 € || 
Café moulu Laos et Guatemala robusta & arabica, certifié AB || Le paquet de 250g || Origine : FRANCE || Café issu de l'agriculture biologique dont 66% robusta Laos et 34% arabica Guatemala. || 
12,88€ / Kg || 
3,22 € || 
Café moulu Laos et Guatemala robusta & arabica, certifié AB || Le paquet de 250g || Origine : FRANCE || Café issu de l'agriculture biologique dont 66% robusta Laos et 34% arabica Guatemala. || 
12,88€ / Kg || 
3,22 € || 
Café moulu pur arabica, Mexique || Le paquet de 250g || Origine : FRANCE || Intense et parfumé. La valve fraîcheur permet au café de libérer son excès naturel de gaz tout en empêchant l'air de pénétrer. Vous retrouverez ainsi les arômes de café intacts. La mouture de ce café a été étudiée pour tous types de cafetière à filtration. || Utilisez de préférence une eau non calcaire. Humectez le filtre. Dosez une cuillère à soupe de café plus ou moins pleine par tasse selon votre goût. || Café d'Amérique Centrale pur arabica issu de l'agriculture biologique. || Pour préserver tous les arômes de votre café, nous vous conseillons de le conserver au réfrigérateur après ouverture. A conserver à l'abri de la chaleur et de l'humidité. Conditionné sous atmosphère protectrice. || 
14,48€ / Kg || 
3,62 € || 
Café moulu pur arabica, Mexique || Le paquet de 250g || Origine : FRANCE || Intense et parfumé. La valve fraîcheur permet au café de libérer son excès naturel de gaz tout en empêchant l'air de pénétrer. Vous retrouverez ainsi les arômes de café intacts. La mouture de ce café a été étudiée pour tous types de cafetière à filtration. || Utilisez de préférence une eau non calcaire. Humectez le filtre. Dosez une cuillère à soupe de café plus ou moins pleine par tasse selon votre goût. || Café d'Amérique Centrale pur arabica issu de l'agriculture biologique. || Pour préserver tous les arômes de votre café, nous vous conseillons de le conserver au réfrigérateur après ouverture. A conserver à l'abri de la chaleur et de l'humidité. Conditionné sous atmosphère protectrice. || 
14,48€ / Kg || 
3,62 € || 
Café pur arabica, Afrique, certifié AB || Les 18 dosettes, 125g || Origine : FRANCE || Monoprix a sélectionné pour vous, avec des entreprises partenaires, des produits issus de l'agriculture biologique. Leurs modes de production et de transformation sont contrôlés et certifiés par un organisme indépendant conformément à la réglementation en vigueur. Les producteurs emploient des fertilisants respectueux de l'environnement et pratiquent la rotation des cultures afin de garder des sols vivants et une fertilité durable. || Café pur arabica, d'Afrique, issu du commerce équitable et de l'agriculture biologique || 
18,88€ / Kg || 
2,36 € || 
Café pur arabica, Afrique, certifié AB || Les 18 dosettes, 125g || Origine : FRANCE || Monoprix a sélectionné pour vous, avec des entreprises partenaires, des produits issus de l'agriculture biologique. Leurs modes de production et de transformation sont contrôlés et certifiés par un organisme indépendant conformément à la réglementation en vigueur. Les producteurs emploient des fertilisants respectueux de l'environnement et pratiquent la rotation des cultures afin de garder des sols vivants et une fertilité durable. || Café pur arabica, d'Afrique, issu du commerce équitable et de l'agriculture biologique || 
18,88€ / Kg || 
2,36 € || 
Céréales soufflées au chocolat, certifié AB || Le paquet de 375g || Origine : FRANCE || Céréales soufflées au chocolat issues de l'agriculture biologique. || Versez 30 g de céréales au chocolat dans un bol, ajoutez 125 ml de lait demi écrémé froid ou chaud, consommez rapidement. || Farine de blé*, chocolat* en poudre (23%) (sucre de canne* roux, cacao* (32%), extrait de vanille*), farine complète de blé*, sucre de canne* roux (13%), avoine*, cacao* en poudre, sirop de malt d'orge*, émulsifiant: carbonate de calcium. Présence possible de soja, sésame, fruits à coque, lait, oeufs. *ingrédients issus de l'agriculture biologique. || Valeur énergétique en Joules :  1608kj || Valeur énergétique en Kcal : 380kcal || Glucides : 74g || Lipides : 3,4g || Protides :9,3g || A conserver dans un endroit sec et frais à l'abri de la lumière. Bien refermer le sachet après ouverture. A consommer rapidement après ouverture. Conditionné sous atmosphère protectrice. || 
7,44€ / Kg || 
2,79 € || 
Céréales soufflées au chocolat, certifié AB || Le paquet de 375g || Origine : FRANCE || Céréales soufflées au chocolat issues de l'agriculture biologique. || Versez 30 g de céréales au chocolat dans un bol, ajoutez 125 ml de lait demi écrémé froid ou chaud, consommez rapidement. || Farine de blé*, chocolat* en poudre (23%) (sucre de canne* roux, cacao* (32%), extrait de vanille*), farine complète de blé*, sucre de canne* roux (13%), avoine*, cacao* en poudre, sirop de malt d'orge*, émulsifiant: carbonate de calcium. Présence possible de soja, sésame, fruits à coque, lait, oeufs. *ingrédients issus de l'agriculture biologique. || Valeur énergétique en Joules :  1608kj || Valeur énergétique en Kcal : 380kcal || Glucides : 74g || Lipides : 3,4g || Protides :9,3g || A conserver dans un endroit sec et frais à l'abri de la lumière. Bien refermer le sachet après ouverture. A consommer rapidement après ouverture. Conditionné sous atmosphère protectrice. || 
7,44€ / Kg || 
2,79 € || 
Chocolat lait dégustation issu de l'agriculture biologique, 40% de cacao || La tablette de 100g || Origine : FRANCE || Monoprix a sélectionné pour vous, avec des entreprises partenaires, des produits issus de l'agriculture biologique. || A conserver à l'abri de l'humidité et de la chaleur à une température idéale de 18 à 20°C. || Sucre de canne*, poudre de lait entier*, beurre de cacao*, pâte de cacao*, émulsifiant : lécithine de tournesol, extrait de vanille*. Traces de gluten, de soja, de fruits à coque. *Ingrédients issus de l'agriculture biologique. Chocolat pur beurre decacao (cacao : 40% minimum). || 
16,60€ / Kg || 
1,66 € || 
Chocolat lait dégustation issu de l'agriculture biologique, 40% de cacao || La tablette de 100g || Origine : FRANCE || Monoprix a sélectionné pour vous, avec des entreprises partenaires, des produits issus de l'agriculture biologique. || A conserver à l'abri de l'humidité et de la chaleur à une température idéale de 18 à 20°C. || Sucre de canne*, poudre de lait entier*, beurre de cacao*, pâte de cacao*, émulsifiant : lécithine de tournesol, extrait de vanille*. Traces de gluten, de soja, de fruits à coque. *Ingrédients issus de l'agriculture biologique. Chocolat pur beurre decacao (cacao : 40% minimum). || 
16,60€ / Kg || 
1,66 € || 
Chocolat noir dégustation 74% de cacao || La tablette de 100g || Origine : FRANCE || Monoprix a sélectionné pour vous, avec des entreprises partenaires, des produits issus de l'agriculture biologique. Conformément à la réglementation en vigueur, leurs modes de production et de transformation sont contrôlés et certifiés par un organisme indépendant. Les producteurs emploient notamment des engrais naturels afin de garder des sols vivants et une fertilité durable. || Pâte de cacao*, sucre de canne*, beurre de cacao*, émulsifiant : lécithine de tournesol, extrait de vanille*. Traces de gluten, de soja, de lait et de fruits à coque. * ingrédients issus de l'agriculture biologique. Chocolat pur beurre de cacao (cacao : 74% minimum). || Valeur énergétique en Joules :  2239kj || Valeur énergétique en Kcal : 539kcal || Glucides : 32g || Lipides : 42g || Protides :8,3g || A conserver à l'abri de l'humidité et de la chaleur à une température idéale de 18 a 20°C. || 
17,20€ / Kg || 
1,72 € || 
Chocolat noir dégustation 74% de cacao || La tablette de 100g || Origine : FRANCE || Monoprix a sélectionné pour vous, avec des entreprises partenaires, des produits issus de l'agriculture biologique. Conformément à la réglementation en vigueur, leurs modes de production et de transformation sont contrôlés et certifiés par un organisme indépendant. Les producteurs emploient notamment des engrais naturels afin de garder des sols vivants et une fertilité durable. || Pâte de cacao*, sucre de canne*, beurre de cacao*, émulsifiant : lécithine de tournesol, extrait de vanille*. Traces de gluten, de soja, de lait et de fruits à coque. * ingrédients issus de l'agriculture biologique. Chocolat pur beurre de cacao (cacao : 74% minimum). || Valeur énergétique en Joules :  2239kj || Valeur énergétique en Kcal : 539kcal || Glucides : 32g || Lipides : 42g || Protides :8,3g || A conserver à l'abri de l'humidité et de la chaleur à une température idéale de 18 a 20°C. || 
17,20€ / Kg || 
1,72 € || 
Confiture d'abricot au sucre de canne || Le pot de 270g || Origine : FRANCE || Sucre de canne 55%*, abricots*, acidifiant : acide citrique, gélifiant : pectine de fruits (dont dextrose de blé), antioxygène : acide ascorbique. Préparée avec 50 g de fruits pour 100 g. Teneur totale en sucres : 60 g pour 100 g.* Issus de l'agriculture biologique. || Valeur énergétique en Joules :  1020kj || Valeur énergétique en Kcal : 240kcal || Glucides : 59g || Lipides : 0,1g || Protides :0,5g || A conserver au frais après ouverture. || 
8,00€ / Kg || 
2,16 € || 
Confiture d'abricot au sucre de canne || Le pot de 270g || Origine : FRANCE || Sucre de canne 55%*, abricots*, acidifiant : acide citrique, gélifiant : pectine de fruits (dont dextrose de blé), antioxygène : acide ascorbique. Préparée avec 50 g de fruits pour 100 g. Teneur totale en sucres : 60 g pour 100 g.* Issus de l'agriculture biologique. || Valeur énergétique en Joules :  1020kj || Valeur énergétique en Kcal : 240kcal || Glucides : 59g || Lipides : 0,1g || Protides :0,5g || A conserver au frais après ouverture. || 
8,00€ / Kg || 
2,16 € || 
Confiture de myrtilles au sucre de canne || Le pot de 270g || Origine : FRANCE || Confiture extra de myrtilles issue de l'agriculture biologique. || Sucre de canne 55%*, myrtilles*, gélifiant : pectine de fruits (dont dextrose de blé), acidifiant : acide citrique. Préparée avec 50 g de fruits pour 100 g. Teneur totale en sucres : 60 g pour 100 g. * Issus de l'agriculture biologique. || Valeur énergétique en Joules :  1004Kj || Valeur énergétique en Kcal : 236Kcal || Glucides : 58g || Lipides : 0,3g || Protides :0,3g || A conserver au frais après ouverture. || 
13,59€ / Kg || 
3,67 € || 
Confiture de myrtilles au sucre de canne || Le pot de 270g || Origine : FRANCE || Confiture extra de myrtilles issue de l'agriculture biologique. || Sucre de canne 55%*, myrtilles*, gélifiant : pectine de fruits (dont dextrose de blé), acidifiant : acide citrique. Préparée avec 50 g de fruits pour 100 g. Teneur totale en sucres : 60 g pour 100 g. * Issus de l'agriculture biologique. || Valeur énergétique en Joules :  1004Kj || Valeur énergétique en Kcal : 236Kcal || Glucides : 58g || Lipides : 0,3g || Protides :0,3g || A conserver au frais après ouverture. || 
13,59€ / Kg || 
3,67 € || 
Confiture extra de fraises || Le pot de 270g || Origine : FRANCE || Confiture extra de fraises issue de l'agriculture biologique. || Sucre de canne 56%*, fraises*, acidifiant : acide citrique, gélifiant : pectine de fruits (dont dextrose de ble). Préparée avec 50 g de fruits pour 100g. Teneur totale en sucres : 60 g pour 100 g *Issus de l'agriculture biologique. || Valeur énergétique en Joules :  1014kj || Valeur énergétique en Kcal : 239kcal || Glucides : 59g || Lipides : 0,2g || Protides :0,4g || A conserver au frais après ouverture. || 
8,63€ / Kg || 
2,33 € || 
Confiture extra de fraises || Le pot de 270g || Origine : FRANCE || Confiture extra de fraises issue de l'agriculture biologique. || Sucre de canne 56%*, fraises*, acidifiant : acide citrique, gélifiant : pectine de fruits (dont dextrose de ble). Préparée avec 50 g de fruits pour 100g. Teneur totale en sucres : 60 g pour 100 g *Issus de l'agriculture biologique. || Valeur énergétique en Joules :  1014kj || Valeur énergétique en Kcal : 239kcal || Glucides : 59g || Lipides : 0,2g || Protides :0,4g || A conserver au frais après ouverture. || 
8,63€ / Kg || 
2,33 € || 
Confiture figues rouges au sucre de canne || Le pot de 270g || Origine : FRANCE || Confiture extra de figues rouges issue de l'agriculture biologique. || Sucre de canne 54%*, figues*, gélifiant : pectine de fruits (dont dextrose de blé), acidifiant : acide citrique, Préparée avec 50 g de fruits pour 100 g. Teneur totale en sucres : 60 g pour 100 g. * Issus de l'agriculture biologique. || Valeur énergétique en Joules :  1021kj || Valeur énergétique en Kcal : 240kcal || Glucides : 59g || Lipides : 0,3g || Protides :0,7g || A conserver au frais après ouverture. || 
7,48€ / Kg || 
2,02 € || 
Confiture figues rouges au sucre de canne || Le pot de 270g || Origine : FRANCE || Confiture extra de figues rouges issue de l'agriculture biologique. || Sucre de canne 54%*, figues*, gélifiant : pectine de fruits (dont dextrose de blé), acidifiant : acide citrique, Préparée avec 50 g de fruits pour 100 g. Teneur totale en sucres : 60 g pour 100 g. * Issus de l'agriculture biologique. || Valeur énergétique en Joules :  1021kj || Valeur énergétique en Kcal : 240kcal || Glucides : 59g || Lipides : 0,3g || Protides :0,7g || A conserver au frais après ouverture. || 
7,48€ / Kg || 
2,02 € || 
Confiture orange au sucre de canne || Le pot de 270g || Origine : FRANCE || Sucre de canne 57%*, oranges amères avec écorces coupées en lamelles*, acidifiant : acide citrique, gélifiant : pectine de fruits (dont dextrose de blé). Préparée avec 35 g de fruits pour 100 g. Teneur totale en sucres : 60 g pour 100 g. *Issus de l'agriculture biologique. || Valeur énergétique en Joules :  1029kj || Valeur énergétique en Kcal : 242kcal || Glucides : 60g || Lipides : 0,1g || Protides :0,4g || A conserver au frais après ouverture. || 
6,78€ / Kg || 
1,83 € || 
Confiture orange au sucre de canne || Le pot de 270g || Origine : FRANCE || Sucre de canne 57%*, oranges amères avec écorces coupées en lamelles*, acidifiant : acide citrique, gélifiant : pectine de fruits (dont dextrose de blé). Préparée avec 35 g de fruits pour 100 g. Teneur totale en sucres : 60 g pour 100 g. *Issus de l'agriculture biologique. || Valeur énergétique en Joules :  1029kj || Valeur énergétique en Kcal : 242kcal || Glucides : 60g || Lipides : 0,1g || Protides :0,4g || A conserver au frais après ouverture. || 
6,78€ / Kg || 
1,83 € || 
Corn flakes croustillants au sucre de canne || Le paquet de 375g || Origine : FRANCE || Versez les pétales de maïs dans un bol. Ajoutez du lait, froid de préférence, pour en conserver la texture croustillante. Vous pouvez aussi déguster les pétales de maïs avec du yaourt ou du fromage blanc. || Maïs* 90%, sucre de canne* 4,5%, malt d'orge*, sel marin, émulsifiant : lécithine de soja*. Présence possible de blé, d'arachide, de fruits à coque et de produits laitiers. *Ingrédients issus de l'agriculture biologique. || Valeur énergétique en Joules :  1560kj || Valeur énergétique en Kcal : 367kcal || Glucides : 81,7g || Lipides : 1g || Protides :7,9g || A conserver dans un endroit frais et sec. Après ouverture, bien refermer le sachet. || 
5,25€ / Kg || 
1,97 € || 
Corn flakes croustillants au sucre de canne || Le paquet de 375g || Origine : FRANCE || Versez les pétales de maïs dans un bol. Ajoutez du lait, froid de préférence, pour en conserver la texture croustillante. Vous pouvez aussi déguster les pétales de maïs avec du yaourt ou du fromage blanc. || Maïs* 90%, sucre de canne* 4,5%, malt d'orge*, sel marin, émulsifiant : lécithine de soja*. Présence possible de blé, d'arachide, de fruits à coque et de produits laitiers. *Ingrédients issus de l'agriculture biologique. || Valeur énergétique en Joules :  1560kj || Valeur énergétique en Kcal : 367kcal || Glucides : 81,7g || Lipides : 1g || Protides :7,9g || A conserver dans un endroit frais et sec. Après ouverture, bien refermer le sachet. || 
5,25€ / Kg || 
1,97 € || 
Cranberries, cajou quinoa, barres gourmandes croquantes, produit issu de l'agriculture biologique || Le paquet de 3 barres de 40g || Origine : FRANCE || Gourmandes, croquantes. || Sirop de blé*, billettes de céréales* 20% (riz*, farine de blé*, avoine*, sucre de canne*, sirop de malt d'orge*, sel de mer), noix de cajou* 16%, cranberries au jus de pomme* 13% (cranberries *(canneberges) 7%, jus de pomme concentré*, huile de tournesol*), raisins secs* (raisin sultanine*, huile végétale de tournesol*), flocons d'avoine* 6%, flocons de quinoa* 3,5%, miel*, stabilisant : gomme d'acacia*, sucre roux de canne*. Présence possible de soja, oeuf, lait, sésame. *Ingrédients issus del'agriculture biologique. || Valeur énergétique en Joules :  1570kj || Valeur énergétique en Kcal : 373kcal || Glucides : 65g || Lipides : 8,5g || Protides :6,5g || A conserver dans un endroit frais et sec. || 
23,58€ / Kg || 
2,83 € || 
Cranberries, cajou quinoa, barres gourmandes croquantes, produit issu de l'agriculture biologique || Le paquet de 3 barres de 40g || Origine : FRANCE || Gourmandes, croquantes. || Sirop de blé*, billettes de céréales* 20% (riz*, farine de blé*, avoine*, sucre de canne*, sirop de malt d'orge*, sel de mer), noix de cajou* 16%, cranberries au jus de pomme* 13% (cranberries *(canneberges) 7%, jus de pomme concentré*, huile de tournesol*), raisins secs* (raisin sultanine*, huile végétale de tournesol*), flocons d'avoine* 6%, flocons de quinoa* 3,5%, miel*, stabilisant : gomme d'acacia*, sucre roux de canne*. Présence possible de soja, oeuf, lait, sésame. *Ingrédients issus del'agriculture biologique. || Valeur énergétique en Joules :  1570kj || Valeur énergétique en Kcal : 373kcal || Glucides : 65g || Lipides : 8,5g || Protides :6,5g || A conserver dans un endroit frais et sec. || 
23,58€ / Kg || 
2,83 € || 
Décaféiné Amerique latine, fruité et aromatique || Le sachet de 250g || Origine : FRANCE || La valve fraicheur permet au café de libérer son excès naturel de gaz en empêchant l'air de pénétrer. Vous retrouverez ainsi les arômes du café intacts. La mouture de ce café a été étudiée pour les cafetières à filtre. || Cafetière filtre : utilisez de préférence une eau non calcaire. Humectez le filtre. Dosez une cuillère à soupe plus ou moins pleine par tasse selon votre goût. Conditionné sous atmosphère protectrice. || Avant ouverture, à conserver à l'abri de la chaleur et de l'humidité. Pour préserver tous les arômes de votre café, nous vous conseillons de le conserver au réfrigérateur après ouverture. || 
15,56€ / Kg || 
3,89 € || 
Décaféiné Amerique latine, fruité et aromatique || Le sachet de 250g || Origine : FRANCE || La valve fraicheur permet au café de libérer son excès naturel de gaz en empêchant l'air de pénétrer. Vous retrouverez ainsi les arômes du café intacts. La mouture de ce café a été étudiée pour les cafetières à filtre. || Cafetière filtre : utilisez de préférence une eau non calcaire. Humectez le filtre. Dosez une cuillère à soupe plus ou moins pleine par tasse selon votre goût. Conditionné sous atmosphère protectrice. || Avant ouverture, à conserver à l'abri de la chaleur et de l'humidité. Pour préserver tous les arômes de votre café, nous vous conseillons de le conserver au réfrigérateur après ouverture. || 
15,56€ / Kg || 
3,89 € || 
Dosettes de café pur arabica, Amérique Latine, certifié AB || Les 18 dosettes, 125g || Origine : FRANCE || Monoprix a sélectionné pour vous, avec des entreprises partenaires, des produits issus de l'agriculture biologique. Leurs modes de production et de transformation sont contrôlés et certifiés par un organisme indépendant conformément à la réglementation en vigueur. Les producteurs emploient des fertilisants respectueux de l'environnement et pratiquent la rotation des cultures afin de garder des sols vivants et une fertilité durable. || Café d'Amérique Latine, issu du commerce équitable et de l'agriculture biologique, pur Arabica || 
18,88€ / Kg || 
2,36 € || 
Dosettes de café pur arabica, Amérique Latine, certifié AB || Les 18 dosettes, 125g || Origine : FRANCE || Monoprix a sélectionné pour vous, avec des entreprises partenaires, des produits issus de l'agriculture biologique. Leurs modes de production et de transformation sont contrôlés et certifiés par un organisme indépendant conformément à la réglementation en vigueur. Les producteurs emploient des fertilisants respectueux de l'environnement et pratiquent la rotation des cultures afin de garder des sols vivants et une fertilité durable. || Café d'Amérique Latine, issu du commerce équitable et de l'agriculture biologique, pur Arabica || 
18,88€ / Kg || 
2,36 € || 
Infusion après-repas à la mélisse, frêne et romarin, certifié AB || Les 20 sachets, 30g || Origine : FRANCE || La mélisse et le romarin sont des plantes connues pour leurs vertus digestives et vivifiantes. || Versez de l'eau frémissante sur le sachet et laissez infuser 5 minutes. || Mélisse* 53%, frêne* 33%, romarin* 10%, arôme naturel menthe 4%. *Ingrédients issus de l'agriculture biologique. || Valeur énergétique en Joules :  1,7Kj || Valeur énergétique en Kcal : 0,4kcal || Glucides : 0,1g || Lipides : 0g || Protides :0g || A conserver à l'abri de l'humidité. || 
70,00€ / Kg || 
2,10 € || 
Infusion après-repas à la mélisse, frêne et romarin, certifié AB || Les 20 sachets, 30g || Origine : FRANCE || La mélisse et le romarin sont des plantes connues pour leurs vertus digestives et vivifiantes. || Versez de l'eau frémissante sur le sachet et laissez infuser 5 minutes. || Mélisse* 53%, frêne* 33%, romarin* 10%, arôme naturel menthe 4%. *Ingrédients issus de l'agriculture biologique. || Valeur énergétique en Joules :  1,7Kj || Valeur énergétique en Kcal : 0,4kcal || Glucides : 0,1g || Lipides : 0g || Protides :0g || A conserver à l'abri de l'humidité. || 
70,00€ / Kg || 
2,10 € || 
Infusion sommeil et sérénité au tilleul, verveine, camomille et mélisse, certifié AB || Les 20 sachets, 30g || Origine : FRANCE || La mélisse, la camomille, la verveine et le tilleul favorisent le sommeil. || Laissez infuser votre sachet dans une tasse d'eau frémissante pendant 5 min. Pour conserver toutes les qualités de votre infusion, utilisez une eau faiblement calcaire. || Mélisse* 45%, verveine* 20%, tilleul* 17%, camomille matricaire* 10%, arôme miel 8%. *Ingrédients issus de l'agriculture biologique. || Valeur énergétique en Joules :  1,7Kj || Valeur énergétique en Kcal : 0,4Kcal || Glucides : 0,1g || Lipides : 0g || Protides :0g || A conserver à l'abri de l'humidité. || 
70,00€ / Kg || 
2,10 € || 
Infusion sommeil et sérénité au tilleul, verveine, camomille et mélisse, certifié AB || Les 20 sachets, 30g || Origine : FRANCE || La mélisse, la camomille, la verveine et le tilleul favorisent le sommeil. || Laissez infuser votre sachet dans une tasse d'eau frémissante pendant 5 min. Pour conserver toutes les qualités de votre infusion, utilisez une eau faiblement calcaire. || Mélisse* 45%, verveine* 20%, tilleul* 17%, camomille matricaire* 10%, arôme miel 8%. *Ingrédients issus de l'agriculture biologique. || Valeur énergétique en Joules :  1,7Kj || Valeur énergétique en Kcal : 0,4Kcal || Glucides : 0,1g || Lipides : 0g || Protides :0g || A conserver à l'abri de l'humidité. || 
70,00€ / Kg || 
2,10 € || 
Muesli croustillant Chocolat, Certifié Ab || Le paquet de 375g || Origine : FRANCE || Mélange de céréales croustillantes au cacao et au chocolat issu de l'agriculture biologique. || A consommer avec du lait, une boisson végétale, de la compote ou tel quel. || Flocons d'avoine*45%, sucre de canne* 21%, noix de coco râpée*, billettes de céréales* 6%, (riz*, sirop de malt d'orge déshydraté*, blé*, avoine*, sucre de canne* 0,3%, sel), graisse de palme*, sirop de riz* 4,9% (extraits de riz* 3,9%, eau), cacao maigre en poudre* 2,6%, farine de soja*, chocolat noir* 0,9%, farine de blé* 0,8%, farine de riz* 0,8%, miel*. Présence possible de fruits à coque, d'arachide et de sésame. * Ingrédients issus de l'agriculture biologique. || Valeur énergétique en Joules :  1798kj || Valeur énergétique en Kcal : 428kcal || Glucides : 63g || Lipides : 13g || Protides :9,9g || A conserver à l'abri de la chaleur et de l'humidité. Bien refermer le sachet après chaque utilisation. || 
7,81€ / Kg || 
2,93 € || 
Muesli croustillant Chocolat, Certifié Ab || Le paquet de 375g || Origine : FRANCE || Mélange de céréales croustillantes au cacao et au chocolat issu de l'agriculture biologique. || A consommer avec du lait, une boisson végétale, de la compote ou tel quel. || Flocons d'avoine*45%, sucre de canne* 21%, noix de coco râpée*, billettes de céréales* 6%, (riz*, sirop de malt d'orge déshydraté*, blé*, avoine*, sucre de canne* 0,3%, sel), graisse de palme*, sirop de riz* 4,9% (extraits de riz* 3,9%, eau), cacao maigre en poudre* 2,6%, farine de soja*, chocolat noir* 0,9%, farine de blé* 0,8%, farine de riz* 0,8%, miel*. Présence possible de fruits à coque, d'arachide et de sésame. * Ingrédients issus de l'agriculture biologique. || Valeur énergétique en Joules :  1798kj || Valeur énergétique en Kcal : 428kcal || Glucides : 63g || Lipides : 13g || Protides :9,9g || A conserver à l'abri de la chaleur et de l'humidité. Bien refermer le sachet après chaque utilisation. || 
7,81€ / Kg || 
2,93 € || 
Muesli croustillant Fruits rouges, Certifié Ab || Le paquet de 375g || Origine : FRANCE || Monoprix a sélectionné pour vous, avec des entreprises partenaires, des produits issus de l'agriculture biologique. Leurs modes de production et de transformation sont contrôlés et certifiés par un organisme indépendant conformément à la réglementation en vigueur. || A consommer avec du lait, une boisson végétale, de la compote ou tel quel. || Flocons de céréales *50% (flocons d'avoine*, flocons de blé*, flocons de seigle, flocons d'orge*),  sucre de canne* 15%, graisse de palme*,  billettes de céréales* 8% (riz*, sirop de malt d'orge déshydraté*, blé*, avoine*, sucre de canne* 0,4%*, sel), sirop de riz* 7,6% (extraits de riz* 6%, eau), fruits rouges* 2,3% [canneberges*, sucre de canne* roux 0,8%), framboises*, fraises*, myrtilles*], farine de blé* 2,8%, noix de coco râpée*. Présence possible de fruits à coque, d'arachide, de soja etde sésame. * Ingrédients issus de l'agriculture biologique. || Valeur énergétique en Joules :  1711kj || Valeur énergétique en Kcal : 406kcal || Glucides : 28g || Lipides : 3,6g || Protides :3,4g || A conserver à l'abri de la chaleur et de l'humidité. Bien refermer le sachet après chaque utilisation. || 
7,81€ / Kg || 
2,93 € || 
Muesli croustillant Fruits rouges, Certifié Ab || Le paquet de 375g || Origine : FRANCE || Monoprix a sélectionné pour vous, avec des entreprises partenaires, des produits issus de l'agriculture biologique. Leurs modes de production et de transformation sont contrôlés et certifiés par un organisme indépendant conformément à la réglementation en vigueur. || A consommer avec du lait, une boisson végétale, de la compote ou tel quel. || Flocons de céréales *50% (flocons d'avoine*, flocons de blé*, flocons de seigle, flocons d'orge*),  sucre de canne* 15%, graisse de palme*,  billettes de céréales* 8% (riz*, sirop de malt d'orge déshydraté*, blé*, avoine*, sucre de canne* 0,4%*, sel), sirop de riz* 7,6% (extraits de riz* 6%, eau), fruits rouges* 2,3% [canneberges*, sucre de canne* roux 0,8%), framboises*, fraises*, myrtilles*], farine de blé* 2,8%, noix de coco râpée*. Présence possible de fruits à coque, d'arachide, de soja etde sésame. * Ingrédients issus de l'agriculture biologique. || Valeur énergétique en Joules :  1711kj || Valeur énergétique en Kcal : 406kcal || Glucides : 28g || Lipides : 3,6g || Protides :3,4g || A conserver à l'abri de la chaleur et de l'humidité. Bien refermer le sachet après chaque utilisation. || 
7,81€ / Kg || 
2,93 € || 
Muesli croustillant Nature, Certifié Ab || Le paquet de 375g || Origine : FRANCE || Monoprix a sélectionné pour vous, avec des entreprises partenaires, des produits issus de l'agriculture biologique.Leurs modes de production et de transformation sont contrôlés et certifiés par un organisme indépendant conformément à la réglementation en vigueur. || A consommer avec du lait, du yaourt, du fromage blanc, de la compote, du lait de riz ou de soja, ou nature. || Flocons de céréales *47% (flocons d'avoine*, flocons de blé*, flocons d'orge*), sucre de canne* 16%, noix de coco râpée*, graisse de palme*, sirop de riz* 6,5% (extraits de riz* 5,2%, eau), billes de céréales soufflées* 5% (riz*, blé*, orge*, avoine*, sirop de malt d'orge déshydraté*), farine de riz* 1,3%, farine de soja*, son de blé* 0,7%, sirop de malt d'orge déshydraté* 0,6%, miel*. Présence possible de fruits à coque, d'arachide et de sésame. * Ingrédients issus de l'agriculture biologique. || Valeur énergétique en Joules :  1889kj || Valeur énergétique en Kcal : 451kcal || Glucides : 57g || Lipides : 19g || Protides :8,4g || A conserver à l'abri de la chaleur et de l'humidité. Bien refermer le sachet après chaque utilisation. || 
7,81€ / Kg || 
2,93 € || 
Muesli croustillant Nature, Certifié Ab || Le paquet de 375g || Origine : FRANCE || Monoprix a sélectionné pour vous, avec des entreprises partenaires, des produits issus de l'agriculture biologique.Leurs modes de production et de transformation sont contrôlés et certifiés par un organisme indépendant conformément à la réglementation en vigueur. || A consommer avec du lait, du yaourt, du fromage blanc, de la compote, du lait de riz ou de soja, ou nature. || Flocons de céréales *47% (flocons d'avoine*, flocons de blé*, flocons d'orge*), sucre de canne* 16%, noix de coco râpée*, graisse de palme*, sirop de riz* 6,5% (extraits de riz* 5,2%, eau), billes de céréales soufflées* 5% (riz*, blé*, orge*, avoine*, sirop de malt d'orge déshydraté*), farine de riz* 1,3%, farine de soja*, son de blé* 0,7%, sirop de malt d'orge déshydraté* 0,6%, miel*. Présence possible de fruits à coque, d'arachide et de sésame. * Ingrédients issus de l'agriculture biologique. || Valeur énergétique en Joules :  1889kj || Valeur énergétique en Kcal : 451kcal || Glucides : 57g || Lipides : 19g || Protides :8,4g || A conserver à l'abri de la chaleur et de l'humidité. Bien refermer le sachet après chaque utilisation. || 
7,81€ / Kg || 
2,93 € || 
Muesli de 4 céréales, 25% de fruits || Le paquet de 375g || Origine : FRANCE || Mélange croustillant de céréales et de fruits séchés et secs, issu de l'agriculture biologique. || A consommer avec du lait, une boisson végétale, de la compote ou tel quel. || Céréales* 62% (flocons de seigle*, flocons de blé*, flocons d'avoine*, flocons d'orge*, pétales de blé*), fruits* séchés et secs 25% [raisins secs* (raisins*, huile de tournesol*), figues séchées*, abricots séchés* (abricots*, farine de riz*), noisettes*, amandes*, noix de coco séchée*, pommes séchées*], sucre de canne* 11%. Traces possibles d'autres fruits à coque, d'arachide, de soja et de sésame.*Ingrédients issus de l'agriculture biologique. || Valeur énergétique en Joules :  1529Kj || Valeur énergétique en Kcal : 362Kcal || Glucides : 67g || Lipides : 1,3g || Protides :7,9g || A conserver à l'abri de la chaleur et de l'humidité. Bien refermer le sachet après chaque utilisation. || 
5,73€ / Kg || 
2,15 € || 
Muesli de 4 céréales, 25% de fruits || Le paquet de 375g || Origine : FRANCE || Mélange croustillant de céréales et de fruits séchés et secs, issu de l'agriculture biologique. || A consommer avec du lait, une boisson végétale, de la compote ou tel quel. || Céréales* 62% (flocons de seigle*, flocons de blé*, flocons d'avoine*, flocons d'orge*, pétales de blé*), fruits* séchés et secs 25% [raisins secs* (raisins*, huile de tournesol*), figues séchées*, abricots séchés* (abricots*, farine de riz*), noisettes*, amandes*, noix de coco séchée*, pommes séchées*], sucre de canne* 11%. Traces possibles d'autres fruits à coque, d'arachide, de soja et de sésame.*Ingrédients issus de l'agriculture biologique. || Valeur énergétique en Joules :  1529Kj || Valeur énergétique en Kcal : 362Kcal || Glucides : 67g || Lipides : 1,3g || Protides :7,9g || A conserver à l'abri de la chaleur et de l'humidité. Bien refermer le sachet après chaque utilisation. || 
5,73€ / Kg || 
2,15 € || 
Pâte à tartiner au cacao et à la pâte de noisettes, sucre brut de canne, certifié AB || Le pot de 400g || Origine : FRANCE || Sucre brut de canne* 48%, huile de tournesol* (dont antioxydant : extrait riche en tocophérols d'origine naturelle), pâte de noisettes* 12%, poudre de lait écrémé*, cacao maigre en poudre* 6%, émulsifiant : lécithine de soja. Présence possible de sésame et arachide. Pourcentage total d'ingrédients issus de l'agriculture biologique : 99,5%. *Ingrédients issus de l'agriculture biologique. || Valeur énergétique en Joules :  2326Kj || Valeur énergétique en Kcal : 558Kcal || Glucides : 53g || Lipides : 35g || Protides :6,3g || A conserver à température ambiante, à l'abri de la chaleur. Ne pas mettre au réfrigérateur. Après ouverture, à consommer dans les 2 mois. || 
9,18€ / Kg || 
3,67 € || 
Pâte à tartiner au cacao et à la pâte de noisettes, sucre brut de canne, certifié AB || Le pot de 400g || Origine : FRANCE || Sucre brut de canne* 48%, huile de tournesol* (dont antioxydant : extrait riche en tocophérols d'origine naturelle), pâte de noisettes* 12%, poudre de lait écrémé*, cacao maigre en poudre* 6%, émulsifiant : lécithine de soja. Présence possible de sésame et arachide. Pourcentage total d'ingrédients issus de l'agriculture biologique : 99,5%. *Ingrédients issus de l'agriculture biologique. || Valeur énergétique en Joules :  2326Kj || Valeur énergétique en Kcal : 558Kcal || Glucides : 53g || Lipides : 35g || Protides :6,3g || A conserver à température ambiante, à l'abri de la chaleur. Ne pas mettre au réfrigérateur. Après ouverture, à consommer dans les 2 mois. || 
9,18€ / Kg || 
3,67 € || 
Petits pains grillés aux 5 céréales, certifié AB || Le paquet de 225g || Origine : FRANCE || Petits pains grillés aux céréales issus de l'agriculture biologique. || Céréales 90,5% (farine de blé* 84%, blé concassé* 1,8%, farine de seigle* 1,8%, graines de sarrasin* 1,2%, farine d'orge* 1,2%, graines de millet* 0,5%), graines (sésame* 4,9%, lin* 1,8%), huile végétale (tournesol)*, levure, sucre*, sel, gluten de blé*, agent de traitement de la farine : acide ascorbique. Traces d'arachide, de fruits à coque, de lait, d'oeuf et de soja. *Ingrédients issus de l'agriculture biologique. || Valeur énergétique en Joules :  1707kj || Valeur énergétique en Kcal : 405kcal || Glucides : 66g || Lipides : 9g || Protides :12g || A conserver à l'abri de la chaleur et de l'humidité. || 
8,00€ / Kg || 
1,80 € || 
Petits pains grillés aux 5 céréales, certifié AB || Le paquet de 225g || Origine : FRANCE || Petits pains grillés aux céréales issus de l'agriculture biologique. || Céréales 90,5% (farine de blé* 84%, blé concassé* 1,8%, farine de seigle* 1,8%, graines de sarrasin* 1,2%, farine d'orge* 1,2%, graines de millet* 0,5%), graines (sésame* 4,9%, lin* 1,8%), huile végétale (tournesol)*, levure, sucre*, sel, gluten de blé*, agent de traitement de la farine : acide ascorbique. Traces d'arachide, de fruits à coque, de lait, d'oeuf et de soja. *Ingrédients issus de l'agriculture biologique. || Valeur énergétique en Joules :  1707kj || Valeur énergétique en Kcal : 405kcal || Glucides : 66g || Lipides : 9g || Protides :12g || A conserver à l'abri de la chaleur et de l'humidité. || 
8,00€ / Kg || 
1,80 € || 
Petits pains grillés croustillants au froment || Le paquet de 225g || Origine : FRANCE || Farine de blé* 92%, sucre*, matière grasse végétale* (palme), levure, sel, gluten de blé*, agent de traitement de la farine : acide ascorbique. Traces d'arachide, de fruits à coque, de lait, d'oeuf, de sésame et de soja. *Ingrédients issus de l'agriculture biologique. || Valeur énergétique en Joules :  1704kj || Valeur énergétique en Kcal : 404kcal || Glucides : 72g || Lipides : 7,5g || Protides :10g || A conserver a l'abri de la chaleur et de l'humidité. || 
6,93€ / Kg || 
1,56 € || 
Petits pains grillés croustillants au froment || Le paquet de 225g || Origine : FRANCE || Farine de blé* 92%, sucre*, matière grasse végétale* (palme), levure, sel, gluten de blé*, agent de traitement de la farine : acide ascorbique. Traces d'arachide, de fruits à coque, de lait, d'oeuf, de sésame et de soja. *Ingrédients issus de l'agriculture biologique. || Valeur énergétique en Joules :  1704kj || Valeur énergétique en Kcal : 404kcal || Glucides : 72g || Lipides : 7,5g || Protides :10g || A conserver a l'abri de la chaleur et de l'humidité. || 
6,93€ / Kg || 
1,56 € || 
préparation pour boisso cacaotée bio, certifié AB || La boîte de 500g || Origine : SLOVENIE || Préparation pour boisson au cacao maigre. || Mettez dans un bol 3 à 4 cuillères à café de poudre cacaotée, versez votre lait chaud et remuez afin d'obtenir une boisson homogène. || Sucre de canne* **, cacao fortement dégraissé* ** 32%, arôme naturel vanille (dont dextrose et maltodextrine de blé). Traces possibles de gluten, soja, lait, oeufs et fruits à coque. * Ingrédients issus de l'agriculture biologique. ** : ingrédients issus du commerce équitable (99.8% du poids total). || Valeur énergétique en Joules :  1549kj || Valeur énergétique en Kcal : 367kcal || Glucides : 71g || Lipides : 3,5g || Protides :8g || A conserver à l'abri de la chaleur et de l'humidité. || 
6,40€ / Kg || 
3,20 € || 
préparation pour boisso cacaotée bio, certifié AB || La boîte de 500g || Origine : SLOVENIE || Préparation pour boisson au cacao maigre. || Mettez dans un bol 3 à 4 cuillères à café de poudre cacaotée, versez votre lait chaud et remuez afin d'obtenir une boisson homogène. || Sucre de canne* **, cacao fortement dégraissé* ** 32%, arôme naturel vanille (dont dextrose et maltodextrine de blé). Traces possibles de gluten, soja, lait, oeufs et fruits à coque. * Ingrédients issus de l'agriculture biologique. ** : ingrédients issus du commerce équitable (99.8% du poids total). || Valeur énergétique en Joules :  1549kj || Valeur énergétique en Kcal : 367kcal || Glucides : 71g || Lipides : 3,5g || Protides :8g || A conserver à l'abri de la chaleur et de l'humidité. || 
6,40€ / Kg || 
3,20 € || 
Thé vert bien-être et légèreté aromatisé à la mûre, certifié AB || Les 20 sachets, 30g || Origine : FRANCE || Vous apprécierez l'alliance subtile et originale du thé vert et du frêne, plantes reconnues pour leurs propriétés toniques et diurétiques. || Versez de l'eau frémissante sur le sachet et laissez infuser 5 minutes. || Thé vert* 63%, feuilles de frêne* 26%, arôme naturel mûre 7%, thalle de fucus 4%. *Ingrédients issus de l'agriculture biologique. || Valeur énergétique en Joules :  3,4Kj || Valeur énergétique en Kcal : 0,8kcal || Glucides : 0,2g || Lipides : 0g || Protides :0g || A conserver à l'abri de l'humidité. || 
70,00€ / Kg || 
2,10 € || 
Thé vert bien-être et légèreté aromatisé à la mûre, certifié AB || Les 20 sachets, 30g || Origine : FRANCE || Vous apprécierez l'alliance subtile et originale du thé vert et du frêne, plantes reconnues pour leurs propriétés toniques et diurétiques. || Versez de l'eau frémissante sur le sachet et laissez infuser 5 minutes. || Thé vert* 63%, feuilles de frêne* 26%, arôme naturel mûre 7%, thalle de fucus 4%. *Ingrédients issus de l'agriculture biologique. || Valeur énergétique en Joules :  3,4Kj || Valeur énergétique en Kcal : 0,8kcal || Glucides : 0,2g || Lipides : 0g || Protides :0g || A conserver à l'abri de l'humidité. || 
70,00€ / Kg || 
2,10 € || 
Thé vert d'Inde, certifié AB || Les 20 sachets, 36g || Origine : FRANCE || Délicatement parfumé, le thé vert d'Inde Monoprix Bio Max Havelaar vous propose un instant de plaisir frais et savoureux. Bonne dégustation ! || En été, n'hésitez pas à le boire glacé ! Versez de l'eau frémissante sur le sachet, laissez infuser de 2 à 5 minutes selon votre goût, puis sucrez à votre convenance. Votre thé est prêt à être dégusté. || Thé vert* 92%, arômes naturels de citron et de menthe (6%), cardamome* (2%). *Ingrédients issus de l'agriculture biologique et du commerce équitable (94%). || A conserver à l'abri de l'humidité. || 
64,72€ / Kg || 
2,33 € || 
Thé vert d'Inde, certifié AB || Les 20 sachets, 36g || Origine : FRANCE || Délicatement parfumé, le thé vert d'Inde Monoprix Bio Max Havelaar vous propose un instant de plaisir frais et savoureux. Bonne dégustation ! || En été, n'hésitez pas à le boire glacé ! Versez de l'eau frémissante sur le sachet, laissez infuser de 2 à 5 minutes selon votre goût, puis sucrez à votre convenance. Votre thé est prêt à être dégusté. || Thé vert* 92%, arômes naturels de citron et de menthe (6%), cardamome* (2%). *Ingrédients issus de l'agriculture biologique et du commerce équitable (94%). || A conserver à l'abri de l'humidité. || 
64,72€ / Kg || 
2,33 € || 
Vollkornbrot, pain de seigle complet égrugé tranché, certifié AB || Le paquet de 500g || Origine : ALLEMAGNE || Riche en fibres. Origine Allemagne. Levain de seigle. || Levain* 34% (seigle complet égrugé* 20%, eau), seigle complet égrugé* 33%, eau, extrait de malt d'orge*, sel, levure. Présence possible de sésame. *ingrédients issus de l'agriculture biologique. || Valeur énergétique en Joules :  894Kj || Valeur énergétique en Kcal : 212Kcal || Glucides : 40g || Lipides : 1,3g || Protides :5,5g || A conserver dans un endroit sec et frais, à l'abri de la lumière. || 
4,68€ / Kg || 
2,34 € || 
Vollkornbrot, pain de seigle complet égrugé tranché, certifié AB || Le paquet de 500g || Origine : ALLEMAGNE || Riche en fibres. Origine Allemagne. Levain de seigle. || Levain* 34% (seigle complet égrugé* 20%, eau), seigle complet égrugé* 33%, eau, extrait de malt d'orge*, sel, levure. Présence possible de sésame. *ingrédients issus de l'agriculture biologique. || Valeur énergétique en Joules :  894Kj || Valeur énergétique en Kcal : 212Kcal || Glucides : 40g || Lipides : 1,3g || Protides :5,5g || A conserver dans un endroit sec et frais, à l'abri de la lumière. || 
4,68€ / Kg || 
2,34 € || 
Chocolat noir absolu, coopérative El Ceibo || La tablette de 100g || Origine : FRANCE || Le chocolat biologique Noir Absolu Alter Eco est un pur chocolat d'exception recherché par les amateurs de sensations fortes. Toute la puissance du cacao de Bolivie est restitué tuée dans ce chocolat aux saveurs amères, intenses et raffinées. La coopérative El Ceibo s'est constituée historiquement autour de la ville de Sapecho en Bolivie, dans une zone tropicale proche de l'Amazonie. Elle regroupe aujourd'hui 38 coopératives, soit un total de plus de 800 membres. Grâce au prix d'achat Commerce Équitable et à la prime de développement versée par Alter Eco, El Ceibo peut offrir de nombreuses garanties à ses membres, parmi lesquelles des formations aux techniques agricoles et un fonds d'urgence dédié à la santé. || pâte de cacao*(Bolivie/Costa-Rica), beurre de cacao*(Bolivie/Rép.   Dominicaine),   sucre   de    canne* (Paraguay).Cacao :85% minimum.100% des ingrédients agricoles issus de l'agriculture biologique.* produits issus du commerce équitable (100 % du volume total).Peut contenir des traces de lait, noisettes, noix de cajou et amandes. || Conserver au frais (16-18°C), au sec et à l'abri de la lumière. || 
26,80€ / Kg || 
2,68 € || 
Chocolat noir absolu, coopérative El Ceibo || La tablette de 100g || Origine : FRANCE || Le chocolat biologique Noir Absolu Alter Eco est un pur chocolat d'exception recherché par les amateurs de sensations fortes. Toute la puissance du cacao de Bolivie est restitué tuée dans ce chocolat aux saveurs amères, intenses et raffinées. La coopérative El Ceibo s'est constituée historiquement autour de la ville de Sapecho en Bolivie, dans une zone tropicale proche de l'Amazonie. Elle regroupe aujourd'hui 38 coopératives, soit un total de plus de 800 membres. Grâce au prix d'achat Commerce Équitable et à la prime de développement versée par Alter Eco, El Ceibo peut offrir de nombreuses garanties à ses membres, parmi lesquelles des formations aux techniques agricoles et un fonds d'urgence dédié à la santé. || pâte de cacao*(Bolivie/Costa-Rica), beurre de cacao*(Bolivie/Rép.   Dominicaine),   sucre   de    canne* (Paraguay).Cacao :85% minimum.100% des ingrédients agricoles issus de l'agriculture biologique.* produits issus du commerce équitable (100 % du volume total).Peut contenir des traces de lait, noisettes, noix de cajou et amandes. || Conserver au frais (16-18°C), au sec et à l'abri de la lumière. || 
26,80€ / Kg || 
2,68 € || 
Chocolat noir intense, force brut, coopérative El Ceibo || La tablette de 100g || Origine : FRANCE || Le chocolat Noir Intense Bio Alter Eco vous offre toute la force brut d'un chocolat noir fabriqué dans le respect des traditions. Pour qu'il puisse dégager toute la richesse de ses arômes, les ingrédients sont malaxés pendant près de 70h (soit 3 à 6fois plus que pour un chocolat classique) dans une conche traditionnelle. || Pâte de cacao* (Bolivie/Pérou), sucre de canne non raffiné* (Philippines), beurre de cacao* (Bolivie/République Dominicaine). Cacao : 58% minimum. *conforme aux standards Max Havelaar. 100% des ingrédients agricoles issus de l'agriculture biologique.Peut contenir des traces de fruits secs, d'amandes et de produits laitiers. || Conserver dans un endroit frais (16-18°C) et sec. || 
26,00€ / Kg || 
2,60 € || 
Chocolat noir intense, force brut, coopérative El Ceibo || La tablette de 100g || Origine : FRANCE || Le chocolat Noir Intense Bio Alter Eco vous offre toute la force brut d'un chocolat noir fabriqué dans le respect des traditions. Pour qu'il puisse dégager toute la richesse de ses arômes, les ingrédients sont malaxés pendant près de 70h (soit 3 à 6fois plus que pour un chocolat classique) dans une conche traditionnelle. || Pâte de cacao* (Bolivie/Pérou), sucre de canne non raffiné* (Philippines), beurre de cacao* (Bolivie/République Dominicaine). Cacao : 58% minimum. *conforme aux standards Max Havelaar. 100% des ingrédients agricoles issus de l'agriculture biologique.Peut contenir des traces de fruits secs, d'amandes et de produits laitiers. || Conserver dans un endroit frais (16-18°C) et sec. || 
26,00€ / Kg || 
2,60 € || 
Infusion sans théine rooibois || La boîte de 40g || Origine : FRANCE || Le rooibos est une infusion de couleur corail à la texture ronde et veloutée. Les profonds sols sablonneux, l'alternance des hivers froids et humides et des étés chauds et secs procurent à cette boisson son parfum doux et subtilement vanillé. || Temps d'infusion : 4 min. Température de l'eau : 90°C. Sans théine, le rooibos peut se déguster à toute heure de la journée avec ou sans lait. || 100% Rooibos issu de l'agriculture biologique. Rooibos récolté en Afrique du Sud et conditionné en France. || Pour préserver toute sa saveur, conservez ce produit à l'abri de la lumière, dans un endroit frais et sec. || 
85,25€ / Kg || 
3,41 € || 
Infusion sans théine rooibois || La boîte de 40g || Origine : FRANCE || Le rooibos est une infusion de couleur corail à la texture ronde et veloutée. Les profonds sols sablonneux, l'alternance des hivers froids et humides et des étés chauds et secs procurent à cette boisson son parfum doux et subtilement vanillé. || Temps d'infusion : 4 min. Température de l'eau : 90°C. Sans théine, le rooibos peut se déguster à toute heure de la journée avec ou sans lait. || 100% Rooibos issu de l'agriculture biologique. Rooibos récolté en Afrique du Sud et conditionné en France. || Pour préserver toute sa saveur, conservez ce produit à l'abri de la lumière, dans un endroit frais et sec. || 
85,25€ / Kg || 
3,41 € || 
Thé vert de Ceylan, certifié AB || Les 20 infusettes, 40g || Origine : FRANCE || Ce thé vert de couleur jaune clair à la texture ample et moelleuse se caractérise par des notes fraiches et végétales. Ce thé vert 'mid grown' est récolté entre 500 et 1000 mètres d'altitude, dans la région montagneuse de Gampola. Dans les jardins des petits producteurs de SOFA se mêlent théiers, poivriers, canneliers et vanilliers. || Temps d'infusion : 3 min dans 200 ml d'eau à 90°C. Pour une dégustation optimale, utilisez une eau filtrée ou de source. || 100% thé vert Ceylan issu de l'agriculture biologique. || Conservez ce thé à l'abri de la lumière, dans un endroit frais et sec. || 
82,25€ / Kg || 
3,29 € || 
Thé vert de Ceylan, certifié AB || Les 20 infusettes, 40g || Origine : FRANCE || Ce thé vert de couleur jaune clair à la texture ample et moelleuse se caractérise par des notes fraiches et végétales. Ce thé vert 'mid grown' est récolté entre 500 et 1000 mètres d'altitude, dans la région montagneuse de Gampola. Dans les jardins des petits producteurs de SOFA se mêlent théiers, poivriers, canneliers et vanilliers. || Temps d'infusion : 3 min dans 200 ml d'eau à 90°C. Pour une dégustation optimale, utilisez une eau filtrée ou de source. || 100% thé vert Ceylan issu de l'agriculture biologique. || Conservez ce thé à l'abri de la lumière, dans un endroit frais et sec. || 
82,25€ / Kg || 
3,29 € || 
Biscuits biologiques céréales, miel et noisettes || Les 4 sachets de 4 biscuits, 195g || Origine : FRANCE || Savoureux mélange de céréales, de noisettes et de miel doré, les biscuits Equilidéj' de Bjorg, 100% biologiques*, vous séduiront par leur goût et leur croustillant lors de votre petit déjeuner. Non seulement gourmands, les biscuits Equilidéj' de Bjorg sont riches en bienfaits nutritionnels. Source de fibres, ils peuvent vous aider à atteindre la dose journalière de 30g de fibres conseillée par les experts nutritionnistes. Les biscuits Equilidéj' sont également source de magnésium et de vitamineE, éléments indispensables au bon fonctionnement de notre corps. || *Céréales ((51%) *farine de blé, *flocons d'avoine, *grains de riz soufflés (*riz complet, *avoine, sel), *pétales de maïs, *son de blé), *sucre de canne roux non raffiné, *huile de palme non hydrogénée, *noisettes (8%), *graines de soja, *miel (1,4%), *lait écrémé en poudre, arôme naturel de vanille, sel marin non raffiné, poudre à lever : carbonate d'ammonium. Traces d'arachide. *100% des ingrédients d'origine agricole ont été obtenus selon les règles de la production biologique. || Valeur énergétique en Joules :  2081Kj || Valeur énergétique en Kcal : 497Kcal || Glucides : 60g || Lipides : 25g || Protides :8g || 
16,67€ / Kg || 
3,25 € || 
Biscuits biologiques céréales, miel et noisettes || Les 4 sachets de 4 biscuits, 195g || Origine : FRANCE || Savoureux mélange de céréales, de noisettes et de miel doré, les biscuits Equilidéj' de Bjorg, 100% biologiques*, vous séduiront par leur goût et leur croustillant lors de votre petit déjeuner. Non seulement gourmands, les biscuits Equilidéj' de Bjorg sont riches en bienfaits nutritionnels. Source de fibres, ils peuvent vous aider à atteindre la dose journalière de 30g de fibres conseillée par les experts nutritionnistes. Les biscuits Equilidéj' sont également source de magnésium et de vitamineE, éléments indispensables au bon fonctionnement de notre corps. || *Céréales ((51%) *farine de blé, *flocons d'avoine, *grains de riz soufflés (*riz complet, *avoine, sel), *pétales de maïs, *son de blé), *sucre de canne roux non raffiné, *huile de palme non hydrogénée, *noisettes (8%), *graines de soja, *miel (1,4%), *lait écrémé en poudre, arôme naturel de vanille, sel marin non raffiné, poudre à lever : carbonate d'ammonium. Traces d'arachide. *100% des ingrédients d'origine agricole ont été obtenus selon les règles de la production biologique. || Valeur énergétique en Joules :  2081Kj || Valeur énergétique en Kcal : 497Kcal || Glucides : 60g || Lipides : 25g || Protides :8g || 
16,67€ / Kg || 
3,25 € || 
Cereales et chicoree bio || Le bocal de 100g || Origine : ITALIE || Ce mélange de céréales et de chicorée est une excellente alternative au café car naturellement il ne contient pas de caféine. Vous apprécierez son goût intense, à la fois amer et torréfié mais aussi la saveur délicieuse des céréales. || Versez une ou deux cuillères à café dans un bol de 250 ml. Ajoutez de l'eau bouillante. Vous pouvez également ajouter du lait ou du sirop d'agave, à votre convenance. || orge 38%, malt d'orge 27%, chicorÍe 23%, seigle 10%, figues || Valeur énergétique en Joules :  1532 || Valeur énergétique en Kcal : 361 || Glucides : 80.8 || Lipides : 0 || Protides :5.6 || A conserver dans un endroit sec à l'abri de l'humidité. || 
37,60€ / Kg || 
3,76 € || 
Cereales et chicoree bio || Le bocal de 100g || Origine : ITALIE || Ce mélange de céréales et de chicorée est une excellente alternative au café car naturellement il ne contient pas de caféine. Vous apprécierez son goût intense, à la fois amer et torréfié mais aussi la saveur délicieuse des céréales. || Versez une ou deux cuillères à café dans un bol de 250 ml. Ajoutez de l'eau bouillante. Vous pouvez également ajouter du lait ou du sirop d'agave, à votre convenance. || orge 38%, malt d'orge 27%, chicorÍe 23%, seigle 10%, figues || Valeur énergétique en Joules :  1532 || Valeur énergétique en Kcal : 361 || Glucides : 80.8 || Lipides : 0 || Protides :5.6 || A conserver dans un endroit sec à l'abri de l'humidité. || 
37,60€ / Kg || 
3,76 € || 
Crousti' avoine chocolat || Le paquet de 500g || Origine : ALLEMAGNE || Découvrez les Crousti' Avoine Chocolat Bjorg. Savoureux mélange d'avoine, de son d'avoine et de pépites de chocolat noir. Ces Crousti' Avoine ont une teneur réduite en acides gras saturés (-30% par rapport aux produits référents du marché) et contiennent des céréales complètes source de fibres. || Flocons d'avoine complet* 47%, sucre de canne non raffinÍ*, chocolat noir* 10% (pÇte de cacao*, sucre de canne*, beurre de cacao*), riz soufflÍ* (farine de riz*), farine d'avoine* 6%, son d'avoine* 5%, huile de tournesol olÍique* 4.3% (huile de tournesol olÍique*, antioxydant : extrait de tocophÍrol), malt d'orge*, noix de coco*, sel de mer non raffinÍ. || Valeur énergétique en Joules :  1851kj || Valeur énergétique en Kcal : 440kcal || Glucides : 68,9g || Lipides : 13,2g || Protides :8,8g || Conserver au frais et au sec. Bien refermer le paquet après utilisation. || 
10,82€ / L || 
5,41 € || 
Crousti' avoine chocolat || Le paquet de 500g || Origine : ALLEMAGNE || Découvrez les Crousti' Avoine Chocolat Bjorg. Savoureux mélange d'avoine, de son d'avoine et de pépites de chocolat noir. Ces Crousti' Avoine ont une teneur réduite en acides gras saturés (-30% par rapport aux produits référents du marché) et contiennent des céréales complètes source de fibres. || Flocons d'avoine complet* 47%, sucre de canne non raffinÍ*, chocolat noir* 10% (pÇte de cacao*, sucre de canne*, beurre de cacao*), riz soufflÍ* (farine de riz*), farine d'avoine* 6%, son d'avoine* 5%, huile de tournesol olÍique* 4.3% (huile de tournesol olÍique*, antioxydant : extrait de tocophÍrol), malt d'orge*, noix de coco*, sel de mer non raffinÍ. || Valeur énergétique en Joules :  1851kj || Valeur énergétique en Kcal : 440kcal || Glucides : 68,9g || Lipides : 13,2g || Protides :8,8g || Conserver au frais et au sec. Bien refermer le paquet après utilisation. || 
10,82€ / L || 
5,41 € || 
Flocons d'avoine, 4 graines et raisins, certifié AB || Le paquet de 375g || Origine : ALLEMAGNE || 
8,61€ / Kg || 
3,23 € || 
Flocons d'avoine, 4 graines et raisins, certifié AB || Le paquet de 375g || Origine : ALLEMAGNE || 
8,61€ / Kg || 
3,23 € || 
Flocons d'avoine bio || La boîte de 500g || Origine : FRANCE || Découvrez les flocons d'avoine Bjorg biologiques*, le plaisir naturel du petit déjeuner pour bien démarrer la journée et faire le plein d'énergie. L'avoine est  naturellement riche en magnésium et en phosphore. || Ce produit se consomme aussi bien cru que cuit. || Avoine complet issue de l'agriculture biologique || Valeur énergétique en Joules :  1531,2 || Valeur énergétique en Kcal : 363,7 || Glucides : 57,9 || Lipides : 7,1 || Protides :11,4 || A conserver à l'abri de l'humidité. || 
5,66€ / Kg || 
2,83 € || 
Flocons d'avoine bio || La boîte de 500g || Origine : FRANCE || Découvrez les flocons d'avoine Bjorg biologiques*, le plaisir naturel du petit déjeuner pour bien démarrer la journée et faire le plein d'énergie. L'avoine est  naturellement riche en magnésium et en phosphore. || Ce produit se consomme aussi bien cru que cuit. || Avoine complet issue de l'agriculture biologique || Valeur énergétique en Joules :  1531,2 || Valeur énergétique en Kcal : 363,7 || Glucides : 57,9 || Lipides : 7,1 || Protides :11,4 || A conserver à l'abri de l'humidité. || 
5,66€ / Kg || 
2,83 € || 
Muesli aux fruits Bio || Le sachet de 750g || Origine : FRANCE || Valeur énergétique en Joules :  1521kj || Valeur énergétique en Kcal : 1521kj || Glucides : 61,3g || Lipides : 6,3g || Protides :10,1g || 
7,39€ / Kg || 
5,54 € || 
Muesli aux fruits Bio || Le sachet de 750g || Origine : FRANCE || Valeur énergétique en Joules :  1521kj || Valeur énergétique en Kcal : 1521kj || Glucides : 61,3g || Lipides : 6,3g || Protides :10,1g || 
7,39€ / Kg || 
5,54 € || 
Farine de blé type 65 || Le paquet de 1kg || Origine : ALLEMAGNE || Farine de blé type 65 issue de l'agriculture biologique. || A conserver à l'abri de la chaleur et de l'humidité. Après ouverture , bien refermer le paquet. || 
1,70€ / Kg || 
1,70 € || 
Farine de blé type 65 || Le paquet de 1kg || Origine : ALLEMAGNE || Farine de blé type 65 issue de l'agriculture biologique. || A conserver à l'abri de la chaleur et de l'humidité. Après ouverture , bien refermer le paquet. || 
1,70€ / Kg || 
1,70 € || 
Sucre de canne en morceaux, certifié AB || La boîte de 500g || Origine : FRANCE || Le sucre en morceaux Monoprix Bio a été obtenu en moulant et en séchant des cristaux de sucre de canne biologique non raffiné. Il est naturellement parfumé. || Sucre de canne du Paraguay . || A conserver à l'abri de la chaleur et de l'humidité. || 
5,34€ / Kg || 
2,67 € || 
Sucre de canne en morceaux, certifié AB || La boîte de 500g || Origine : FRANCE || Le sucre en morceaux Monoprix Bio a été obtenu en moulant et en séchant des cristaux de sucre de canne biologique non raffiné. Il est naturellement parfumé. || Sucre de canne du Paraguay . || A conserver à l'abri de la chaleur et de l'humidité. || 
5,34€ / Kg || 
2,67 € || 
Sucre de canne en poudre, brut non raffiné, certifié AB || Le paquet de 500g || Origine : FRANCE || Blonvilliers étant aujourd'hui sa gamme en vous offrant un sucre biologique certifié commerce équitable. Blondvilliers Blond de Canne ne subit pas de raffinage. || Sucre brut de canne bio. || 
4,78€ / Kg || 
2,39 € || 
Sucre de canne en poudre, brut non raffiné, certifié AB || Le paquet de 500g || Origine : FRANCE || Blonvilliers étant aujourd'hui sa gamme en vous offrant un sucre biologique certifié commerce équitable. Blondvilliers Blond de Canne ne subit pas de raffinage. || Sucre brut de canne bio. || 
4,78€ / Kg || 
2,39 € || 
Sirop d'Agave || Le flacon de 500ml || Origine : FRANCE || Le sirop d'agave est la sève d'un cactus mexicain. C'est un sucre non raffiné qui représente une véritable alternative au sucre blanc. || *100% sirop d'agave concentré. *Ingrédient d'origine agricole obtenu selon les règles de la production biologique. || Valeur énergétique en Joules :  1800kj || Valeur énergétique en Kcal : 420kcal || Glucides : 106g || Lipides : 0,5g || Protides :0,5g || 
15,22€ / L || 
7,61 € || 
Sirop d'Agave || Le flacon de 500ml || Origine : FRANCE || Le sirop d'agave est la sève d'un cactus mexicain. C'est un sucre non raffiné qui représente une véritable alternative au sucre blanc. || *100% sirop d'agave concentré. *Ingrédient d'origine agricole obtenu selon les règles de la production biologique. || Valeur énergétique en Joules :  1800kj || Valeur énergétique en Kcal : 420kcal || Glucides : 106g || Lipides : 0,5g || Protides :0,5g || 
15,22€ / L || 
7,61 € || 
Farine de blé bio || Le paquet de 1kg || Origine : FRANCE || La farine de blé bio Francine est garantie sans grumeaux. Facile à travailler, elle est idéale pour tous les usages (crêpes, gâteaux, pâtes à tarte, sauces). || farine de blé* type 55. *Issus de l'agriculture biologique. || Valeur énergétique en Joules :  1430kj || Valeur énergétique en Kcal : 337kcal || Glucides : 71g || Lipides : 1,1g || Protides :9,4g || Conservez à l'abri de la chaleur et de l'humidité. || 
2,39€ / Kg || 
2,39 € || 
Sucre en poudre pure canne || La brique de 500g || Origine : FRANCE || 
4,58€ / Kg || 
2,29 € || 
Sucre en poudre pure canne || La brique de 500g || Origine : FRANCE || 
4,58€ / Kg || 
2,29 € || 
Steacks hachés, production biologique, 5% de mat. Gr || La barquette de 2x125g || Origine : FRANCE || 
22,88€ / Kg || 
5,72 € || 
Steacks hachés, production biologique, 5% de mat. Gr || La barquette de 2x125g || Origine : FRANCE || 
22,88€ / Kg || 
5,72 € || 
Steak haché, 15% de mat. Gr. || La barquette de 125g || Origine : FRANCE || 
14,08€ / Kg || 
1,76 € || 
Steak haché, 5% de mat. Gr. || Les 2 pièces de 250g || Origine : FRANCE || 
20,40€ / Kg || 
5,10 € || 
Steak haché pur boeuf, 5% de mat. Gr || La barquette de 125g || Origine : FRANCE || 
16,32€ / Kg || 
2,04 € || 
Steaks hachés, production biologique || La barquette de 2x125g || Origine : FRANCE || Nous avons sélectionné pour vous ce produit issu de l'agriculture biologique répondant à un cahier des charges strict qui fixe son mode de production. || A consommer cuit à coeur. || Viande bovine française. Taux de matière grasse inférieur à 5%, rapport collagène sur protéine de viande inférieur à 12%. || A conserver entre 0°C et 2°C. || 
20,56€ / Kg || 
5,14 € || 
Steaks hachés, production biologique || La barquette de 2x125g || Origine : FRANCE || Nous avons sélectionné pour vous ce produit issu de l'agriculture biologique répondant à un cahier des charges strict qui fixe son mode de production. || A consommer cuit à coeur. || Viande bovine française. Taux de matière grasse inférieur à 5%, rapport collagène sur protéine de viande inférieur à 12%. || A conserver entre 0°C et 2°C. || 
20,56€ / Kg || 
5,14 € || 
Steaks hachés frais pur boeuf, 12% de mat. Gr. || La barquette de 2x140g || Origine : FRANCE || Race à viande origine Massif Central : les bovins proviennent exclusivement d'élevages du Massif Central. Un savoir-faire incontestable : un haché plus aéré, pour plus de moelleux dans le respect des meilleures traditions bouchères. Un goût authentique : avec moins de 10% de matières grasses, la viande hachée Monoprix Gourmet préserve toute la saveur de la viande bovine. || A consommer cuit à coeur. || 100% pur boeuf. Origine : France. Taux de matière grasse inférieure à 10%. Rapport collagène sur protéines inférieur à 15%. || Valeur énergétique en Joules :  710 || Valeur énergétique en Kcal : 170 || Glucides : 0Traces || Lipides : 10g || Protides :20g || A conserver entre 0°C et +2°c. || 
17,46€ / Kg || 
4,89 € || 
Steaks hachés pur boeuf, 15% de mat. Gr. || La barquette de 2x125g || Origine : FRANCE || A consommer cuit à coeur. || Pur boeuf. Origine France. Elaboré en France. 15% de matière grasse max. Rapport collagène sur protéine de viande inférieur à 15%. || Valeur énergétique en Joules :  0 || Valeur énergétique en Kcal : 0 || Glucides : 0 || Lipides : 0 || Protides :0 || Tenir au froid à 0°C +2°C. || 
12,24€ / Kg || 
3,06 € || 
Steaks hachés pur boeuf, 5% de mat. Gr. || La barquette de 2x125g || Origine : FRANCE || A consommer cuit à coeur. || Pur boeuf. Origine : France. Elaboré en France. Taux de matière grasse inférieur à 5%. Rapport collagène sur protéine de viande inférieur à 12%. || Valeur énergétique en Joules :  0 || Valeur énergétique en Kcal : 0 || Glucides : 0 || Lipides : 0 || Protides :0 || Tenir au froid à 0°C +2°C. || 
14,76€ / Kg || 
3,69 € || 
Steaks hachés pur boeuf, 5% de mat. Gr. || La barquette de 2x125g || Origine : FRANCE || 
18,56€ / Kg || 
4,64 € || 
Viande hachée, 5% de mat. Gr. || La barquette de 350g || Origine : FRANCE || 
20,17€ / Kg || 
7,06 € || 
Viande hachée, 5% de mat. Gr. || La barquette de 350g || Origine : FRANCE || 
20,17€ / Kg || 
7,06 € || 
Viande hachée fraîche pur boeuf, 5% de mat. Gr. || La barquette de 350g || Origine : FRANCE || A consommer cuit à coeur. || Pur boeuf. Origine France. Elaboré en France. 5% de matière grasse max. Rapport collagène sur protéine de viande inférieur à 12%. || Valeur énergétique en Joules :  0 || Valeur énergétique en Kcal : 0 || Glucides : 0 || Lipides : 0 || Protides :0 || Tenir au froid à 0°C +2°C. || 
15,23€ / Kg || 
5,33 € || 
Viande hachée pur boeuf, 15% de mat. Gr. || La barquette de 350g || Origine : FRANCE || 100% Viande de Boeuf 15% de mat. Gr VBF || 
12,31€ / Kg || 
4,31 € || 
Viande hachée vrac, 10% de mat. Gr. || La barquette de 300g || Origine : FRANCE || 
17,87€ / Kg || 
5,36 € || 
Steaks hachés pur boeuf, 20% de mat. Gr. || Les 2 pièces de 125g || Origine : FRANCE || 
11,32€ / Kg || 
2,83 € || 
Viande hachée pur boeuf, 20% de mat. Gr. || La barquette de 650g || Origine : FRANCE || 
11,02€ / Kg || 
7,16 € || 
Steack haché tartare, 5% de mat. Gr. || La barquette de 250g || Origine : FRANCE || Viande hachée de boeuf || Valeur énergétique en Joules :  525kj || Valeur énergétique en Kcal : 125kcal || Glucides : 0g || Lipides : 5g || Protides :20g || 
20,56€ / Kg || 
5,14 € || 
Steak haché, 5% de mat. Gr. || La pièce de 130g || Origine : FRANCE || 
23,69€ / Kg || 
3,08 € || 
Steaks hachés de boeuf || La barquette de 3x100g || Origine : FRANCE || A consommer cuit à coeur. || Viande bovine 80%, eau, fibres de pousse de bambou, protéines de pois 1,7%, fécule de pomme de terre, sel, arômes, betterave rouge déshydratée, antioxydant :  E301. || A conserver entre 0 et 2° || 
15,27€ / Kg || 
4,58 € || 
Steaks hachés frais pur boeuf, 5% de mat. Gr. || La barquette de 2x130g || Origine : FRANCE || 
20,27€ / Kg || 
5,27 € || 
Steaks hachés pur boeuf, 15% de mat. Gr. || La barquette de 2x130g || Origine : FRANCE || 
16,42€ / Kg || 
4,27 € || 
Steaks hachés pur boeuf en petites portions, 5% de mat. Gr. || La barquette de 2x80g || Origine : FRANCE || 
20,25€ / Kg || 
3,24 € || 
Hachés frais, pur boeuf de race limousine, 5% de mat. Gr. || La barquette de 2x150g || Origine : FRANCE || 
19,73€ / Kg || 
5,92 € || 
Bavette d'aloyau || La barquette de 150g || Origine : FRANCE || 
36,40€ / Kg || 
5,46 € || 
Bavette d'aloyau, viande bovine d'origine française || La barquette de 2x140g || Origine : FRANCE || 
29,25€ / Kg || 
8,19 € || 
Bavette d'Aloyau, viande bovine d'origine française, bio || La barquette de 140g || Origine : FRANCE || 
46,00€ / Kg || 
6,44 € || 
Bavette d'Aloyau, viande bovine d'origine française, bio || La barquette de 140g || Origine : FRANCE || 
46,00€ / Kg || 
6,44 € || 
Bifteck, viande bovine d'origine française || La barquette de 140g || Origine : FRANCE || 
27,21€ / Kg || 
3,81 € || 
Faux filet || La barquette de 170g environ || Origine : FRANCE || 
30,24€ / Kg || 
5,14 € || 
Faux filet || La barquette de 170g environ || Origine : FRANCE || 
30,24€ / Kg || 
5,14 € || 
Onglet, viande bovine || La barquette de 120g || Origine : COMMUNAUT EUROPEENNE || 
34,25€ / Kg || 
4,11 € || 
Bifteck extra tendre || La barquette de 140g || Origine : FRANCE || 
28,79€ / Kg || 
4,32 € || 
Biftecks extra-tendres || La barquette de 2x140g || Origine : FRANCE || Le meilleur de la viande. Forte de son savoir-faire et de celui de ses bouchers, Charal s'engage à vous offrir le meilleur de la viande, une viande toujours sélectionnée et contrôlée avec le plus grand soin, de l'élevage jusqu'au conditionnement. || 5 minutes avant la cuisson, enlevez l'enveloppe aluminisée puis retirez le film protecteur. La viande mise sous vide est naturellement plus foncée mais elle reprendra sa couleur habituelle en quelques minutes. A poêler quelques minutes.  Poêle. || Viande bovine fraîche origine France. || Valeur énergétique en Joules :  467 || Valeur énergétique en Kcal : 111 || Glucides : 0g || Lipides : 2,5g || Protides :22g || Produit à tenir au froid entre 0°C et +4°C. Après ouverture : à conserver au réfrigérateur entre 0°C et +4°C dans un respect total des règles d'hygiène et à consommer dans les 24 heures maximum. Il vous est possible de congeler la viande Charal dans son emballage d'origine. La décongélation devra s'effectuer de préférence dans votre réfrigérateur. || 
24,67€ / Kg || 
7,40 € || 
Biftecks tendres et savoureux en petites portions || La barquette de 2 || Origine : FRANCE || 
26,36€ / Kg || 
4,22 € || 
Châteaubriands dans le filet, tendre et savoureux || La barquette de 2x200g || Origine : FRANCE || Le meilleur de la viande. Forte de son savoir-faire et de celui de ses bouchers, Charal s'engage à vous offrir le meilleur de la viande, une viande toujours sélectionnée et contrôlée avec le plus grand soin, de l'élevage jusqu'au conditionnement. || 5 minutes avant la cuisson, enlevez l'enveloppe aluminisée puis retirez le film protecteur. La viande mise sous vide est naturellement plus foncée mais elle reprendra sa couleur habituelle en quelques minutes. Pour les pièces à griller : à poêler quelques minutes. Pour un rôti : à cuire au four environ 15min. - th. 10.  Poêle. || Viande bovine fraîche origine France. || Valeur énergétique en Joules :  570 || Valeur énergétique en Kcal : 136 || Glucides : 0g || Lipides : 5,3g || Protides :22g || Produit à tenir au froid entre 0°C et +4°C. Après ouverture : à conserver au réfrigérateur entre 0°C et +4°C dans un respect total des règles d'hygiène et à consommer dans les 24 heures maximum. Il vous est possible de congeler la viande Charal dans son emballage d'origine. La décongélation devra s'effectuer de préférence dans votre réfrigérateur. || 
49,03€ / Kg || 
14,71 € || 
Faux Filet || La barquette de 160g || Origine : FRANCE || 
32,39€ / Kg || 
6,48 € || 
Faux filets, tendre et savoureux || La barquette de 2, 380g environ || Origine : FRANCE || Le meilleur de la viande. Forte de son savoir-faire et de celui de ses bouchers, Charal s'engage à vous offrir le meilleur de la viande, une viande toujours sélectionnée et contrôlée avec le plus grand soin, de l'élevage jusqu'au conditionnement. || 5 minutes avant la cuisson, enlevez l'enveloppe aluminisée puis retirez le film protecteur. La viande mise sous vide est naturellement plus foncée mais elle reprendra sa couleur habituelle en quelques minutes. Pour les pièces à griller : à poêler quelques minutes. Pour un rôti : à cuire au four environ 15min. Th. 10.  Poêle. || Viande bovine fraîche origine France. || Valeur énergétique en Joules :  620 || Valeur énergétique en Kcal : 148 || Glucides : 0g || Lipides : 6,2g || Protides :23g || Produit à tenir au froid entre 0°C et +4°C. Après ouverture : à conserver au réfrigérateur entre 0°C et +4°C dans un respect total des règles d'hygiène et à consommer dans les 24 heures maximum. Il vous est possible de congeler la viande Charal dans son emballage d'origine. La décongélation devra s'effectuer de préférence dans votre réfrigérateur. || 
30,64€ / Kg || 
11,49 € || 
Onglet || La barquette de 140g || Origine : FRANCE || 
39,24€ / Kg || 
5,49 € || 
Pavés de boeuf || La barquette de 2x140g || Origine : FRANCE || 
31,36€ / Kg || 
8,78 € || 
Rumsteck façon tournedos || La barquette de 2 || Origine : FRANCE || Rumsteck, barde de porc naturelle. || 
34,20€ / Kg || 
8,55 € || 
Sauce 3 poivres, 2 personnes || Le sachet de 120g || Origine : FRANCE || Idéale pour accompagner toutes les viandes Charal à griller ou à poêler : tournedos, entrecôtes, pavés de rumsteck  Au micro-ondes : ouvrez le sachet et mettez-le au micro-ondes pendant 1 mn à 800 watts. Au bain-marie : réchauffez 5 mn dans l'eau bouillante.  Micro-ondes. Bain-marie. || Eau, crème (15%), amidon transformé de maïs, cognac, vin blanc (dont sulfites), oignons, poivres (vert réhydraté, noir, blanc: 1,6%), arômes, sel, farine de blé, sucre caramélisé, épaississants: E415, E412, ail. || Valeur énergétique en Joules :  0 || Valeur énergétique en Kcal : 0 || Glucides : 0 || Lipides : 0 || Protides :0 || À conserver entre 0°C et + 4°C et à consommer dans les 24 heures après ouverture. || 
17,92€ / Kg || 
2,15 € || 
Sauce béarnaise, 2 personnes || Le sachet de 120g || Origine : FRANCE || 
17,17€ / Kg || 
2,06 € || 
Sauce roquefort, pour 2 personnes || Le sachet de 120g || Origine : FRANCE || 
18,42€ / Kg || 
2,21 € || 
Tournedos || La pièce de 140g || Origine : FRANCE || 
51,24€ / Kg || 
7,17 € || 
Tournedos dans le filet, tendre et savoureux || La barquette de 2x140g || Origine : FRANCE || Le meilleur de la viande. Forte de son savoir-faire et de celui de ses bouchers, Charal s'engage à vous offrir le meilleur de la viande, une viande toujours sélectionnée et contrôlée avec le plus grand soin, de l'élevage jusqu'au conditionnement. || 5 minutes avant la cuisson, enlevez l'enveloppe aluminisée puis retirez le film protecteur. La viande mise sous vide est naturellement plus foncée mais elle reprendra sa couleur habituelle en quelques minutes. Pour les pièces à griller : à poêler quelques minutes. Pour un rôti : à cuire au four environ 15min - th. 10.  Poêle. || Viande bovine fraîche origine France. || Valeur énergétique en Joules :  570 || Valeur énergétique en Kcal : 136 || Glucides : 0g || Lipides : 5,3g || Protides :22g || Produit à tenir au froid entre 0°C et +4°C. Après ouverture : à conserver au réfrigérateur entre 0°C et +4°C dans un respect total des règles d'hygiène et à consommer dans les 24 heures maximum. Il vous est possible de congeler la viande Charal dans son emballage d'origine. La décongélation devra s'effectuer de préférence dans votre réfrigérateur. || 
49,08€ / Kg || 
13,74 € || 
Pavés de boeuf marinés aux 3 poivres || La barquette de 2x120g || Origine : FRANCE || 
25,21€ / Kg || 
6,05 € || 
Burgers Family || La boîte de 2, 230g || Origine : FRANCE || 
19,04€ / Kg || 
4,38 € || 
Cheeseburger doré et moelleux || La barquette de 145g || Origine : FRANCE || Les Cheeseburger Charal Snack est préparé à partir d'une viande Charal d'origine française. Il a été élaboré à partir d'ingrédients rigoureusement sélectionnés pour un plus grand plaisir gustatif. Un effet 'doré et moelleux' garanti : cet emballage micro-ondable a été conçu pour vous apporter tout le moelleux et le doré d'un produit qui sortirait du four traditionnel. || Placer l'emballage dans le micro-ondes sans l'ouvrir ni le percer. Réchauffer : 40 sec. (four 1000w). Attendez 1min. Ouvrir l'emballage.  Attention, le produit est très chaud. Micro-ondes uniquement. Ne pas réutiliser cet emballage. Viande cuite décongelée, ne pas recongeler. || Préparation à base de viande hachée cuite assaisonnée 37,9% : viande de boeuf 99,6%, sel, arômes. Pain spécial 37,9% : farine de blé, eau, levure, dextrose de blé, huile de colza, huile de soja, graines de sésame, sucre, sel, gluten de blé, farine defève, émulsifiants : E471, E472e, conservateurs : E282, farine de soja, vinaigre, antioxygène : E300. Sauce 10,3% : eau, condiments au vinaigre (eau, vinaigre, graines de moutarde, sel, acidifiant : E330, sucre, curcuma, antioxygène : E224, extraitsd'épices), sucre, huile de colza, concentré de tomate, oignons, amidon transformé de maïs, cornichons, vinaigre, sel, épaississant : E415, E412, arômes, conservateurs : E202. Fromage fondu 9,8% : fromage, eau, beurre, poudre de lait écrémé, sels defonte : E331, E339, protéines de lait, arômes, poudre de lactosérum, sel, colorants : E160a, E160e. Cornichons 4% (dont saumure : eau, vinaigre, sel, conservateur : E224, affermissant : E509). Contient aussi : sulfites. || Valeur énergétique en Joules :  1139 || Valeur énergétique en Kcal : 272 || Glucides : 22,5g || Lipides : 14g || Protides :14g || Tenir au froid : 0 +4°C. || 
21,31€ / Kg || 
3,09 € || 
Cheeseburger maxi || La barquette de 220g || Origine : FRANCE || Le Maxi Cheese Charal Snack est préparé à partir d'un pain spécial aux graines de sésame garnie d'une préparation de viande bovine française hachée cuite, de sauce, de fromage fondu et de cornichons. Il a été élaboré à partir d'ingrédients rigoureusement sélectionnés pour un plus grand plaisir gustatif. Un effet 'doré et moelleux' garanti : cet emballage micro-ondable a été conçu pour vous apporter tout le moelleux et le doré d'un produit qui sortirait du four traditionnel. || Placer l'emballage dans le micro-ondes sans l'ouvrir ni le percer. Réchauffer : 70 sec. (four 1000w). Attendez 1min. Ouvrir l'emballage.  Attention, le produit est très chaud. Micro-ondes uniquement. Ne pas réutiliser cet emballage. Viande cuite décongelée, ne pas recongeler. || Pain spécial 38.6% : farine de blé, eau, levure, dextrose de blé, huile de colza, graines de sésame, sucre, sel, gluten de blé, farine de fève, émulsifiants : E471, E472e, conservateurs : E282, vinaigre, antioxygène : E300. Préparation de viande hachée cuite assaisonnée 36.3% : Viande de boeuf 70%, protéines de soja réhydratées 26%, chapelure (farine de blé, sel), fibres de pois, sel, arômes, sucre caramélisé. Fromage fondu 12.9% : Fromage, eau, beurre, poudre de lait écrémé, sels de fonte : E331, E339, protéines de lait, arômes, poudre de lactosérum, sel, colorants : E160a, E160e. Sauce 9% : eau, huile végétale, cornichons, oignons, sucre, vinaigre, amidon transformé de maïs, poudre de lait écrémé, concentré de tomates, fibres végétales, sel, épaississants : E415, E412, poudre de tomate, extraits d'épices, caramel, acidifiant : E330, arômes. Cornichons 3.2% (dont saumure : eau, vinaigre, sel, conservateur : E224, affermissant : E509). Contient aussi : sulfites. || Valeur énergétique en Joules :  1124 || Valeur énergétique en Kcal : 269 || Glucides : 22g || Lipides : 14g || Protides :13g || Tenir au froid : 0 +4°C. || 
18,95€ / Kg || 
4,17 € || 
Cheeseburgers || La barquette de 2, 290g || Origine : FRANCE || Les Cheeseburger Charal Snack est préparé à partir d'une viande Charal d'origine française. Il a été élaboré à partir d'ingrédients rigoureusement sélectionnés pour un plus grand plaisir gustatif. Un effet 'doré et moelleux' garanti : cet emballage micro-ondable a été conçu pour vous apporter tout le moelleux et le doré d'un produit qui sortirait du four traditionnel. || Placer l'emballage dans le micro-ondes sans l'ouvrir ni le percer. Réchauffer : 40 sec. (four 1000w). Attendez 1min. Ouvrir l'emballage.  Attention, le produit est très chaud. Micro-ondes uniquement. Ne pas réutiliser cet emballage. Viande cuite décongelée, ne pas recongeler. || Préparation à base de viande hachée cuite assaisonnée 37,9% : viande de boeuf 99,6%, sel, arômes. Pain spécial 37,9% : farine de blé, eau, levure, dextrose de blé, huile de colza, huile de soja, graines de sésame, sucre, sel, gluten de blé, farine defève, émulsifiants : E471, E472e, conservateurs : E282, farine de soja, vinaigre, antioxygène : E300. Sauce 10,3% : eau, condiments au vinaigre (eau, vinaigre, graines de moutarde, sel, acidifiant : E330, sucre, curcuma, antioxygène : E224, extraitsd'épices), sucre, huile de colza, concentré de tomate, oignons, amidon transformé de maïs, cornichons, vinaigre, sel, épaississant : E415, E412, arômes, conservateurs : E202. Fromage fondu 9,8% : fromage, eau, beurre, poudre de lait écrémé, sels defonte : E331, E339, protéines de lait, arômes, poudre de lactosérum, sel, colorants : E160a, E160e. Cornichons 4% (dont saumure : eau, vinaigre, sel, conservateur : E224, affermissant : E509). Contient aussi : sulfites. || Valeur énergétique en Joules :  1071 || Valeur énergétique en Kcal : 255 || Glucides : 22,6g || Lipides : 12,1g || Protides :14,1g || Tenir au froid : 0 +4°C. || 
18,79€ / Kg || 
5,45 € || 
Carpaccio, sauce basilic citron, viande bovine charolaise || Le plateau de 220g || Origine : FRANCE || 
27,86€ / Kg || 
6,13 € || 
Carpaccio pur boeuf, sauce huile d'olive et basilic || La barquette de 200g || Origine : FRANCE || 
23,45€ / Kg || 
4,69 € || 
Carpaccio au basilic, fin et fondant || La barquette de 230g || Origine : FRANCE || Viande bovine, marinade épicée (huile de colza, arômes, colorant : extrait naturel de paprika). Dosette d'accompagnement : huile de colza, basilic 25%, huile d'olive, eau, jus de citron (conservateur : E224), ail, sel, poivre. || 
26,83€ / Kg || 
6,17 € || 
Carpaccio au parmesan Parmigiano Reggiano et son huile d'accompagnement || La barquette de 230g || Origine : FRANCE || La viande est une source d'énergie essentielle pour votre corps. Elle contribue à votre équilibre nutritionnel. Pour votre bien-être, Charal vous propose une gamme large et variée alliant plaisir et qualité. Forte de son savoir-faire et de celui de ses bouchers, Charal s'engage à vous offrir le meilleur de la viande : une viande toujours sélectionnée et contrôlée avec le plus grand soin, de l'élevage jusqu'au conditionnement. || Viande bovine, marinade épicée (huile de colza, arômes, colorant : extrait naturel de paprika). Dosettes d'accompagnement : huile d'accompagnement 7% : huile de colza, huile d'olive (40%), parmesan râpé 6%. || Valeur énergétique en Joules :  0 || Valeur énergétique en Kcal : 0 || Glucides : 0 || Lipides : 0 || Protides :0 || Produit à tenir au froid entre 0°C et +4°C. Conserver ce produit dans la partie la plus froide de votre réfrigérateur. Une fois la barquette ouverte, il est possible de conserver la viande restante 24heures maximum au réfrigérateur entre 0°C et +4°C, dans un respect total des règles d'hygiène. Vous pouvez congeler la viande Charal dans son emballage d'origine. La décongélation devra s'effectuer d || 
26,83€ / Kg || 
6,17 € || 
Brandade de morue || La boite de 300g || Origine : FRANCE || Pour 1 personne. Au micro-ondes : percez de quelques trous l'opercule de la barquette et réchauffez 2min30 pour un four de 850 Watts. Retirez l'opercule de la barquette, mélangez la sauce avec le riz et dégustez. La barquette n'est pas adaptée à un réchauffage au four traditionnel. || Purée de pommes de terre 45%, morceaux de filets de morue salés dessalés 34% (morue 33%, sel), crème fraiche, flocons de pommes de terre 2%, pulpe d'ail, huile d'olive vierge extra 2%, ciboulette 0,5%, sel, poivre. || Valeur énergétique en Joules :  519kj || Valeur énergétique en Kcal : 124kcal || Glucides : 8,8g || Lipides : 6,6g || Protides :6,8g || A conserver entre 0°C et +4°C. || 
13,63€ / Kg || 
4,09 € || 
Couscous poulet, boulettes et petits légumes || La barquette de 300g || Origine : FRANCE || Couscous au poulet et aux petits légumes accompagnés de semoule aux raisins secs et boulette à la viande bovine. || 1 personne. Au four à micro-ondes : percez l'opercule de chacun des compartiments de la barquette de quelques trous et réchauffez 2 minutes 30 environ pour un four ayant une puissance restituée de 850 Watts. La barquette n'est pas adaptée à un réchauffage au four traditionnel. || Poulet et légumes 61,8% : haut de cuisse de poulet 23%, mélange de légumes 23% (carotte, courgette, navet, pois chiche, céleri), eau, double concentré de tomate, sel, amidon de maïs, arôme naturel, épices (coriandre, curcuma, romarin, fenouil, fenugrec, cumin, piment fort). Semoule aux raisins secs et boulette à la viande bovine 38,2% : eau, boulette 10% (viande bovine 8,9%, oignon, farine de blé, oeuf en poudre, persil, pulpe d'ail, sel, épices (coriandre, curcuma, romarin, fenouil, fenugrec)),semoule de blé dur 9%, huile d'olive vierge extra, raisin sec 1% (raisin sec, huile de coton), sel. Viande bovine origine France. || Valeur énergétique en Joules :  636kj || Valeur énergétique en Kcal : 152kcal || Glucides : 9,3g || Lipides : 8,6g || Protides :8,6g || A conserver entre 0°C et +4°C. Conditionné sous atmosphère protectrice. || 
9,50€ / Pce || 
3,61 € || 
Gratin de ravioles aux noix de Saint-Jacques, crème safranée || La barquette de 290g || Origine : FRANCE || Spécialité gratinée à base de sauce à la crème et au safran, de ravioles et de noix de Saint Jacques. || Au micro-ondes : sortez la barquette du carton et de son emballage plastique. Placez la barquette dans votre four à micro-ondes. laissez réchauffer 3 minutes à 700 watts. Au four traditionnel : préchauffez votre four à 200°C/th6. Ne jamais mettre lefour en position gril. Sortez la barquette du carton et de son emballage plastique. Placez la barquette dans le four et laissez réchauffer 15 minutes. Servez aussitôt. || A conserver entre 0 et +4°C. Conditionné sous atmosphère protectrice. || 
17,59€ / Kg || 
5,10 € || 
Hachis parmentier || La barquette de 300g || Origine : FRANCE || Pour 1 personne. Au micro-ondes : percez de quelques trous l'opercule de la barquette et réchauffez 2min30 pour un four de 850 Watts. Retirez l'opercule de la barquette, mélangez la sauce avec le riz et dégustez. La barquette n'est pas adaptée à un réchauffage au four traditionnel. || Purée 59,7% (purée de pommes de terre 41%, crème fraiche, eau, beurre, sel, poivre, curcuma), farce 40% (viande de boeuf cuite 30% (viande de boeuf 29,5%, sel), oignon déshydraté, oignon, brisures de champignons de Paris, farine de blé, pulpe d'ail,purée de carotte, purée de céleri, persil 0,4%, sel, thym, laurier, poivre, clou de girofle), chapelure 0,3% (farine de blé, sel). || Valeur énergétique en Joules :  624kj || Valeur énergétique en Kcal : 149kcal || Glucides : 9,3g || Lipides : 7,9g || Protides :9,6g || A conserver entre 0°C et +4°C. || 
11,27€ / Kg || 
3,38 € || 
Lasagne de thon pipérade, gratinée au fromage de brebis || La boite de 290g || Origine : FRANCE || De ses Landes natales, Hélène Darroze a gardé les intonations chantantes et le goût des bonnes choses.Auréolée de 2 étoiles, la jeune femme suit sa brillante trajectoire guidée par ses émotions. Elle s'impose aujourd'hui comme l'ambassadrice sensibleet généreuse du Sud-Ouest à Paris et Outre-Manche. || 1 personne. Au bain marie, portez une grande casserole d'eau à ébullition. Hors du feu, plongez les sachets dans l'eau et laissez réchauffer 15 minutes. Au four à micro-ondes, percez le dessus des sachets de quelques trous et placez-les dans une assiette allant au four à micro-ondes. Réchauffez 2 à 3 minutes à puissance moyenne, ajustez selon la puissance du micro-ondes (750 à 900W). Ne pas placer les sachets dans un four traditionnel. || Appareil thon piperade 48% : piperade 36% (tomates 15% (coulis, jus et pulpe de tomates), poivrons verts et rouges 10%, oignons 6.2%, ail 1.6%, huile d'olive, persil 0.7%, piment del pequillo 0.4% (poivrons, eau, sel, antioxydant : E330), fumet de poisson (sel, poissons blancs, arômes naturels, plante aromatique, sucre, amidon de blé, épices), gelée en poudre (gélatine porcine, dextrose de blé, sel), coriandre, sel, piment d'Espelette, thym, sucre, poivre blanc, stabilisant : E500ii), thon Listao à l'huile 12% (thon, huile de tournesol, sel). Lasagnes cuites 23% : lasagnes, eau, sel. Sauce à la tomate 16% : jus de tomate 5.3%, eau, coulis de tomate 3.3%, jus de cuisson de la piperade, huile d'olive, gelée en poudre (gélatine de porc, dextrose de blé, sel), fumet de poisson (sel, poissons blancs, arômes naturels, plantes aromatiques, sucre, amidon de blé, épices), ail, sel, poivre blanc, épaississants : E412 et E415, glucose de blé. Sauce béchamel 13% : lait demi écrémé, crème (crème delait, stabilisant : E407), fromage de brebis 3.5% (lait de brebis, sel, ferments lactiques), beurre, farine de blé, sel, noix de muscade, poivre blanc, piment d'Espelette, épaississants : E412 et E415, glucose de blé. || A conserver entre 0°C et +4°C. || 
19,59€ / Kg || 
5,68 € || 
Lasagnes à la bolognaise || La barquette de 350g || Origine : FRANCE || Lasagnes à la Bolognaise. || 1 personne. Au four à micro-onde : retirez complètement le film protecteur. Placez la barquette dans le four à micro-ondes, recouvrez d'une cloche spéciale micro-ondes puis réchauffez pendant 3 minutes à 750 Watts. Au four traditionnel : préchauffezle four à 200°C (th 6). Retirez complètement le film protecteur, placez la barquette dans le four et réchauffez pendant 25 minutes à 200°C (th 6). Ne pas mettre le four en position grill. || Garniture 92,7% : eau, viande de boeuf 16,2%* (origine France), tomates 10,2%*, emmental 4,4%* (lait, sel, ferments lactiques, enzyme coagulante, fécule de pomme de terre), jus de tomates 4,4%*, double concentré de tomates 2,9%*, carottes, oignons, amidon transformé de maïs, lait écrémé en poudre, crème fraîche, vin blanc, farine de blé, huile de colza, basilic, sel, fond de veau (jus concentré d'os et de viande de boeuf, os et extrait de veau, sel, graisse de boeuf, carottes, oignons, champignons, poireaux, ail, tomate en poudre, eau, épices et extrait d'épices, aromates), ail, arôme naturel de poivre, sucre, thym, épaississant : gomme xanthane, arôme naturel de muscade avec autres arômes naturels, cumin, origan. *Pourcentages exprimés surla garniture. Pâte à lasagnes 7,3% : semoule de blé dur, eau. || Valeur énergétique en Joules :  484kj || Valeur énergétique en Kcal : 115kcal || Glucides : 12g || Lipides : 4,3g || Protides :7,1g || A conserver entre 0°C et +4°C. Conditionné sous atmosphère protectrice. A consommer immédiatement après ouverture. || 
7,71€ / Kg || 
2,70 € || 
Lasagnes au saumon || La barquette de 350g || Origine : FRANCE || 1 personne. Au four à micro-ondes : retirez la barquette de son emballage carton. Retirez la barquette de son emballage plastique. Réchauffez-la 4 minutes à puissance maximale. Au four traditionnel : préchauffez votre four 10 minutes à 180°C (th6). Retirez la barquette de son emballage carton. Retirez la barquette de son emballage plastique. Placez la barquette sur une grille à mi-hauteur et laissez réchauffer 15 minutes. Ne pas mettre sur position gril. Malgré tout le soin apporté à la préparation des lasagnes au saumon, la présence d'arêtes reste possible. || Sauce au saumon 45,7% : eau, saumon Atlantique 24%, lait écrémé en poudre, saumon fumé 4,8% (saumon Atlantique, sel), crème liquide (dont stabilisant : carraghénanes), farine de blé, matière grasse végétale de colza, préparation aromatique au poisson(maltodextrine de pomme de terre, sel, dextrose, lactose, arômes (crustacés, poisson), épice et aromates, extrait naturel de vin blanc, sucre, huile de tournesol, extrait naturel de céleri, fécule de pomme de terre, farine de blé, crevette et poisson blanc en poudre, antioxydant : acide citrique), amidon transformé de pomme de terre, concentré de tomate, arôme, sel, jus de citron concentré, persil, poivre, émulsifiant : mono- et diglycérides d'acides gras. Pourcentages exprimés sur la sauce ausaumon. Sauce blanche 27,2% : eau, lait écrémé en poudre, crème liquide (dont stabilisant : carraghénanes), amidon transformé de pomme de terre, farine de blé, matière grasse végétale de colza, sel, extraits naturels de poivre et de muscade, émulsifiant : mono- et diglycérides d'acides gras. Lasagnes aux oeufs frais précuites 22% : semoule de blé dur de qualité supérieure, eau, oeufs entiers frais pasteurisés (140g/kg de semoule). Garniture 4,3% : fromage râpé, amidon transformé de pomme de terre. || Valeur énergétique en Joules :  665Kj || Valeur énergétique en Kcal : 2780Kcal || Glucides : 15g || Lipides : 7,9g || Protides :6,9g || A conserver entre 0°C et +4°C. Conditionné sous atmosphère protectrice. || 
8,94€ / Kg || 
3,13 € || 
Lasagnes au saumon et aux poreaux || La barquette de 350g || Origine : FRANCE || Lasagnes au saumon, au saumon fumé et aux poireaux. || 1 personne. Au four à micro-onde : retirez complètement le film protecteur. Placez la barquette dans le four à micro-ondes, recouvrez d'une cloche spéciale micro-ondes puis réchauffez pendant 3 minutes à 750 Watts. Au four traditionnel : préchauffezle four à 200°C (th 6). Retirez complètement le film protecteur, placez la barquette dans le four et réchauffez pendant 20 minutes à 200°C (th 6). Ne pas mettre le four en position grill. || Garniture 92,6% : eau, crème fraîche, saumon Salmo salar 8,7%*, poireaux 6,7%*, emmental 3%* (lait pasteurisé, fécule de pommes de terre, sel, ferments lactiques, enzyme coagulante), amidon transformé de maïs, lait écrémé en poudre, vin blanc, huilede colza, saumon fumé 1,8%* (saumon Salmo salar, sel), double concentré de tomates, farine de blé, sel, arôme naturel de saumon avec autres arômes naturels (contient poisson), jus de citron concentré, arôme naturel de poivre, arôme naturel de muscadeet autres arômes naturels, épaississant : gomme xanthane, curry (contient moutarde). *Pourcentages exprimés sur la garniture. Pâtes à lasagnes 7,4% : semoule de blé dur, eau || Valeur énergétique en Joules :  580kj || Valeur énergétique en Kcal : 139kcal || Glucides : 14g || Lipides : 6,9g || Protides :5,1g || A conserver entre 0°C et +4°C. Conditionné sous atmosphère protectrice. A consommer immédiatement après ouverture. || 
8,69€ / Kg || 
3,04 € || 
Lasagnes aux chèvres et épinards || La barquette de 350g || Origine : FRANCE || Lasagnes au fromage de chèvre et aux épinards. || 1 personne. Au four à micro-onde : retirez complètement le film protecteur. Placez la barquette dans le four à micro-ondes, recouvrez d'une cloche spéciale micro-ondes puis réchauffez pendant 3 minutes à 750 Watts. Au four traditionnel : préchauffezle four à 200°C (th 6). Retirez complètement le film protecteur, placez la barquette dans le four et réchauffez pendant 25 minutes à 200°C (th 6). Ne pas mettre le four en position grill. || Garniture 92,6% : eau, fromage de chèvre 20,2%*, épinards 12,4%*, emmental (lait pasteurisé, sel, ferments, enzyme coagulante, fécule de pommes de terre), amidon transformé de maïs, lait écrémé en poudre, crème fraîche, farine de blé, arôme naturel de poivre, sel, ail arôme naturel de muscade avec autres arômes naturels, épaississant : gomme xanthane.  *Pourcentages exprimés sur la garniture. Pâtes à lasagnes 7,4% : semoule de blé dur, eau. || Valeur énergétique en Joules :  549kj || Valeur énergétique en Kcal : 131kcal || Glucides : 13g || Lipides : 5,6g || Protides :7,1g || A conserver entre 0°C et +4°C. Conditionné sous atmosphère protectrice. A consommer immédiatement après ouverture. || 
9,69€ / Kg || 
3,39 € || 
Macaroni au jambon || La barquette de 350g || Origine : FRANCE || Gratin de macaron au jambon cuit supérieur. || 1 personne. Au four à micro-onde : retirez complètement le film protecteur. Placez la barquette dans le four à micro-ondes, recouvrez d'une cloche spéciale micro-ondes puis réchauffez pendant 3 minutes à 750 Watts. Au four traditionnel : préchauffezle four à 200°C (th 6). Retirez complètement le film protecteur, placez la barquette dans le four et réchauffez pendant 25 minutes à 200°C (th 6). Ne pas mettre le four en position grill. || Eau, crème fraîche, macaronis 13,5% (semoule de blé dur, eau), jambon cuit supérieur 13% (jambon de porc, eau, sel, sirop de glucose, arômes naturels, bouillon de légumes, ferments), emmental 4,5% (lait pasteurisé, fécule de pomme de terre, sel, ferments lactiques, enzyme coagulante), amidon transformé de maïs, huile de colza, sel, arôme naturel de poivre. || Valeur énergétique en Joules :  633kj || Valeur énergétique en Kcal : 151kcal || Glucides : 14g || Lipides : 7,5g || Protides :6,9g || A conserver entre 0°C et +4°C. Conditionné sous atmosphère protectrice. A consommer immédiatement après ouverture. || 
8,63€ / Kg || 
3,02 € || 
Poulet aux épices tandoori, riz basmati || La boite de 280g || Origine : FRANCE || Pour 1 personne. Au micro-ondes : percez de quelques trous l'opercule de la barquette et réchauffez 2min30 pour un four de 850 Watts. Retirez l'opercule de la barquette, mélangez la sauce avec le riz et dégustez. La barquette n'est pas adaptée à un réchauffage au four traditionnel. || Poulet aux épices 51,8% : aiguillette de poulet 26,8%, eau, fromage blanc (lait écrémé, crème, ferments lactiques), crème fraiche, concentré de tomate, mangue, épices tandoori 0,7% (curry (curcuma, coriandre, graine de moutarde, fenugrec, cumin, piment), paprika, poivre), pulpe d'ail, amidon de maïs, sel, jus de citron. Riz basmati cuisiné 48,2% : riz cuit 46% (eau, riz), huile d'olive vierge extra, sel. || Valeur énergétique en Joules :  557kj || Valeur énergétique en Kcal : 132kcal || Glucides : 16g || Lipides : 3g || Protides :10g || A conserver entre 0°C et +4°C. Conditionné sous atmosphère protectrice. || 
11,79€ / Kg || 
3,30 € || 
Quinoa crémeux, ricotta épinard, filet de poulet au piment d'Espelette || La barquette de 300g || Origine : FRANCE || Plat cuisiné à base de quinoa à la crème, aux épinards et à la ricotta et de filet de poulet cuisiné au piment d'Espelette. || Bain marie : portez dans une grande casserole d'eau à ébullition. Hors du feu, plongez la barquette dans l'eau et laissez réchauffer 15 min. Micro-ondes : percez le film et réchauffez 2-3 min au micro-ondes à puissance moyenne. Ne pas placer la barquette dans un four traditionnel. || Quinoa à la crème 77% (quinoa cuit (eau, quinoa 9,8%, sel, curcuma), crème 18%, eau, épinards 6,1%, fromage ricotta 3,6% (lait de vache, lactosérum, correcteur d'acidité : acide citrique), oignon, asperges 2,2%, fond de volaille aromatisé déshydraté(sel, fécule de pomme de terre, arômes naturels, graisse de poulet, plantes aromatiques, poulet, poireaux, levure, épices), huile d'olive, amidon de maïs, sel, poivre), filet de poulet cuisiné 23% (morceaux de filet de poulet cuit 21% (filet de poulet 20%, sel), huile d'olive, beurre, persil, paprika, piment d'Espelette AOP 0,02%). Traces de gluten oeuf, poisson, crustacé, mollusque, céleri, soja, moutarde, fruits à coque, sésame et arachide. || Valeur énergétique en Joules :  685kj || Valeur énergétique en Kcal : 164kcal || Glucides : 7,9g || Lipides : 9,3g || Protides :11g || A conserver entre 0°C et +4°C. || 
19,07€ / Kg || 
5,72 € || 
Risotto au poulet et aux cèpes || La boite de 300g || Origine : FRANCE || De ses Landes natales, Hélène Darroze a gardé les intonations chantantes et le goût des bonnes choses. Auréolée de 2 étoiles, la jeune femme suit sa brillante trajectoire guidée par ses émotions.Elle s'impose aujourd'hui comme l'ambassadrice sensibleet généreuse du Sud-Ouest à Paris et Outre-Manche. || Pour 1 personne. Au bain marie, portez une grande casserole d'eau à ébullition. Hors du feu, plongez la barquette dans l'eau et laissez réchauffer 15 minutes. Au four à micro-ondes, percez le dessus de la barquette de quelques trous et placez-la dansune assiette allant au four à micro-ondes. Réchauffez 2 à 3 minutes à puissance moyenne, ajustez selon la puissance du micro ondes (750 à 900W). Ne pas placer la barquette dans un four traditionnel. || Risotto 85% : riz cuit 44% (eau, riz), crème (crème de lait, stabilisant : E407), cèpes en saumure 9% (cèpes 4%, huile de tournesol, sel, ail, poivre, extrait de levure, arôme, correcteur d'acidité : E270, antioxydant : E300), oignon, spécialité fromagère (lait, sel, présure, conservateur : E1105 (oeuf)), échalote, huile d'olive vierge extra, fond de volaille (sel, farine de blé, arôme, graisse de poule et viande déshydratée de poulet, fécule de pomme de terre, oignon, poireau, ail, extrait de poivre, antioxygène : extrait de romarin), persil 1%, vin blanc réduit, ail, colorant : E150c, piment d'Espelette 0,07%, épaississants : E412 et E415, poivre blanc, glucose de blé. Poulet cuisiné 15% : blanc de poulet cuit 12% (blanc de poulet 10%, dextrose, sel, stabilisant : E407 et E451, arôme naturel), échalote, persil 0,8%, huile de tournesol, ail, piment d'Espelette 0,02%, thym, sel, poivre, extrait de levure, arôme, correcteur d'acidité : E270, antioxydant : E300. Présence possible d'arachides, céleri, crustacés, mollusques, moutarde, fruits à coques, poisson, sésame, soja. || A conserver entre 0°C et +4°C. || 
19,07€ / Kg || 
5,72 € || 
Risotto aux crevettes et aux pointes d'asperges, sauce Tom Yam || La barquette de 300g || Origine : FRANCE || Risotto aux crevettes à la thaïlandaise, cuisiné à la citronnelle et aux épices. || Percez le film et réchauffez 4 min au micro-ondes pour un four ayant une puissance restituée de 800 Watts. || A conserver entre 0°C et +4°C. || 
19,07€ / Kg || 
5,72 € || 
Risotto champignon parmesan || La barquette de 300g || Origine : FRANCE || Pour 1 personne. Au micro-ondes : percez de quelques trous l'opercule de la barquette et réchauffez 2min30 pour un four de 850 Watts. Retirez l'opercule de la barquette, mélangez la sauce avec le riz et dégustez. La barquette n'est pas adaptée à un réchauffage au four traditionnel. || Riz cuit 38% (eau, riz), brisure de champignon de Paris 19% (contient sulfites), crème fraîche 14%, eau, cèpe 4,5%, trompette de la mort 3,8%, échalote 3,6%, huile de tournesol, beurre 1,8%, parmesan 1,1% (lait, sel, présure animale), sel, pulpe d'ail, amidon de maïs, poivre. || Valeur énergétique en Joules :  616kj || Valeur énergétique en Kcal : 148kcal || Glucides : 15g || Lipides : 8,3g || Protides :2,7g || A conserver entre 0°C et +4°C. Conditionné sous atmosphère protectrice. || 
13,70€ / Kg || 
4,11 € || 
Risotto saumon asperges || La barquette de 300g || Origine : FRANCE || Riz cuisiné au saumon et aux asperges. || Pour 1 personne. Au four à micro-ondes : percez de quelques trous l'opercule de la barquette et réchauffez 2min30 pour un four ayant une puissance restituée de 850 Watts. Retirez l'opercule de la barquette et dégustez. La barquette n'est pas adaptéeà un réchauffage au four traditionnel. || Sauce risotto 57,8% (eau, crème fraîche 19%, échalote 4,9%, beurre 2,1%, jus de citron, pulpe d'ail, amidon de maïs, sel, aneth 0,1%, poivre, curcuma), morceaux de filet de saumon 20,4%, riz assaisonné 16,2% (riz 14%, huile de tournesol, sel, poivre), asperges vertes 5,6%. || Valeur énergétique en Joules :  749kj || Valeur énergétique en Kcal : 180kcal || Glucides : 12g || Lipides : 12g || Protides :5,7g || A conserver entre 0°C et +4°C. Conditionné sous atmosphère protectrice. || 
13,70€ / Kg || 
4,11 € || 
Tagliatelles carbonara à la crème fraîche || La boite de 350g || Origine : FRANCE || Pâtes à la crème fraîche et aux lardons cuits fumés. || Au micro-ondes : retirez la barquette de son emballage carton. Percez de quelques trous l'opercule de la barquette et réchauffez 2 min 30 pour un four ayant une puissance restituée de 850 watts. Retirez l'opercule de la barquette et dégustez. La barquette n'est pas adaptée à un réchauffage au four traditionnel. || Pâtes tagliatelles cuites 45% (eau, semoule de blé dur de qualité supérieure), crème fraîche 16%, eau, lardons cuits fumés 12% (poitrine de porc, sel, dextrose, conservateurs : érythorbate de sodium et nitrite de sodium), emmental râpé, huile de tournesol, farine de blé, sel, épaississant : gomme xanthane. || Valeur énergétique en Joules :  789kj || Valeur énergétique en Kcal : 189kcal || Glucides : 13g || Lipides : 12g || Protides :6,8g || A conserver entre 0°C et +4°C. || 
8,97€ / Kg || 
3,14 € || 
Tajine de poulet aux légumes et citron confit || La barquette de 300g || Origine : FRANCE || Plat cuisiné à base de légumes, de poulet et de citron confit. || Percez le film et réchauffez 4 min au micro-ondes pour un four ayant une puissance restituée de 800 Watts. || A conserver entre 0°C et +4°C. || 
19,07€ / Kg || 
5,72 € || 
Gratin de choux fleurs au jambon || La barquette de 280 g || Origine : FRANCE || Les ingrédients sont cuisinés selon la recette élaborée par nos chefs cuisiniers, et mis dans une barquette fermée hermétiquement. Ils sont ensuite cuits à basse température à l'intérieur même de l'emballage. Ce mode de cuisson permet de garantir unebonne conservation sans avoir recours à des additifs, tout en préservant la qualité et les saveurs des ingrédients. || Pour 1 pers. 2min au micro-ondes. Pour nos gratins, ôtez le film puis placez la barquette dans votre four à micro-ondes et laissez réchauffer 2min à 750 watts (ajuster le temps de réchauffage suivant la puissance de votre four). Ne pas placer la barquette dans un four traditionnel. || 130g de choux-fleurs. 92g de sauce préparée avec de la crème fraîche, de l'eau, de la poudre de lait écrémé, de l'amidon transformé de riz, de la gélatine de volaille, de l'huile de colza, de l'oeuf, de la farine de blé, du sel, de la muscade, du poivre et de l'épaississant : gomme de xanthane. 41g de jambon cuit choix : jambon de porc 91%, sirop de glucose, sel, bouillons (eau, os de porc, viande de porc, céleri, plantes aromatiques, épices, dextrose), antioxydant : érythorbate de sodium, conservateur : nitrite de sodium. 17g d'emmental. Cette recette contient du céleri, du lait, de l'oeuf et du blé. Sans colorant. || Valeur énergétique en Joules :  488kj || Valeur énergétique en Kcal : 117kcal || Glucides : 3,4g || Lipides : 7,6g || Protides :8,2g || A conserver au frais entre 0°C et +4°C. Ce produit peut être congelé avant la date limite de consommation et conservé à -18°C pendant 2 mois au plus. Après décongélation au réfrigérateur, consommer rapidement et ne pas recongeler. || 
15,79€ / Kg || 
4,42 € || 
Gratin de pommes de terre , saumon, épinards || La boite de 300g || Origine : FRANCE || Valeur énergétique en Joules :  469kj || Valeur énergétique en Kcal : 112kcal || Glucides : 10g || Lipides : 4,2g || Protides :7,9g || 
14,43€ / Kg || 
4,33 € || 
Poulet à la crème et purée de pommes de terre || La barquette de 300g || Origine : FRANCE || Pour 1 personne. Au micro-ondes : percez de quelques trous l'opercule de la barquette et réchauffez 2min30 pour un four de 850 Watts. Retirez l'opercule de la barquette, mélangez la sauce avec le riz et dégustez. La barquette n'est pas adaptée à un réchauffage au four traditionnel. || Purée de pommes de terre 50% (purée de pommes de terre 35%, crème fraiche 7%, eau, beurre, sel, poivre, curcuma), aiguillettes de poulet 25%, sauce 20% (crème fraiche 10%, eau, cèpes, échalote, amidon de maïs, pulpe d'ail, persil déshydraté 0,2%, sel, jus de citron concentré, poivre), brisures de champignons de Paris 5%. || Valeur énergétique en Joules :  521kj || Valeur énergétique en Kcal : 125kcal || Glucides : 6,1g || Lipides : 6,5g || Protides :10g || A conserver entre 0°C et +4°C. || 
13,70€ / Kg || 
4,11 € || 
Chili con carne épicé || La barquette de 280g || Origine : FRANCE || Savourez ce Spicy Chili Con Carne, recette mythique du sud des Etats-Unis, délicieusement épicée. Notre version est très aromatique : saveurs de piment, paprika, ail, cumin, origan, clous de girofle. Régalez vous ! || 1 personne. Au micro-ondes : percez l'opercule de la barquette et réchauffez 2 min à 800W. Au bain-marie : dans une casserole d'eau frémissante laissez réchauffer la barquette fermée pendant 7 minutes. Ne convient pas au four traditionnel. || Chili con carne : haricot rouge 24%, coulis de tomates, préparation à base de viande cuite de boeuf 7,6%, eau, tomate pelée, oignon 3,8%, échalote, fond aromatisé déshydraté (fécule de pomme de terre, arômes naturels, sel, plantes aromatiques, tomate, levure, chicorée, huile de tournesol, sucre, viandes de boeuf, épices), huile de tournesol, ail 0,9%, mélange d'épices 0,2% (piment fort, paprika, ail, cumin, origan, clous de girofle), sel, colorant : caramel ordinaire, riz cuit : eau, riz 10%, sel. Peut contenir des traces de gluten, lait, oeuf, poisson, crustacé, mollusque, céleri, soja, moutarde, sésame, fruits à coque, arachide et sulfites. Sans conservateur. Sans exhausteur de goût. Sans huiles hydrogénées. Sans huile de palme. Sans OGM. || Valeur énergétique en Joules :  521kj || Valeur énergétique en Kcal : 123kcal || Glucides : 19,3g || Lipides : 2,4g || Protides :6,2g || A conserver entre 0°C et +4°C. || 
23,93€ / Kg || 
6,70 € || 
Crevettes Vatapa, lait de coco gingembre cacahuète || La barquette de 270g || Origine : FRANCE || Savourez nos crevettes Vatapa, recette mythique brésilienne. Croquantes crevettes marinées dans une délicieuse sauce au lait de coco, gingembre, coriandre, piment et cacahuète. Un voyage par les sens ! || 1 personne. Au micro-ondes : percez l'opercule de la barquette et réchauffez 2 min à 800W. Au bain-marie : dans une casserole d'eau frémissante, laissez réchauffer la barquette fermée pendant 7 minutes. Ne convient pas au four traditionnel. || Riz cuit : eau, riz basmati 17%, sel, poivre, crevettes cuisinées au lait de coco : crevette 18%, lait de coco 10% (extrait de coco, eau), coulis de tomates, oignon, poivron rouge 2%, poivron jaune, ail, fumet de poisson aromatisé (sel, poissons blancs, oignons, arômes naturels, sucre, huile de tournesol, extrait de vin blanc, amidon de blé, jus de citron, ail), noix de coco râpée 1,8%, gingembre moulu 0,7%, amidon de maïs, coriandre, sel, paprika, piment fort, cacahuète grillée 3,5%. Peut contenir des traces de lait, oeuf, mollusque, céleri, soja, moutarde, sésame, fruits à coque et sulfites. Sans OGM. Sans huile de palme. Sans colorant. Sans conservateur. Sans exhausteur de goût. || Valeur énergétique en Joules :  488kj || Valeur énergétique en Kcal : 116kcal || Glucides : 12,2g || Lipides : 4,8g || Protides :6g || A conserver entre 0°C et +4°C. || 
24,81€ / Kg || 
6,70 € || 
Cabillaud tom-yam, coco citronnelle et écrasé de pommes de terre au beurre || La barquette de 300g || Origine : FRANCE || Des restaurants parisiens glamours et chics dans les plus beaux endroits de la capitale. Des recettes raffinées et gourmandes pour des repas variés et équilibrés. || Percez le dessus de la barquette de quelques trous et réchauffez au micro-ondes 2mn à 800W. Sortez la barquette et laissez-la refroidir quelques secondes avant d'ouvrir l'opercule. Ne convient pas au four traditionnel.  Micro-ondes. || Ecrasé de pomme de terre 50% (pomme de terre 46%, beurre 3.9%, sel), cabillaud 23.3%, sauce tom yam 23.3% (lait de coco 20% (extrait de noix de coco, eau, émulsifiant E435), purée de citron 1.6% (sucre), pâte tom yam 1.1% (eau, citronnelle, piment rouge, oignon, sel, huile de palme, sucre, galanga, feuille de citronnier, exhausteur de goût E621, ADD, acide citrique E330, colorant paprika E160c), amidon modifié de maïs, sucre, curcuma 0.2%, sel), carottes 3.4%. || A conserver entre 0°C et +4°C. || 
22,33€ / Kg || 
6,70 € || 
Curry de lentilles, pois cassés butternut et coriandre || La barquette de 290g || Origine : FRANCE || 
22,38€ / Kg || 
6,49 € || 
Linguine chic , crevettes, coriandre, ail et poivre noir || La boite de 270g || Origine : FRANCE || Une recette délicieusement parfumée. Linguine al dente, crevettes croquantes, mariage fort en goût d'ail, coriandre, curcuma et poivre noir. || Au micro-ondes : percez le film transparent de quelques trous et réchauffez au micro-ondes 2 minutes à 800W. Sortez la barquette et laissez la refroidir quelques secondes avant d'ouvrir l'opercule. Au bain-marie : laissez réchauffer la barquette sansl'ouvrir dans une casserole d'eau frémissante pendant 7 minutes. Ne convient pas au four traditionnel. || Linguine cuisinées 81% : linguine cuites 63% (eau, semoule de blé), eau, beurre, ail 3%, fumet de poisson (sel, poisson blanc en poudre, oignon, arômes naturels, sucre, huile de tournesol, extrait de vin blanc, amidon de blé, jus de citron, ail), coriandre 1%, champignons noirs déshydratés 1%, amidon de maïs, sel, poivre noir 0,1%, curcuma, crevettes cuites 19% : crevettes 18%, sel, persil, poivre noir 0,01%. Peut contenir des traces d'oeuf, mollusques, fruits à coque, sésame, sulfites, soja, moutarde, céleri. || A conserver entre 0°C et +4°C. || 
24,81€ / Kg || 
6,70 € || 
Macaroni sauce morilles, crémeux et corsé || La barquette de 290g || Origine : FRANCE || La délicieuse sauce morille Costes, crémeuse et puissante en saveurs, sur des macaronis al dente. || 1 personne. Au micro-ondes : percez le film transparent de quelques trous et réchauffez au micro-ondes 2 à 3 minutes selon la puissance (de 750 à 900W). Sortez la barquette et laissez-la refroidir quelques secondes avant d'ouvrir l'opercule. Au bain-marie : laissez réchauffer la barquette sans l'ouvrir dans une casserole d'eau frémissante pendant 7 minutes. Ne convient pas au four traditionnel. || Macaroni cuisinés 65% : macaroni cuits (eau, semoule de blé dur, poudre de blanc d'oeuf), sel, curcuma. Sauce morilles 35% : eau, crème 12% (crème de lait, stabilisant : carraghénanes E407), emmental, roux (farine de blé, beurre), échalote, fond de volaille (sel, farine de blé, arômes, graisse de poulet, fécule de pomme de terre, poulet déshydraté, oignon, poireau, ail, extrait de poivre, antioxydant : extrait de romarin), porto, morilles 0,9%, mini queues de morilles déshydratées 0,9%, arôme naturel champignon, colorant : caramel E150c, poivre blanc. Peut contenir des traces de poisson, crustacé, mollusque, soja, céleri, moutarde, sulfites, fruits à coque, sésame. || Valeur énergétique en Joules :  671kj || Valeur énergétique en Kcal : 160kcal || Glucides : 17,3g || Lipides : 7,8g || Protides :5,2g || A conserver entre 0 et +4°C. || 
23,10€ / Kg || 
6,70 € || 
Poulet Tikka Masala, gingembre, coriandre et yaourt || La barquette de 280g || Origine : FRANCE || 
23,93€ / Kg || 
6,70 € || 
Quinoa vert, asperges, petits pois, haricots verts || La barquette de 270g || Origine : FRANCE || Une recette saine et équilibrée : le quinoa est un carburant d'exception! Digeste, sans gluten, riche en protéines, en fer ainsi qu'en acides aminés essentiels. || Quinoa : 66,7%, eau, quinoa 23%, huile d'olive, sel, persil, coriandre, ciboulette, poivre blanc, légumes : 33,3%: épinard branche (spinacia olearacea. L), asperge 10%, petit pois 8%, haricot vert 8%. || A conserver entre 0°C et +4°C. || 
21,93€ / Kg || 
5,92 € || 
Risotto au crabe, crémeux épicé || La barquette de 290g || Origine : FRANCE || Sublime risotto crémeux au crabe, gourmand et puissant en saveurs. Parfums de citronnelle, curcuma, galanga et piment. Parfait accompagné de quelques sucrines. || 1 personne. Au micro-ondes : percez le film transparent de quelques trous et réchauffez au micro-ondes 2 à 3 minutes selon la puissance (de 750 à 900W). Sortez la barquette et laissez-la refroidir quelques secondes avant d'ouvrir l'opercule. Au bain-marie : laissez réchauffer la barquette sans l'ouvrir dans une casserole d'eau frémissante pendant 7 minutes. Ne convient pas au four traditionnel. || Riz cuit 38% (eau, riz), crème 25% (crème de lait, stabilisant : carraghénanes E407), lait de coco, chair de crabe 5,8%, oignons, cabillaud, petit pois 2,7%, huile d'olive, échalote, carotte 1,5%, fromages râpés (lait, sel, présure animale, conservateur : E1105 (boeuf), pâte tom yam 0,8% (huile de soja, citronnelle, échalote, eau, jus de citron, sel, piment, galanga, sucre, feuille de bergamote, exhausteur de goût E621, colorant E160c, conservateur E211), fumet de poisson (sel, poissons blancs,oignons, arômes naturels, sucre, huile de tournesol, extrait de vin blanc, amidon de blé, jus de citron, ail), arôme saint jacques, curcuma 0,06%, sel, épaississants (E412, E415), sucre. Peut contenir des traces de soja, fruits à coque, céleri, moutarde, sésame, mollusques. || Valeur énergétique en Joules :  855kj || Valeur énergétique en Kcal : 205kcal || Glucides : 19,3g || Lipides : 12,1g || Protides :4,7g || A conserver entre 0 et +4°C. || 
23,10€ / Kg || 
6,70 € || 
Risotto au poulet, asperges et morilles || La barquette de 300g || Origine : FRANCE || Cette recette a été créée au 239 rue Saint Honoré à Paris dans les cuisines de l'hôtel Costes. La base de ce risotto est la fabuleuse sauce morille Costes, très crémeuse et gourmande. || Percez le dessus de la barquette de quelques trous et réchauffez au micro-ondes 2mn à 800W. Sortez la barquette et laissez-la refroidir quelques secondes avant d'ouvrir l'opercule. Ne convient pas au four traditionnel. || Garniture 83% : riz cuit 55% (eau, riz), crème (crème de lait, stabilisant E407), asperges 6%, oignon, morilles 2%, échalote, huile d'olive, fond de volaille (sel, farine de blé, arômes, poulet : graisse de poulet, viande déshydratée, fécule de pommede terre, oignon, poireau déshydraté, ail, extrait de poivre, antioxygène : extrait de romarin), vin blanc, parmesan râpé (Parmigiano Reggiano, Grana Padano (lait, sel, présure animale, conservateur : E1105 (oeuf))), sel, poivre blanc, épaississants: E412, E415, sucre, poulet rôti 17% : cuisse de poulet, eau, dextrose de blé, sel, polyphosphates : E450, E451, émulsifiant : E407, antioxydant : E316. || Valeur énergétique en Joules :  679Kj || Valeur énergétique en Kcal : 162kcal || Glucides : 18g || Lipides : 7,6g || Protides :5,4g || A conserver entre 0°C et +4°C. || 
22,33€ / Kg || 
6,70 € || 
Epinards à  la béchamel || La boite de 350g || Origine : FRANCE || Ce légume-feuille est connu pour ses vertus curatives favorisant une digestion heureuse. Riche en fibres, minéraux et vitamines. || Bain-marie : portez une grande casserole d'eau à ébullition. Plongez la barquette dans l'eau et laissez réchauffer hors du feu 4 à 5 min. Micro-ondes : percez le dessus de la barquette de quelques et placez au micro-ondes. Réchauffez 2 à 3 min à puissance moyenne, ajustez ce temps selon la puissance du four utilisé. || Epinards 60%, crème 40% : lait demi écrémé, crème liquide (crème de lait, stabilisant E407), farine de blé, beurre, sel, fécule de pomme de terre et de manioc, noix de muscade, poivre blanc. || Valeur énergétique en Joules :  403kj || Valeur énergétique en Kcal : 97kcal || Glucides : 6,6g || Lipides : 6,2g || Protides :3,6g || Ce produit doit être conservé entre 0°C et +4°C. || 
13,09€ / Kg || 
4,58 € || 
Blanquette de veau à l'ancienne et riz blanc, cuisson séparée || La barquette de 330g || Origine : FRANCE || Une bonne recette, c'est aussi de bons ingrédients. Nos cuisiniers ont sélectionné, parmi tous les muscles, la partie collier bas carré pour son moelleux et sa tendreté.Pour la qualité de notre sauce, pas de bouillons tout prêts ! Nous préparons dansnos ateliers notre bouillon de volaille dans la tradition culinaire sans ajout d'exhausteurs de goût. || 1 personne. Micro-ondes (2min30) : placez les sachets dans une assiette après les avoir percés de quelques trous. Placez l'assiette dans votre micro-ondes et laissez réchauffer 2min30 à 750 Watts (ajustez le temps de réchauffage selon la puissance devotre four). Bain-marie (20min) : plongez les sachets non ouverts dans l'eau frémissante. Ne pas couvrir. Pour servir : tirez sur l'amorce pour ouvrir facilement les sachets. Ne pas placer les sachets dans un four traditionnel. || 210g de blanquette de veau, sauce crème, carottes et champignons : préparée avec 90g de bas de carré de veau (42%) coupé en morceaux et assaisonné avec du sel et de l'amidon de riz, poché et mijoté dans une sauce cuisinée avec du bouillon de volaille(eau, os de poulet, sel), de la crème fraîche, de l'eau, des carottes (9,5%), des champignons (7,7%), de l'amidon transformé de riz, de la fibre de chicorée, du concentré de champignons (dont sel, huile de colza), de la farine de blé, du sel, du jusde citron et du piment. 120g de riz blanc : riz blanc cuit (93%) assaisonné d'huile de colza et de sel. % exprimé sur le poids de chaque préparation. Informations destinées aux personnes allergiques : cette recette contient du lait et du blé. Sans conservateur. Sans huile de palme. Sans colorant. Sans exhausteur de goût. Sans huiles hydrogénées. 452 Kcal pour la portion. || Valeur énergétique en Joules :  578 || Valeur énergétique en Kcal : 138,1 || Glucides : 14 || Lipides : 5 || Protides :9,1 || A conserver au frais entre 0° et +4°C. Ce produit peut être congelé avant la date limite de consommation et conservé à -18°C pendant 2 mois au plus. Après décongélation au réfrigérateur, consommer rapidement et ne pas recongeler. || 
16,06€ / Kg || 
5,30 € || 
Boeuf bourguignon aux pommes de terre et carottes || La barquette de 300g || Origine : FRANCE || Nos cuisiniers ont sélectionné pour notre bourguignon des morceaux de boeuf issus de la filière VBF Viande Bovine Française qui garantit l'origine France depuis la naissance de l'animal. Nous avons privilégié une filière de champignons de Paris totalement intégrée et engagée vers une culture responsable et durable. || 1 personne. Sachets à ouverture facile. Micro-ondes : placez les sachets dans une assiette après les avoir percés de quelques trous. Placez l'assiette dans votre four à micro-ondes et laissez réchauffer 1 minute le sachet de viande puis 2 minutes l'ensemble à 750 W (ajuster le temps de réchauffage selon la puissance de votre four). Bain-marie : plongez les sachets non ouverts dans l'eau frémissante 20 minutes. Ne pas couvrir. Pour servir : tirez sur l'amorce pour ouvrir facilement les sachets. Ne pas placer les sachets dans un four traditionnel. || .51.7% de boeuf bourguignon : boeuf cuit 48% (boeuf 90%, sel, glucose), vin rouge (23%), champignons de Paris (11%), jus de cuisson du boeuf, eau, concentrÍ de tomates, amidon de riz, farine de blÍ,  oignons, concentrÍ de champignons (eau, champignon, sel, huile de colza), sucre, extrait de malt d'orge, sel, poivre, thym, laurier. .48.3% de pommes de terre et carottes persillÍes : Pommes de terre 60% (pommes de terre, sel), carottes 37%, sel, persil 0.6%. % exprimÍs sur le poids de chaque prÍparation. || Valeur énergétique en Joules :  375kj || Valeur énergétique en Kcal : 89kcal || Glucides : 6,4g || Lipides : 2,2g || Protides :10g || A conserver entre 0°C et +4°C. Ce produit peut être congelé avant la date limite de consommation et conservé à -18°C pendant 2 mois au plus. Après décongélation au réfrigérateur, consommer rapidementet ne pas recongeler. || 
18,73€ / Kg || 
5,62 € || 
Brandade de morue parmentier à la crème fraîche || La barquette de 330g || Origine : FRANCE || Une bonne recette, c'est aussi de bons ingrédients. || 1 personne.Micro-ondes : 3 min. Placez le sachet dans une assiette après l'avoir percé de quelques trous. Placez l'assiette dans votre four à micro-ondes et laissez réchauffer 3 min à 750 Watts (ajustez le temps de réchauffage selon la puissance de votre four). Bain-marie : 15 min. Plongez le sachet non ouvert dans l'eau frémissante. Ne pas couvrir. Pour servir : tirez sur l'amorce pour ouvrir facilement le sachet. Ne pas placer les sachets dans un four traditionnel. || 210g de purée de pommes de terre préparée avec de l'eau, des pommes de terre 26% (dont sel), des flocons de pommes de terre 8,7% (dont extrait d'épices), de la crème fraîche (5,5%), de la poudre de lait entier, du poivre, du persil et du curcuma. 120g de morue cuisinée : morue 85% (cabillaud salé) effilochée assaisonnée avec de l'huile d'olive vierge extra, de l'ail et de l'huile de colza. % exprimés sur le poids de chaque préparation. Informations destinées aux personnes allergiques : cette recette contient du poisson et du lait. Sans colorant, sans conservateur, sans exhausteur de goût, sans huiles hydrogénées, sans gluten. || A conserver au frais entre 0°C et +4°C. Ce produit peut être congelé avant la date limite de consommation et conservé à -18°C pendant 2 mois au plus. Après décongélation au réfrigérateur, consommer rapidement et ne pas recongeler. || 
16,06€ / Kg || 
5,30 € || 
Cassolette de St-Jacques aux poireaux déjà gratiné || La barquette de 140g || Origine : FRANCE || Un mode de conservation maîtrisé : Fleury Michon, le créateur des plats cuisinés au rayon traiteur frais, maîtrise ce savoir-faire depuis plus de 30 ans ! || 8min au four traditionnel. Préchauffez votre four à 180°C - 200°C. Enlevez le film. Sortez la cassolette de son emballage plastique. Placez-la dans le four. Laissez réchauffer environ 8 minutes. 1min30 au four micro-ondes. Percez de quelques trous lefilm de la cassolette à l'aide d'une fourchette. Placez la cassolette dans votre four à micro-ondes. Laissez réchauffer 1 minute 30 à 750 watts. || 28g de Noix de Saint-Jacques cuites à la vapeur.13g de champignons de Paris émincés et cuits. 26g de poireaux coupés en petits morceaux et blanchis. 63g de sauce cuisinée à partir du jus de cuisson des noix, de crème fraîche, d'eau, de jus de champignons, de jaune d'oeuf, d'échalote, de beurre, d'amidon transformé de riz, de vin blanc, de Noilly Prat, d'huile d'olive vierge extra, de fumet de poisson (gluten, lactose) et assaisonné de sel et de poivre. Le tout gratiné de 10g d'emmental et chapelure (farine de blé). Information destinée aux personnes allergiques : cette recette contient du gluten, des mollusques, des oeufs, du poisson et des produits laitiers. Sans conservateur, sans arôme ni colorant artificiels. || Valeur énergétique en Joules :  478 || Valeur énergétique en Kcal : 114,2 || Glucides : 5 || Lipides : 8,1 || Protides :5,5 || A conserver au frais entre 0°C et +4°C. Ce produit peut être congelé avant la date limite de consommation et conservé à -18°C pendant 2 mois au plus. Après décongélation au réfrigérateur, consommer rapidement et ne pas recongeler. || 
27,93€ / Kg || 
3,91 € || 
Chili con carne et riz blanc || La barquette de 300g || Origine : FRANCE || Le chili con carne et riz blanc de Fleury Michon, ce plat d'origine mexicaine est un délicieux émincé de boeuf mitonné avec ses haricots rouges dans un jus légèrement pimenté et accompagné de riz blanc. || Riz cuit 33% (Riz, eau, huile de colza, sel), haricots rouges, viande de boeuf 12% (dont céleri dans arôme légumes), eau, poivrons rouges, oignons, tomate concentrée, vin rouge, tomates, huile d'olive vierge extra, sel, amidon transformé de riz, épices, ail, arôme volaille (gluten), épaississant : gomme de guar. || Valeur énergétique en Joules :  551 || Valeur énergétique en Kcal : 131,6 || Glucides : 17,5 || Lipides : 3,9 || Protides :6,4 || Conservation entre 0 et +4°c maximum. || 
14,73€ / Kg || 
4,42 € || 
Courgettes farcies et semoule méridionale || La barquette de 300g || Origine : FRANCE || Découvrez de délicieuses courgettes garnies d'une farce de boeuf et de porc, relevée d'épices et d'aromates, accompagnées d'une fine semoule aux poivrons rouges. || Percez le film de quelques trous puis placez la barquette dans votre four à micro-ondes et laissez réchauffer 2 min à 900 watts, (ajustez le temps de réchauffage suivant la puissance de votre four) || Courgettes forcies 53 % [courgettes 50 %, viande de boeuf et de porc, oignons grillés (huile de colza, extrait de romarin), purée de tomates, chapelure (farine de blé, eau, levures, sel), oeuf entier en poudre, sel, purée d'ail (dont huile de tournesol), persil, poivre], semoule de couscous 46 %, courgettes, poivrons rouges, huile olive vierge extra, sel. Contient : gluten, oeuf. || Valeur énergétique en Joules :  147Kj || Valeur énergétique en Kcal : 617Kcal || Glucides : 15,4g || Lipides : 6,8g || Protides :6,1g || A conserver entre 0°C et +4°C || 
15,97€ / Kg || 
4,79 € || 
Couscous à la marocaine, au poulet et merguez, avec ses petits légumes || La barquette de 450g || Origine : FRANCE || Un mode de conservation maîtrisé : à partir de la recette élaborée par nos chefs cuisiniers, nos ingrédients sont cuits à basse température dans des sachets individuels pendant une durée ajustée à leur nature. Ce mode de cuisson préserve toutes leurssaveurs, leurs textures, et garantit une bonne conservation au réfrigérateur sans avoir recours à l'ajout de conservateurs. Fleury Michon, le créateur des plats cuisinés au rayon traiteur frais, maîtrise ce savoir-faire depuis plus de 30 ans ! || 1 personne. Au four à micro-ondes : Placez les sachets dans une assiette après les avoir percés de quelques trous. Placez l'assiette dans votre four à micro-ndes et laissez réchauffer 4 min à 750 Watts (ajustez le temps de réchauffage selon la puissance de votre four). Au bain marie : Plongez les sachets non ouverts dans l'eau frémissante. Ne pas couvrir. Pour servir, Ouvrez en utilisant l'amorce dentelée située sur le côté des sachets. Ne pas placer les sachets dans un four traditionnel. || Viande et légumes cuisinés dans un jus aromatique et épicé (310g). Un haut de cuisse de poulet rôti (90g) (1). Des Merguez grillées de 50g (2). Des carottes, des courgettes, des navets, des pois chiches et des poivrons rouges (110g). Le tout mijoté dans 60 g de jus cuisiné avec de l'eau, de la tomate concentrée, des oignons, de la graisse de canard, de l'amidon transformé de riz, de l'ail, des arômes naturels (céleri, fenouil, coriandre, lactose), du sel et des épices (cumin, thym, harissa, piment, paprika). Semoule de couscous aux raisins secs (140g). Semoule de couscous réhydratée assaisonnée d'huile de colza et de sel, puis agrémentée de raisins secs. Une dosette d'harissa. (1) Haut de cuisse de poulet, dextrose, amidon de tapioca, sel.(2) La merguez est composée de viande de boeuf, de gras de mouton, d'épices et plantes aromatiques, de sel, sirop de glucose, dextrose et arômes naturels. Informations destinées aux personnes allergiques : cette recette contient du blé, du céleri etdes produits laitiers. Sans conservateur. Sans arôme ni colorant artificiels. || Valeur énergétique en Joules :  568Kj || Valeur énergétique en Kcal : 136kcal || Glucides : 9,1g || Lipides : 7,5g || Protides :8g || A conserver au frais entre 0°C et +4°C. Ce produit peut être congelé avant la date limite de consommation et conservé à -18°C pendant 2 mois au plus. Après décongélation au réfrigérateur, consommer rapidement et ne pas recongeler. || 
10,76€ / Kg || 
4,84 € || 
Dos de cabillaud à la provençale, écrasée de pommes de terre || La barquette de 280g || Origine : FRANCE || Valeur énergétique en Joules :  415kj || Valeur énergétique en Kcal : 99kcal || Glucides : 5,8g || Lipides : 5,3g || Protides :6,2g || 
17,46€ / Kg || 
4,89 € || 
4 Nems au poulet, avec sauce nuoc-mâm || La boite de 300g || Origine : FRANCE || 4 galettes de riz frites, farcies d'une préparation à base de poulet et de menthe accompagnées avec sauce nuoc mâm. || Au four : préchauffez votre four 10 minutes à 210°C (th 7), disposez les nems dans un plat allant au four et réchauffez-les 15 minutes à mi-hauteur. A la poêle : faites frire les nems 5 minutes dans un peu d'huile en les retournant régulièrement. A la friteuse : plongez les nems 7 minutes dans l'huile chaude. Egouttez-les avant de vous régaler. Le micro-ondes est fortement déconseillé. La sauce nuoc mâm se consomme froide. || Nem au poulet et à la menthe 4x70g : galette de riz 39,5% (eau, farine de riz 38%, huile de tournesol, sel), vermicelle de pois réhydraté 14,6% (haricot mungo, pois, eau), oignon 13,4%, viande de poulet 12%, carotte 7,2%, germe d'haricot mungo, protéine et amidon de blé, farine de blé, huile de tournesol, sel, champignon noir réhydraté, arôme, menthe 0,3%, poivre blanc. Sauce nuoc mâm 20g : eau, sucre, nuoc mâm 14% (anchois, sel), vinaigre, sel. || Valeur énergétique en Joules :  770kj || Valeur énergétique en Kcal : 183kcal || Glucides : 25g || Lipides : 6,1g || Protides :6,5g || A conserver entre 0°C et +4°C. Conditionné sous atmosphère protectrice. || 
10,27€ / Kg || 
3,08 € || 
8 Gyozas au poulet avec sauce au soja || La barquette de 200g || Origine : FRANCE || Bouchées garnies d'une farce aux légumes et au poulet accompagnées de 2 sauces au soja. || A la poêle (mode de préparation conseillé) : huilez légèrement la poêle. Réchauffez 5 min à feu doux. Arrêtez le feu et couvrez 1 min pour conserver l'humidité. Au micro-ondes : retirez le film de moitié et ôtez les dosettes de sauce. Réchauffez ensuite la barquette 1 min 15 pour un four ayant une puissance restituée de 750 watts. || Gyozas au poulet 8x20 g : farine de blé, préparation de viande de poulet 15%, eau, châtaigne d'eau 9%, chou 7%, oignon 6,2%, carotte 5%, oignon frit 3% (oignon, huile d'olive, sel, correcteur d'acidité : acide citrique), fécule de manioc, sauce soja(eau, graines de soja, farine de blé, sel), huile de tournesol oléique, protéine de pois, coriandre, sel, dextrose. Pourcentages exprimés sur les gyozas au poulet. Sauce au soja. || Valeur énergétique en Joules :  660kj || Valeur énergétique en Kcal : 157kcal || Glucides : 25g || Lipides : 4g || Protides :4,6g || A conserver entre 0°C et +4°C. || 
24,15€ / Kg || 
4,83 € || 
Acras à la morue || La barquette de 10 acras, 150g || Origine : FRANCE || Les acras sont de petits beignets à base de morue et d'épices d'origine créole. Leur texture moelleuse et leur goût légèrement relevé raviront tous les palais. Ils se dégustent à l'apéritif ou en entrée. || AU FOUR : Préchauffez votre four pendant 10 minutes (th.6/7-200°C). Disposez les acras dans un plat allant au four et réchauffez-les 10 à 12 minutes à mi-hauteur. A LA POÊLE : Faites revenir les acras 4 minutes à la poêle en les retournant régulièrement. A LA FRITEUSE : Plongez les acras dans l'huile chaude à 180°C pendant 3 minutes. Déposez-les sur un papier absorbant. Le four à micro-ondes est fortement déconseillé. || Chair de cabillaud 34% (Gadus Morhua), eau, chair de morue 15% [chair de cabillaud (Gadus Morhua), sel], huile de tournesol, flocons de pomme de terre (pomme de terre, émulsifiant : mono- et diglycérides d'acides gras, antioxygènes : acide ascorbiqueet esters d'acides gras de l'acide ascorbique), fécule de pomme de terre, oignons déshydratés, ail, persil 1,4%, blanc d'oeuf, sel, épices 0,15% (poivre, piment). || Valeur énergétique en Joules :  849kJ || Valeur énergétique en Kcal : 203kcal || Glucides : 15g || Lipides : 11g || Protides :11g || A conserver entre 0°C et + 4°C. || 
19,40€ / Kg || 
2,91 € || 
Assortiment asiatique || La barquette de 360g || Origine : FRANCE || L'assortiment asiatique Monoprix vous permet de découvrir la cuisine vietnamienne et chinoise tout en variant les plaisirs. Vous apprécierez le classique mini-nem au porc à la vietnamienne et sa fine galette de riz, le mini-samoussa au boeuf ancré dans la cuisine asiatique avec sa moelleuse galette de blé et son goût épicé et la crevette panée, délicieuse association du croustillant de la panure et du fondant de la crevette. Trois sauces différentes vous permettent de les accompagner.Assortiment composé de 4 mini nems au porc, 4 mini samoussas, 4 crevettes panées, 3 sauces incluses || A la poêle : faites frire les mini-nems, mini-samoussas et crevettes panées 3 minutes de chaque côté dans un peu d'huile. Au four : préchauffez votre four pendant 10 minutes à 200°C (th 7). Réchauffez les mini-nems, mini-samoussas et crevettes panées pendant 10 minutes à mi-hauteur. A la friteuse : plongez les mini-nems, mini-samoussas et crevettes 5 minutes dans l'huile chaude, égouttez-les avant de vous régaler. Le micro-ondes est fortement déconseillé.  Poêle. Four. Friteuse. || Mini-nems au porc 4 x 30g : galette de riz 37% (eau, farine de riz 44%, huile de tournesol, sel), viande de porc 33%, vermicelle de pois réhydratés, oignon 9%, champignon noir réhydraté 4%, carotte 4%, protéines et amidon de blé (dont sulfites), sel,nuoc-mâm (anchois, sel, sucre), poivre. Mini-samoussas 4 x 25g : galette de blé 34% (eau, farine de blé 33%, blanc d'oeuf, huile de tournesol, sel, émulsifiant : E322), oignon 28%, viande de boeuf 27%, carotte 6%, concentré de tomate, huile de tournesol, curry (dont moutarde), sel, poivre, piment. Crevettes panées 4 x 20g : crevette 43%, préparation pâte à beignet (fécule de pomme de terre, farine et amidon de blé, amidon modifié de pomme de terre, sel, poudres à lever : E450i, E500ii, épaississants : E407, E412 et E415, curcuma), chapelure (farine de blé, levure, sel), eau, huile de tournesol, oeuf, sucre. Sauce nuoc-mâm 20g : eau, sucre, nuoc-mâm14% (anchois, sel), vinaigre (dont orge), sel. Sauce pour samoussas 20g : eau, sucre, concentré de tomate, vinaigre (conservateur : sulfite acide de sodium), amidon transformé de maïs, sel, colorant : E150a, oignon, acidifiant : E330, poivre, arômes. Sauce pour crevettes panées 20g : eau, sucre, vinaigre, ananas, poivron, amidon transformé de maïs, huile de tournesol, sel, acidifiant : E330, épices (curry (dont moutarde), gingembre), stabilisants : E412, E415. || A conserver entre 0°c et +4°C. || 
14,03€ / Kg || 
5,05 € || 
Assortiment vapeur, 4 funko au poulet et 4 xiu mai au porc, sauceaigre-douce et au soja || La barquette de 200g || Origine : FRANCE || Assortiment de bouchées farcies cuites à la vapeur accompagnées de sauce aigre douce et de sauce au soja. || A la vapeur : déposez les bouchées dans un panier vapeur préalablement huilé. Réchauffez 8 min au dessus d'une casserole d'eau bouillante. Au micro-ondes : retirez le film de moitié et ôtez les dosettes de sauce. Réchauffez ensuite la barquette 1 min30 pour un four ayant une puissance restituée de 750 watts. || Funko au poulet 4x20 g : eau, préparation de viande de poulet 17%, amidon de blé, fécule de manioc, carotte, oignon frit (oignon, huile de tournesol), châtaigne d'eau, courgette, protéine de soja, farine de blé, huile de tournesol oléique, sel, sucre, coriandre, arôme (lactose), poivre. Pourcentage exprimé sur le funko au poulet. Xiu mai au porc 4x20 g : viande de porc 27%, farine de blé, eau, carotte 11%, oignon frit 11% (oignon, huile de tournesol), gras de porc 4,6%, protéines et amidon de blé (sulfites), fécule de manioc, sucre, petits pois 1,5%, fibre de bambou, coriandre, sel, arôme (blé et orge), poivre, curcuma. Pourcentages exprimés sur le xiu mai au porc. Sauce aigre douce 20 g : eau, sucre, vinaigre d'alcool, poivron rouge, amidon transformé de pomme de terre, jus d'ananas concentré, sel, huile de colza, sauce soja (graines de soja, sel, eau, farine de blé), curcuma, gingembre, épaississants : E412, E415. Sauce au soja 20 g : eau, sauce soja 35% (graines de soja, sel, eau, farine de blé), sucre, jus concentré de citron, épaississants : E412, E415. Pourcentage exprimé sur la sauce au soja. || Valeur énergétique en Joules :  779kj || Valeur énergétique en Kcal : 186kcal || Glucides : 21g || Lipides : 8,6g || Protides :5,4g || A conserver entre 0°C et +4°C. || 
23,65€ / Kg || 
4,73 € || 
Beignets de crevettes, sauce aigre douce || La barquette de 140g || Origine : FRANCE || Au four : préchauffez-le 10 minutes à 180°C (th. 6), disposez les beignets dans un plat puis réchauffez 8 minutes. A la poêle : réchauffez 2 minutes. Au four à micro-ondes : disposez les beignets dans un plat adapté puis réchauffez 1 minute pour un four ayant une puissance restituée de 750 Watts. || Beignets de crevette 120g : crevette 40% (crevette, eau), eau, farine de blé, fécule de pomme de terre, huile de tournesol, poudre à lever : diphosphate disodique et carbonate acide de sodium, sel. Huile de friture : Huile de tournesol. Pourcentage exprimé sur les beignets de crevette. Sauce aigre-douce 20g : eau, sucre, vinaigre de vin (contient des sulfites), concentré de tomate, sel, fécule de pomme de terre, piment. || A conserver entre 0°C et +4°C. || 
27,57€ / Kg || 
3,86 € || 
Chips de crevettes || Le sachet de 75g || Origine : FRANCE || La chips de crevette est un produit à base de farine de manioc, extraite de l'arbrisseau tropical.Sa texture est à la fois croustillante, légère et fondante, son goût est caractéristique de la crevette. Elle se consomme au cours d'un apéritif en famille ou entre amis. || Farine de manioc, huile de tournesol, sucre, crevettes 4,7%, sel, ail, acidifiant : acide citrique, poudre à lever : carbonate acide de sodium, épices. || Valeur énergétique en Joules :  2223kj || Valeur énergétique en Kcal : 532kcal || Glucides : 62gg || Lipides : 31g || Protides :1,3g || A conserver dans un endroit sec, à l'abri de la chaleur. || 
13,60€ / Kg || 
1,02 € || 
Mini nems, sauce nuoc-mâm || La barquette de 200g || Origine : FRANCE || Grand classique de la cuisine vietnamienne, ces mini nems au porc vous régaleront avec leur fine galette de riz croustillante et leur farce moelleuse. A déguster à l'apéritif ou en entrée, servis accompagnés de la sauce nuoc-mâm, de feuilles de salade craquante et de menthe fraîche. || AU FOUR : préchauffez votre four pendant 10 minutes (th.6/7-200°C). Disposez les nems dans un plat allant au four et réchauffez-les 10 à 12 minutes à mi-hauteur. A LA POÊLE : faites revenir les nems 3 minutes à la poêle en les retournant régulièrement. A LA FRITEUSE : plongez les nems dans l'huile chaude à 180°C pendant 5 minutes. Déposez-les sur un papier absorbant. Le four à micro-ondes est fortement déconseillé. || 6 Minis nems au porc : Galette de riz 37% (eau, farine de riz 44%, huile de tournesol, sel), viande de porc 33%, vermicelles de pois réhydratés, oignon 9%, champignon noir réhydraté 4%, carotte 4%, protéines et amidon de blé (dont sulfites), sel, nuoc-mâm (anchois, sel, sucre), poivre. Sauce nuoc-mâm 20g : Eau, sucre, nuoc-mâm 14% (anchois, sel), vinaigre (dont orge), sel. || Valeur énergétique en Joules :  957kj || Valeur énergétique en Kcal : 229kcal || Glucides : 21g || Lipides : 13g || Protides :7g || A conserver entre 0°C et + 4°C. || 
13,30€ / Kg || 
2,66 € || 
Mini samossas || La barquette de 150g || Origine : FRANCE || Grands classiques de la cuisine indienne, ces samossas sont composés d'une galette de blé dorée et croustillante garnie avec une farce moelleuse et épicée à base de viande de boeuf et d'oignons. A consommer à l'apéritif ou en entrée. || Au four : préchauffez votre four pendant 10 minutes (th.6/7-200°C). Disposez les samossas dans un plat allant au four et réchauffez-les 10 à 12 minutes à mi-hauteur. A la poêle : faites revenir les samossas 5 minutes à la poêle en les retournant régulièrement. A la friteuse : plongez les samossas dans l'huile chaude à 180°C pendant 4 minutes. Égouttez-les avant de les servir. Le four à micro-ondes est fortement déconseillé.  Four. Poêle. Friteuse. || Galette de blé 34% (eau, farine de blé 35%, huile de tournesol, blanc d'oeuf, sel, émulsifiant : lécithine de colza), oignons 28%, viande de boeuf 27%, carottes 6%, concentré de tomate, huile de tournesol, curry 0.6% (dont moutarde), sel, épices 0.18% (poivre, piment). || Valeur énergétique en Joules :  1014kj || Valeur énergétique en Kcal : 243kcal || Glucides : 17g || Lipides : 15g || Protides :10g || A conserver entre 0°C et +4°C. || 
21,93€ / Kg || 
3,29 € || 
Nems au crabe avec sauce nuoc-mâm || La barquette de 4 pièces, 300g || Origine : FRANCE || A déguster à l'apéritif ou en entrée, servis accompagnés de la sauce nuoc-mâm, de feuilles de salades craquantes et de menthe fraîche. || Au four : préchauffez votre four pendant 10min (th 6/7, 200°C). Disposez les nems dans un plat allant au four et réchauffez les 15min à mi-hauteur. A la poêle : faites revenir les nems 5 min à la poêle en les retournant régulièrement. A la friteuse :placer les nems dans l'huile chaude à 180°C pendant 7min. Egouttez-les avant de vous régaler. La sauce nuoc-mâm se consomme froide. Le four à micro-ondes est fortement déconseillé. || Nems au crabe/lieu : galette de riz 39,5% (eau, farine de riz 38%, huile de tournesol, sel), chair de crabe et e crabe tourteau 13,9%, lieu 13,9%, oignon 9,5%, vermicelle de pois réhydraté (haricot mungo, pois, eau), carotte 3,6%, champignon noir réhydraté, protéine  de soja, oignon déshydraté, sauce poisson (anchois, sel, sucre), sel, poivre blanc. Sauce nuoc-mâm : eau, sucre , nuoc-mâm 14% (anchois, sel), vinaigre, sel. || Valeur énergétique en Joules :  676kj || Valeur énergétique en Kcal : 161kcal || Glucides : 20g || Lipides : 4,4g || Protides :9,1g || Entre 0°C et °C.+ || 
10,27€ / Kg || 
3,08 € || 
Nems au porc, sauce Nuoc-Mâm || La barquette de 300g || Origine : FRANCE || les nems constituent l'un des plats nationaux les plus connus au Vietnam. Consommés au quotidien, ils participent aussi à tous les repas de fête. Ils se caractérisent par leur fine galette de riz croustillante et leur garniture savoureuse. Ces nems de porc sont élaborés dans le respect de la recette vietnamienne. Un soin particulier est apporté à leur présentation et à leur saveur. || A LA POELE : faites frire les nems 5 minutes de chaque côté dans un peu d'huile. AU FOUR :  réchauffez votre four pendant 10 minutes à 200°C (th 7). Réchauffez les nems pendant 15 minutes à mi-hauteur. A LA FRITEUSE : placez les nems 7 minutes dans l'huile chaude, égouttez-les avant de vous régaler. Le micro-ondes est fortement déconseillé. || Nems au porc 4 x 70g : Galette de riz 37% (eau, farine de riz 44%, huile de tournesol, sel), viande de porc 33%, vermicelle de pois réhydraté, oignon 9%, champignon noir réhydraté 4%, carotte 4%, protéines et amidon de blé (sulfite), sel, sauce nuoc-mâm (anchois, sel, sucre), poivre. Sauce 20g : Eau, sucre, nuoc-mâm 14% (anchois, sel), vinaigre (dont orge), sel. || Valeur énergétique en Joules :  974Kj || Valeur énergétique en Kcal : 233KCal || Glucides : 21g || Lipides : 13g || Protides :8g || A conserver entre 0°C et +4°C. || 
8,87€ / Kg || 
2,66 € || 
Riz cantonais || La barquette de 400g || Origine : FRANCE || Au four à micro-ondes : percez le film de la barquette de quelques trous. Déposez la barquette sans l'ouvrir dans le four à micro-ondes à 850 Watts et laissez chauffer 3 minutes. Ne pas réchauffer la barquette dans votre four traditionnel. || Riz basmati cuit 58% (riz, eau), oignons 9,1%, petits pois 7%, carottes 6,7%, jambon cuit choix 5,1% (jambon de porc, eau, sel, sirop de glucose de blé et/ou de maïs, arôme naturel, conservateurs : érythorbate de sodium et nitrite de sodium), omelette 5,1% (oeuf entier, eau, huile de tournesol, extrait de curcuma, protéine de pois, fibre et amidon de poisson, épaississant : gomme xanthane, poivre blanc), huile de colza, champignons noirs réhydratés 2%, arôme naturel, sel, extrait de poivre. Présence possible de poisson, crustacés, mollusques, soja, lait, céleri, moutarde et céréales contenant du gluten. || Valeur énergétique en Joules :  691kj || Valeur énergétique en Kcal : 164kcal || Glucides : 23,g || Lipides : 5,6g || Protides :4,7g || A conserver entre 0°C et +4°C. Conditionné sous atmosphère protectrice. || 
8,55€ / Kg || 
3,42 € || 
Kebab de poulet et semoule à l'orientale || La barquette de 280g || Origine : FRANCE || Kebab de poulet & semoule à l'orientale. Un émincé de poulet mariné accompagné d'une délicieuse semoule aux raisins, sans oublier l'indispensable sauce blanche, le citron et la menthe. Je mange sur le pouce, je mange bien ! || Percez le film de quelques trous puis placez la barquette dans votre four à micro-ondes et laissez réchauffer 2min à 900 watts.(ajustez le temps de réchauffage suivant la puissance de votre four). || Semoule de couscous cuite 49% (gluten), kebab 12% [émincé de poulet 81%, eau, sirop de glucose de blé, épices, dextrose de blé, amidon de riz, sel, plantes aromatiques], eau, fromage blanc, crème fraîche, raisins sec, huile de colza et d'olive viergeextra, sel, farine de blé, jus de citron, ail, menthe, amidon transformé de riz, persil, épice. Contient : gluten, lactose. || Valeur énergétique en Joules :  746Kj || Valeur énergétique en Kcal : 178Kcal || Glucides : 19,4g || Lipides : 8,4g || Protides :6,2g || Ce produit peut être congelé avant la date limite de consommation et conservé ào -18°C pendant 2 mois au plus. Après décongelation au réfrigérateur, consommet rapidement et ne pas recongeler. || 
13,07€ / Kg || 
3,66 € || 
Tajine de boeuf aux légumes du soleil || La barquette de 350g || Origine : FRANCE || Le secret des Tajines repose autant sur la richesse de la recette que sur le mode de cuisson. A partir de la recette élaborée par nos chefs cuisiniers, nos ingrédients sont cuits à basse température à basse température dans des sachets individuels pendant une durée ajustée à leur nature. Ce mode de cuisson préserve toute leurs saveurs, leurs textures, et garantit une bonne conservation au réfrigérateur sans avoir recours à l'ajout de conservateurs. Fleury Michon, le créateur des plats cuisinés au rayon traiteur frais, maîtrise ce savoir faire depuis plus de 30 ans. || 2min30 au four à micro-ondes. Placez les sachets dans une assiette après les percées de quelques trous. Placez l'assiette dans votre four à micro-ondes et laissez réchauffer 2 min 30 à 750 watts. Ajustez le temps de réchauffage suivant la puissance de votre four. Ne pas placer la barquette dans un four traditionnel. 25min au bain-marie. Plongez les sachets non ouverts dans l'eau frémissante. Ne pas ouvrir. Pour servir: ouvrez en utilisant l'amorce dentelée située sur le côté des sachets. Ne pasplacer les sachets dans un four traditionnel. || 48g de keftas de boeuf (19%) préparées avec 36g de viande de boeuf, du blanc d'oeuf, de la chapelure (avec de la farine de blé), de la fibre de pois, de l'amidon d epomme de terre, des oignons, de spoivrons rouges, des épices, du sel et de l'huile detournesol. 134g de légumes (56%): des carottes, des courgettes, des aubergines frites dans l'huile de tournesol, de spoivrons jaunes et rouges, de spois chiches. 68g de jus pour tajine préparé avec de l'eau, des oignons, de la tomate concentrée, del'amidon transformé de riz, du gingembre, du sel, de la menthe douce, des épices (canelle, coriandre, 5 épices) et de l'ail. 100g de semoule aux épices: de la semoule de couscous cuite 76%, de l'huile de colza, des courgettes, des oignons, des raisins de Corinthe, des carottes, du sel, de la menthe douce et des épices. Cette recette contient du blé et des oeufs. || Valeur énergétique en Joules :  528Kj || Valeur énergétique en Kcal : 126Kcal || Glucides : 12,1g || Lipides : 6,6g || Protides :4,6g || A conserver au frais entre 0°C et +4°C. Ce produit peut être congelé avant la date limite de consommation et conservé à -18°C pendant 2 mois au plus. Après décongélation au réfrigérateur, consommer rapidement et ne pas recongeler. || 
13,97€ / Kg || 
4,89 € || 
Poulet Korma et riz basmati || La boite de 400g || Origine : FRANCE || Micro-ondes : percez le film à l'aide d'une fourchette et réchauffez pendant 5 min à 600 W. || Viande et sauce 60% : poulet 40%, purée de tomates (tomates, jus de tomates), eau, huile de soja, oignons, lait de coco, crème fraîche, yaourt, oeufs, aromates, épices, fécule de pomme de terre, sucre, sel de cuisine, lait, jus de citron, stabilisants : xanthane et gomme guar, colorant : betacarotène, huile de tournesol. Accompagnement 40% : riz basmati (eau, riz basmati), huile de soja, sel de cuisine. Préparé dans un atelier ou sont utilisés : sésame, céleri, gluten, crustacés, poissons, fruits à coques, mollusques. || Valeur énergétique en Joules :  707kj || Valeur énergétique en Kcal : 169kcal || Glucides : 14,8g || Lipides : 9,2g || Protides :6,3g || Tenir au frais entre 0 et 4°C. Congeler le jour de l'achat et consommer dans le mois. Une fois décongelé, à consommer dans les 24h. Ne pas recongeler. || 
14,93€ / Kg || 
5,97 € || 
Poulet tikka massala et riz basmati || La barquette de 400g || Origine : BELGIQUE || 1 personne. Four à micro-ondes : percez le film à l'aide d'une fourchette et réchauffez pendant 5min. à 600W (congelé : 10min.). || Viande et sauce 60% : poulet 40%, crème, oignons, purée de tomates (tomates, jus de tomates), huile de soja, yaourt, carottes, lait, oeufs, aromates, sucre, amandes, fécule de pomme de terre, épices, jus de citron, sel de cuisine, stabilisants : gomme de xanthane E415, farine de guar E412, colorants : rouge cochenille E124, bétacarotène E160aii, huile de tournesol. Accompagnement 40% : eau, riz basmati, raisins, huile de soja, sel de cuisine. Préparé dans un atelier où sont utilisés : arachides,sésame, céleri, gluten, crustacés, poissons. || Tenir au frais : 0 +4°C. Congeler le jour de l'achat et consommer dans le mois. Une fois décongelé, à consommer dans les 24 heures. Ne pas recongeler. || 
14,30€ / Kg || 
5,72 € || 
Riz cantonais || La barquette de 400g || Origine : FRANCE || Valeur énergétique en Joules :  716kj || Valeur énergétique en Kcal : 171kcal || Glucides : 20,5g || Lipides : 7g || Protides :6,4g || 
12,23€ / Kg || 
4,89 € || 
Tortilla, omelette à la pomme de terre || L'assiette de 450g || Origine : FRANCE || Valeur énergétique en Joules :  656kj || Valeur énergétique en Kcal : 157kcal || Glucides : 10g || Lipides : 9,9g || Protides :5,8g || 
9,11€ / Kg || 
4,10 € || 
Porc au curry coco et riz basmati || La barquette de 280g || Origine : FRANCE || 
15,54€ / Kg || 
4,35 € || 
Assortiment asiatique + sauces || La boîte de 430g || Origine : FRANCE || 
12,93€ / Kg || 
5,56 € || 
Nems à la crevette, sauce Nuoc Mam || La boîte de 4, 240g || Origine : FRANCE || Nos cuisiniers ont ÍlaborÍ pour vous ces nems avec les ingrÍdients suivants : Une farce composÍe de crevette cuisinÍe Å la sauce soja et relevÍe d'une pointe de gingembre (63%) : crevette 16%, carotte, chair de crabe 12%, oignon, spÍcialitÍ Å base desurimi 10% (surimi (chair de poissons, sucre, stabilisants : sorbitol, E452), eau, fÍcule de pomme de terre, blanc d'oeuf rÍhydratÍ, huile de colza, sucre, sel, ar«me crabe (dont crustacÍs), colorant : E160c), vermicelle de pois, sauce soja 5%, pousse de haricot mungo 5%, protÍines de soja, chÇtaigne d'eau, ciboule, gingembre 2%, noix de coco rÇpÍe (conservateur : E220), ail, fumet de crustacÍs aromatisÍ (sel, dextrose, crevette poudre, tomate poudre, ar«mes naturels (dont crustacÍ) huile vÍgÍtale, oignon poudre, Ípices), Ípices et dextrose, poivre, vinaigre d'alcool, ar«me naturel de carotte. Une pÇte fine Å l'oignon et au persil prÍparÍe chaque jour par nos soins (37%) : eau, farine de blÍ, sel, oignon dÍshydratÍ, huile de tournesol, vinaigre d'alcool, persil, ar«me naturel de carotte. Ce produit est frit dans l'huile de tournesol. Ces nems sont accompagnÍs d'une sauce nuoc mam (30g) prÍparÍe dans nos ateliers : eau, sucre, vinaigre d'alcool, nuoc mam (5%) (anchois, sel, eau), sel,conservateur : E262. || 
12,59€ / Kg || 
3,40 € || 
Nems au poulet, sauce Nuoc Mam || La boîte de 4, 270g || Origine : FRANCE || 
11,74€ / Kg || 
3,17 € || 
Tortilla au jambon Serrano || La barquette de 200g || Origine : ESPAGNE || 1mn30 au micro-ondes ou 3mn à la poêle.  Micro-ondes. Poêle. || Pommes de terre (44%), oeuf pasteurisé, jambon (viande de porc, sel, conservateur E250 et E252, antioxydant E302) (10%), huile de tournesol, oignon frit (oignons, huile d'olive et jus de citron), huile d'olive, sel et épices. || A conserver au frais entre  0°C et +4°C. || 
18,30€ / Kg || 
3,66 € || 
Tortilla aux oignons || La barquette de 500g || Origine : ESPAGNE || Ingrédients : Pommes de terre (50%)   OEUF pasteurisé (27%)   oignons  frits (15%) Ýoignons   huile d'olive   sel   jus de citron~   Huile de tournesol   Huile d'olive   sel - ce produit ne contient pas d'ingrédients génétiquement modifiés || Valeur énergétique en Joules :  668 || Valeur énergétique en Kcal : 160 || Glucides : 10,6 || Lipides : 10,4 || Protides :5,3 || Maintenir le produit entre 0 ¬ et 4° C - Une fois l?emballage ouvert, à consommer dans les 24 heures || 
10,28€ / Kg || 
5,14 € || 
Nems au porc, sauce nuoc mam || La barquette de 280g || Origine : FRANCE || Découvrez ce grand classique de la cuisine vietnamienne. Préparés selon la recette traditionnelle, les nems Traditions d'Asie se composent d'une croustillante galette de riz farcie de viande de porc et de légumes croquants : carottes, germes de haricot mungo et champignons noirs, le tout délicieusement relevé par une pointe de menthe. || Au four traditionnel : préchauffez votre four pendant 10 min à 220°C (th.8). Sortez le Plateau Spécial Four de la barquette noire et enfournez-le pendant 15 min. à 220°C maximum, en ayant retiré au préalable la dosette de sauce. Servir ensuite les nems directement dans le Plateau Spécial Four. A la poêle : faites réchauffer les nems dans un peu d'huile pendant 6 à 8 min à feu doux, en les retournant régulièrement. En friteuse : faites frire les nems pendant 3 min. dans une huile à 160°C. Nous vous déconseillons le réchauffage au micro-ondes.  Four. Poêle. Friteuse. || A conserver entre 0 et 4°C. || 
7,77€ / Kg || ##
Nems au porc, sauce nuoc mam || La barquette de 280g || Origine : FRANCE || Découvrez ce grand classique de la cuisine vietnamienne. Préparés selon la recette traditionnelle, les nems Traditions d'Asie se composent d'une croustillante galette de riz farcie de viande de porc et de légumes croquants : carottes, germes de haricot mungo et champignons noirs, le tout délicieusement relevé par une pointe de menthe. || Au four traditionnel : préchauffez votre four pendant 10 min à 220°C (th.8). Sortez le Plateau Spécial Four de la barquette noire et enfournez-le pendant 15 min. à 220°C maximum, en ayant retiré au préalable la dosette de sauce. Servir ensuite les nems directement dans le Plateau Spécial Four. A la poêle : faites réchauffer les nems dans un peu d'huile pendant 6 à 8 min à feu doux, en les retournant régulièrement. En friteuse : faites frire les nems pendant 3 min. dans une huile à 160°C. Nous vous déconseillons le réchauffage au micro-ondes.  Four. Poêle. Friteuse. || A conserver entre 0 et 4°C. || 
7,77€ / Kg || ##
Nems au porc, sauce nuoc mam || La barquette de 280g || Origine : FRANCE || Découvrez ce grand classique de la cuisine vietnamienne. Préparés selon la recette traditionnelle, les nems Traditions d'Asie se composent d'une croustillante galette de riz farcie de viande de porc et de légumes croquants : carottes, germes de haricot mungo et champignons noirs, le tout délicieusement relevé par une pointe de menthe. || Au four traditionnel : préchauffez votre four pendant 10 min à 220°C (th.8). Sortez le Plateau Spécial Four de la barquette noire et enfournez-le pendant 15 min. à 220°C maximum, en ayant retiré au préalable la dosette de sauce. Servir ensuite les nems directement dans le Plateau Spécial Four. A la poêle : faites réchauffer les nems dans un peu d'huile pendant 6 à 8 min à feu doux, en les retournant régulièrement. En friteuse : faites frire les nems pendant 3 min. dans une huile à 160°C. Nous vous déconseillons le réchauffage au micro-ondes.  Four. Poêle. Friteuse. || A conserver entre 0 et 4°C. || 
10,36€ / Kg || 
2,90 € || 
Nems au poulet, sauce Nuoc Mâm || La barquette de 280g || Origine : FRANCE || Découvrez ce grand classique de la cuisine vietnamienne. Préparés selon la recette traditionnelle, les nems Traditions d'Asie se composent d'une croustillante galette de riz farcie de viande de poulet et de légumes croquants : oignons, carottes, germes de haricot mungo et champignons noirs. || Au four traditionnel : préchauffez votre four pendant 10 min. à 220°C (th.8). Sortez le plateau spécial four de la barquette noire et enfournez-le pendant 15 min à 220°C maximum, en ayant retiré au préalable la dosette de sauce. Servir ensuite les nems directement dans le plateau spécial four. A la poêle : faites réchauffer les nems dans un peu d'huile pendant 6 à 8 min. en les retournant régulièrement. En friteuse : faites frire les nems pendant 3 min. dans une huile à 160°C. || A conserver entre 0 et 4°C. || 
9,18€ / Kg || ##
Nems au poulet, sauce Nuoc Mâm || La barquette de 280g || Origine : FRANCE || Découvrez ce grand classique de la cuisine vietnamienne. Préparés selon la recette traditionnelle, les nems Traditions d'Asie se composent d'une croustillante galette de riz farcie de viande de poulet et de légumes croquants : oignons, carottes, germes de haricot mungo et champignons noirs. || Au four traditionnel : préchauffez votre four pendant 10 min. à 220°C (th.8). Sortez le plateau spécial four de la barquette noire et enfournez-le pendant 15 min à 220°C maximum, en ayant retiré au préalable la dosette de sauce. Servir ensuite les nems directement dans le plateau spécial four. A la poêle : faites réchauffer les nems dans un peu d'huile pendant 6 à 8 min. en les retournant régulièrement. En friteuse : faites frire les nems pendant 3 min. dans une huile à 160°C. || A conserver entre 0 et 4°C. || 
9,18€ / Kg || ##
Nems au poulet, sauce Nuoc Mâm || La barquette de 280g || Origine : FRANCE || Découvrez ce grand classique de la cuisine vietnamienne. Préparés selon la recette traditionnelle, les nems Traditions d'Asie se composent d'une croustillante galette de riz farcie de viande de poulet et de légumes croquants : oignons, carottes, germes de haricot mungo et champignons noirs. || Au four traditionnel : préchauffez votre four pendant 10 min. à 220°C (th.8). Sortez le plateau spécial four de la barquette noire et enfournez-le pendant 15 min à 220°C maximum, en ayant retiré au préalable la dosette de sauce. Servir ensuite les nems directement dans le plateau spécial four. A la poêle : faites réchauffer les nems dans un peu d'huile pendant 6 à 8 min. en les retournant régulièrement. En friteuse : faites frire les nems pendant 3 min. dans une huile à 160°C. || A conserver entre 0 et 4°C. || 
12,25€ / Kg || 
3,43 € || 
Raviolis vapeur aux crevettes et au crabe || La barquette de 240g || Origine : FRANCE || Légèreté, saveur et équilibre sont 3 grandes qualités de la cuisine asiatique. La cuisson à la vapeur, née en Chine, en est l'exemple parfait.       Les Ha Cao sont de petites bouchées cuites à l'étuvée, garnies de chair de crabe, de crevettes, de pousses de bambou. De succulents raviolis à craquer en une bouchée... || Au four micro-ondes o : Retirez le film de moitié et ôtez les 2 dosettes de sauce placées à l'intérieur.  Posezensuite la barquette à demi-ouverte directement au micro-ondes pendant 1,30 mn. (pour une puissance de 750W). A la vapeur : Déposez les raviolis dans un panier vapeur préalablement huilé. Réchauffez 8 mn. au dessus d'une casserole d'eau bouillante. || Ha cao : crevettes 33% (crevettes, sel).eau, amidon de blé. amidon transformé de manioc, blanc d'oeuft (acidiant : acide citrique), crabe 2,6%, huile de tournesol amidon de riz, sel, châtaigne d'eau, pousses de bambou, Jibre de bambou, sucre, arôme (crustacés, épaississant : somme xanthane). huile de sésame, huile de àhomi, Sauce Aigre Douce (20g), eau, sucre, vinaigre d'alcool, purée d'ananas, poivron. amidon transformé de pomme de terre, sel. huile de colza, sauce soja (grains de soja, sel. eau. farine de blé), anti-oxydant : acide citrique, curry (coriandre. Jénugrec. curcuma. fenouil, pimenta, céleri), conservateur: àorbatede potassium, gingembre. AfabiliaantA :farine de graines de guar, gomme xanthane. Sauce Soja (20g) : eau.sauce soja(grains de soja. sel farine de blé), sucre, concentré de citron. stabilisants : gomme de   de guar. gomme de xanthane. conservateur : sorbate de potassium. || Valeur énergétique en Joules :  192Kj || Valeur énergétique en Kcal : 805Kcal || Glucides : 26,7g || Lipides : 7,2g || Protides :5g || A conserver entre 0°C et +4°c || 
16,46€ / Kg || ##
Raviolis vapeur aux crevettes et au crabe || La barquette de 240g || Origine : FRANCE || Légèreté, saveur et équilibre sont 3 grandes qualités de la cuisine asiatique. La cuisson à la vapeur, née en Chine, en est l'exemple parfait.       Les Ha Cao sont de petites bouchées cuites à l'étuvée, garnies de chair de crabe, de crevettes, de pousses de bambou. De succulents raviolis à craquer en une bouchée... || Au four micro-ondes o : Retirez le film de moitié et ôtez les 2 dosettes de sauce placées à l'intérieur.  Posezensuite la barquette à demi-ouverte directement au micro-ondes pendant 1,30 mn. (pour une puissance de 750W). A la vapeur : Déposez les raviolis dans un panier vapeur préalablement huilé. Réchauffez 8 mn. au dessus d'une casserole d'eau bouillante. || Ha cao : crevettes 33% (crevettes, sel).eau, amidon de blé. amidon transformé de manioc, blanc d'oeuft (acidiant : acide citrique), crabe 2,6%, huile de tournesol amidon de riz, sel, châtaigne d'eau, pousses de bambou, Jibre de bambou, sucre, arôme (crustacés, épaississant : somme xanthane). huile de sésame, huile de àhomi, Sauce Aigre Douce (20g), eau, sucre, vinaigre d'alcool, purée d'ananas, poivron. amidon transformé de pomme de terre, sel. huile de colza, sauce soja (grains de soja, sel. eau. farine de blé), anti-oxydant : acide citrique, curry (coriandre. Jénugrec. curcuma. fenouil, pimenta, céleri), conservateur: àorbatede potassium, gingembre. AfabiliaantA :farine de graines de guar, gomme xanthane. Sauce Soja (20g) : eau.sauce soja(grains de soja. sel farine de blé), sucre, concentré de citron. stabilisants : gomme de   de guar. gomme de xanthane. conservateur : sorbate de potassium. || Valeur énergétique en Joules :  192Kj || Valeur énergétique en Kcal : 805Kcal || Glucides : 26,7g || Lipides : 7,2g || Protides :5g || A conserver entre 0°C et +4°c || 
16,46€ / Kg || ##
Raviolis vapeur aux crevettes et au crabe || La barquette de 240g || Origine : FRANCE || Légèreté, saveur et équilibre sont 3 grandes qualités de la cuisine asiatique. La cuisson à la vapeur, née en Chine, en est l'exemple parfait.       Les Ha Cao sont de petites bouchées cuites à l'étuvée, garnies de chair de crabe, de crevettes, de pousses de bambou. De succulents raviolis à craquer en une bouchée... || Au four micro-ondes o : Retirez le film de moitié et ôtez les 2 dosettes de sauce placées à l'intérieur.  Posezensuite la barquette à demi-ouverte directement au micro-ondes pendant 1,30 mn. (pour une puissance de 750W). A la vapeur : Déposez les raviolis dans un panier vapeur préalablement huilé. Réchauffez 8 mn. au dessus d'une casserole d'eau bouillante. || Ha cao : crevettes 33% (crevettes, sel).eau, amidon de blé. amidon transformé de manioc, blanc d'oeuft (acidiant : acide citrique), crabe 2,6%, huile de tournesol amidon de riz, sel, châtaigne d'eau, pousses de bambou, Jibre de bambou, sucre, arôme (crustacés, épaississant : somme xanthane). huile de sésame, huile de àhomi, Sauce Aigre Douce (20g), eau, sucre, vinaigre d'alcool, purée d'ananas, poivron. amidon transformé de pomme de terre, sel. huile de colza, sauce soja (grains de soja, sel. eau. farine de blé), anti-oxydant : acide citrique, curry (coriandre. Jénugrec. curcuma. fenouil, pimenta, céleri), conservateur: àorbatede potassium, gingembre. AfabiliaantA :farine de graines de guar, gomme xanthane. Sauce Soja (20g) : eau.sauce soja(grains de soja. sel farine de blé), sucre, concentré de citron. stabilisants : gomme de   de guar. gomme de xanthane. conservateur : sorbate de potassium. || Valeur énergétique en Joules :  192Kj || Valeur énergétique en Kcal : 805Kcal || Glucides : 26,7g || Lipides : 7,2g || Protides :5g || A conserver entre 0°C et +4°c || 
21,96€ / Kg || 
5,27 € || 
Galettes de soja, à la tomate et herbes de Provence || Les 2 palets, 200g || Origine : FRANCE || Monoprix a sélectionné pour vous, avec des entreprises partenaires, des produits issus de l'agriculture biologique. Leurs modes de production et de transformation sont contrôlés et certifiés par un organisme indépendant, conformément à la règlementation en vigueur. Les producteurs emploient des fertilisants respectueux de l'environnement et pratiquent la rotation des cultures afin de garder des sols vivants et une fertilité durable. || A la poêle : réchauffez vos palets de soja directement à la poêle, 3 minutes de chaque côté, sans ajout de matière grasse. Vous pouvez également les préparer à l'étouffée accompagnés d'une jardinière de petits légumes. || Tofu* frais 71% (eau, soja* dépelliculé 17%, gélifiants : sulfate de calcium, nigari), concentré de tomate* 6.6%, oignons* 5.7%, flocons d'avoine*, huile de palme*, sauce de soja* 2.1% (eau, soja entier*, blé complet*, sel, ferment : aspergilus oryzae), basilic* 1.9%, farine de blé*, persil* 0.9%, ail*, sel, épices* et aromates* 0.3% (poivre*, basilic*, thym*, origan*, sauce*, paprika*), extrait de levure, épaississant : gomme de guar. *ingrédients issus de l'agriculture biologique. || Valeur énergétique en Joules :  704Kj || Valeur énergétique en Kcal : 168KCal || Glucides : 3,7g || Lipides : 11,4g || Protides :12,9g || A conserver entre 0 et +4°C. || 
15,90€ / Kg || 
3,18 € || 
Galettes de soja, à la tomate et herbes de Provence || Les 2 palets, 200g || Origine : FRANCE || Monoprix a sélectionné pour vous, avec des entreprises partenaires, des produits issus de l'agriculture biologique. Leurs modes de production et de transformation sont contrôlés et certifiés par un organisme indépendant, conformément à la règlementation en vigueur. Les producteurs emploient des fertilisants respectueux de l'environnement et pratiquent la rotation des cultures afin de garder des sols vivants et une fertilité durable. || A la poêle : réchauffez vos palets de soja directement à la poêle, 3 minutes de chaque côté, sans ajout de matière grasse. Vous pouvez également les préparer à l'étouffée accompagnés d'une jardinière de petits légumes. || Tofu* frais 71% (eau, soja* dépelliculé 17%, gélifiants : sulfate de calcium, nigari), concentré de tomate* 6.6%, oignons* 5.7%, flocons d'avoine*, huile de palme*, sauce de soja* 2.1% (eau, soja entier*, blé complet*, sel, ferment : aspergilus oryzae), basilic* 1.9%, farine de blé*, persil* 0.9%, ail*, sel, épices* et aromates* 0.3% (poivre*, basilic*, thym*, origan*, sauce*, paprika*), extrait de levure, épaississant : gomme de guar. *ingrédients issus de l'agriculture biologique. || Valeur énergétique en Joules :  704Kj || Valeur énergétique en Kcal : 168KCal || Glucides : 3,7g || Lipides : 11,4g || Protides :12,9g || A conserver entre 0 et +4°C. || 
15,90€ / Kg || 
3,18 € || 
Palets soja, olives vertes et noires, 100% végétal || Les 2 palets de 100g || Origine : FRANCE || Monoprix a sélectionné pour vous, avec des entreprises partenaires, des produits issus de l'agriculture biologique. Leurs modes de production et de transformation sont contrôlés et certifiés par un organisme indépendant, conformément à la règlementation en vigueur. Les producteurs emploient des fertilisants respectueux de l'environnement et pratiquent la rotation des cultures afin de garder des sols vivants et une fertilité durable. || A la poêle : réchauffez vos palets de soja directement à la poêle, 3 minutes de chaque côté, sans ajout de matière grasse. Vous pouvez également les préparer à l'étouffée accompagnés d'une jardinière de petits légumes. || Tofu* frais 79% (eau, soja* dépelliculé 20%, gélifiants : sulfate de calcium, nigari), olives* vertes saumurées 4.4% (olives vertes*, eau, sel, vinaigre de cidre*), olives* noires salées 1.8%, sauce de soja* 4.8% (eau, soja* entier, blé complet*, sel, ferment : aspergilus oryzae), flocons d'avoine*, huile de palme*, épices* et aromates* 0.5% (basilic*, thym*, sariette*, romarin*, poivre*, origan*, sauce*, paprika*). *ingrédients issus de l'agriculture biologique. || Valeur énergétique en Joules :  774Kj || Valeur énergétique en Kcal : 185KCal || Glucides : 1,9g || Lipides : 13,8g || Protides :13,6g || A conserver entre 0 et +4°C. || 
15,90€ / Kg || 
3,18 € || 
Palets soja, olives vertes et noires, 100% végétal || Les 2 palets de 100g || Origine : FRANCE || Monoprix a sélectionné pour vous, avec des entreprises partenaires, des produits issus de l'agriculture biologique. Leurs modes de production et de transformation sont contrôlés et certifiés par un organisme indépendant, conformément à la règlementation en vigueur. Les producteurs emploient des fertilisants respectueux de l'environnement et pratiquent la rotation des cultures afin de garder des sols vivants et une fertilité durable. || A la poêle : réchauffez vos palets de soja directement à la poêle, 3 minutes de chaque côté, sans ajout de matière grasse. Vous pouvez également les préparer à l'étouffée accompagnés d'une jardinière de petits légumes. || Tofu* frais 79% (eau, soja* dépelliculé 20%, gélifiants : sulfate de calcium, nigari), olives* vertes saumurées 4.4% (olives vertes*, eau, sel, vinaigre de cidre*), olives* noires salées 1.8%, sauce de soja* 4.8% (eau, soja* entier, blé complet*, sel, ferment : aspergilus oryzae), flocons d'avoine*, huile de palme*, épices* et aromates* 0.5% (basilic*, thym*, sariette*, romarin*, poivre*, origan*, sauce*, paprika*). *ingrédients issus de l'agriculture biologique. || Valeur énergétique en Joules :  774Kj || Valeur énergétique en Kcal : 185KCal || Glucides : 1,9g || Lipides : 13,8g || Protides :13,6g || A conserver entre 0 et +4°C. || 
15,90€ / Kg || 
3,18 € || 
Tofu, herbes aromatiques, prêt à cuisiner || Les 2 tranches, 250g || Origine : FRANCE || Monoprix a sélectionné pour vous, avec des entreprises partenaires, des produits issus de l'agriculture biologique. Leurs modes de production et de transformation sont contrôlés et certifiés par un organisme indépendant, conformément à la règlementation en vigueur. Les producteurs emploient des fertilisants respectueux de l'environnement et pratiquent la rotation des cultures afin de garder des sols vivants et une fertilité durable. || A consommer froid, coupé en cubes dans une salade ou une entrée froide. Peut également être consommé chaud, doré à la poêle, avec des légumes ou bien en farce, en remplacement de légumes ou de viande. || Tofu frais* 93% (eau, soja* dépelliculé 23%, gélifiant : nigari), tamari* (eau, soja entier*, sel marin, ferment : aspergilus oryzae), sel marin non raffiné, herbes aromatiques* 1.9% (basilic*, ciboulette*, persil*). *ingrédients issus de l'agriculture biologique. || Valeur énergétique en Joules :  537Kj || Valeur énergétique en Kcal : 128KCal || Glucides : 0,4g || Lipides : 8,4g || Protides :12,9g || A conserver entre 0 et +4°C. Après ouverture, immerger le tofu dans l'eau au réfrigérateur et le consommer rapidement. || 
12,92€ / Kg || 
3,23 € || 
Tofu, herbes aromatiques, prêt à cuisiner || Les 2 tranches, 250g || Origine : FRANCE || Monoprix a sélectionné pour vous, avec des entreprises partenaires, des produits issus de l'agriculture biologique. Leurs modes de production et de transformation sont contrôlés et certifiés par un organisme indépendant, conformément à la règlementation en vigueur. Les producteurs emploient des fertilisants respectueux de l'environnement et pratiquent la rotation des cultures afin de garder des sols vivants et une fertilité durable. || A consommer froid, coupé en cubes dans une salade ou une entrée froide. Peut également être consommé chaud, doré à la poêle, avec des légumes ou bien en farce, en remplacement de légumes ou de viande. || Tofu frais* 93% (eau, soja* dépelliculé 23%, gélifiant : nigari), tamari* (eau, soja entier*, sel marin, ferment : aspergilus oryzae), sel marin non raffiné, herbes aromatiques* 1.9% (basilic*, ciboulette*, persil*). *ingrédients issus de l'agriculture biologique. || Valeur énergétique en Joules :  537Kj || Valeur énergétique en Kcal : 128KCal || Glucides : 0,4g || Lipides : 8,4g || Protides :12,9g || A conserver entre 0 et +4°C. Après ouverture, immerger le tofu dans l'eau au réfrigérateur et le consommer rapidement. || 
12,92€ / Kg || 
3,23 € || 
Couscous aux falafels végétarien || La barquette de 300g || Origine : FRANCE || PROVISOIRE :  Semoule de couscous rÍhydratÍe 28% (eau, semoule de blÍ dur), eau, lÍgumes couscous 20% (carottes, courgettes, navets, cÍleri, pois chiche, poivrons rouges, poivrons verts), falafels 20%, huile de colza, raisins blonds rÍhydratÍs (raisin, huile de colza, eau), concentrÍ de tomates, oignons, sel, amidon transformÍ de riz, ail, ar«mes naturels (cÍleri, fenouil (lait), coriandre), cumin, thym,  harissa (piment extra fort, piment doux, curcuma, ail, sel), ar«me naturel, piment. || Valeur énergétique en Joules :  515 || Valeur énergétique en Kcal : 123 || Glucides : 19.2 || Lipides : 4 || Protides :4 || 
13,70€ / Kg || 
4,11 € || 
Gratin légumes du soleil et boulgour végétarien || La barquette de 300g || Origine : FRANCE || Tomates 21%, boulgour cuit 19% (eau, blÍ dur, curcuma), courgettes 10%, aubergines 10% (aubergines, huile de tournesol), prÍparation Å base de tomates 10% (tomate, huile de tournesol, sucre, amidon modifiÍ de pomme de terre, oignons, sel, ail), poivrons jaunes 6.1%, pois chiche, emmental, oignons, mozzarella, concentrÍ de tomates, huile d'olive vierge extra, huile de colza, beurre, sel, ail, graines de tournesol, jaune d'oeuf, thym, poivre, caramel. || Valeur énergétique en Joules :  511 || Valeur énergétique en Kcal : 123 || Glucides : 10.6 || Lipides : 7.5 || Protides :4.4 || 
13,70€ / Kg || 
4,11 € || 
Petites St-Jacques, avec torsades et jus de citron léger || La barquette de 300g || Origine : FRANCE || Au four micro-ondes : percez le film de quelques trous puis placez la barquette dans votre four à micro-ondes et laissez réchauffer 2min à 750 Watts. (ajustez le temps de réchauffage suivants la puissance de votre four). Ne pas placer la barquette dans un four traditionnel. || 135g de légumes et jus au citron cuisinés avec de l'eau, des légumes 31% (carottes, poireaux et céleri), de la crème fraîche, du jus de citron (4%), de l'amidon transformé de riz, de la ciboulette, de la citronnelle, du gingembre, du vin blanc, du sel, de l'huile de colza, du thym, du poivre, du curcuma et de l'épaississant : gomme de xanthane. 100g de torsades. Torsades 93% (eau, semoule de blé dur, blanc d'oeuf, curcuma) assaisonnées avec de l'huile de colza, du sel et de l'épaississant : gomme de xanthane. 65g de noix de Saint Jacques. % exprimés sur le poids de chaque préparation. || Valeur énergétique en Joules :  381Kj || Valeur énergétique en Kcal : 90Kcal || Glucides : 11,8g || Lipides : 1,9g || Protides :6,5g || A conserver entre 0°C et + 4°C. || 
14,83€ / Kg || 
4,45 € || 
Risotto aux petites St-Jacques et asperges || La barquette de 280g || Origine : FRANCE || Nos chefs cuisiniers et notre nutritionniste vous proposent de découvrir une nouvelle recette cuisinée autrement, pour associer plaisir et légèreté.Un fruit de mer naturellement pauvre en matières grasses : la St-Jacques, des féculents et des légumespour contribuer à vos apports quotidiens en énergie et en fibres, une pointe de parmesan pour plus de saveurs et de légèreté. || 1 personne. Au four micro-ondes : percez le film de quelques trous puis placez la barquette dans votre four à micro-ondes et laissez réchauffer 2min. à 750 watts. (Ajustez le temps de réchauffage suivant la puissance de votre four). Ne pas placer labarquette dans un four traditionnel. || 52g de Saint-Jacques. 90g de riz  cuit et assaisonné avec du sel et de l'huile de colza. 138g d'asperges cuisinées avec de l'eau, des asperges (23%), des oignons frits*, de la crème fraîche, du fond de volaille (eau, os de poulet, sel), du parmesan,du vin blanc, de l'amidon transformé de riz, de la fibre de chicorée, du jus de citron, du sel et du poivre. *Les oignons sont frits avec de l'huile d'olive et du sel. Informations destinées aux personnes allergiques : cette recette contient des produits laitiers et des mollusques. Sans conservateur, sans arôme ni colorant artificiels. || Valeur énergétique en Joules :  433kj || Valeur énergétique en Kcal : 103kcal || Glucides : 14g || Lipides : 2,6g || Protides :5,5g || A conserver au frais entre 0°C et +4°C. Ce produit peut être congelé avant la date limite de consommation et conservé à -18°C pendant 2 mois au plus. Après décongélation au réfrigérateur, consommer rapidement et ne pas recongeler. || 
16,93€ / Kg || 
4,74 € || 
Risotto poireaux, champignons et parmesan || La barquette de 300g || Origine : FRANCE || Riz cuit 22% (eau, riz), eau, crÈme lÍgÈre, champignons 7.9% (champignons de Paris, sel), poireaux 7.2%, lentilles blondes, parmesan 4%, oignons frits (oignons, huile d'olive, sel), ciboule, vin blanc, bouillon de lÍgumes (eau, sel, huile de colza, carotte, oignon, cÍleri, thym, laurier, badiane), beurre, huile de colza, amidon transformÍ de riz, farine de blÍ, sel, gingembre, coriandre, poivre. || Valeur énergétique en Joules :  499 || Valeur énergétique en Kcal : 119 || Glucides : 13.8 || Lipides : 5.7 || Protides :4 || 
13,70€ / Kg || 
4,11 € || 
Konjac à la bolognaise || La boite de 300g || Origine : FRANCE || Une exclusivité mondiale : un plat préparé avec un féculent non féculent : une bolognaise avec des shirataki de Konjac. Ce qui permet à ce plat d'être consommé dès la phase d'attaque. Une révolution alimentaire pour les amateurs de cuisine italienne,des shirataki de Konjac qui apportent seulement 19 kcal pour 100g. Une mention magique : à volonté. || 1 personne. A volonté dès la phase d'attaque. Au micro-ondes : soulevez le coin de l'opercule côté Konjac, videz l'eau*** du compartiment puis percez l'opercule côté bolognaise. Réchauffez 2 à 3 minutes selon la puissance du micro-ondes (de 750 à 900watts) et laissez-la refroidir quelques secondes. Mélangez les Konjac et la bolognaise avant de déguster. Au bain-marie : portez une grande casserole d'eau à ébullition, hors du feu, plongez la barquette dans l'eau et laissez-la réchauffer pendant 15 minutes. Sortir la barquette de l'eau, soulevez le coin de l'opercule côté Konjac et videz l'eau*** du compartiment. Mélangez les Konjac et la bolognaise avant de déguster. Ne pas mettre la barquette au four traditionnel. ***L'eau présente dans leKonjac permet sa conservation. || Sauce bolognaise 60% : eau, boeuf haché 16% (viande de boeuf), oignon 4%, échalotes, concentré de tomates 3%, jus de veau lié (fécule de pomme de terre, sel, extraits de levure, légumes déshydratés (oignon, tomate), graisse de poulet, arômes, sucre,oignon, farine de blé, viande de veau déshydratée, ail, extrait de vin blanc, antioxydant : extrait de romarin, extrait de poivre et de laurier), ail, coriandre, persil 0,5%, sauce piment (vinaigre, piment rouge, sel), sel, amidon de maïs 0,1%. Konjac 40% : eau, poudre de Konjac, sel. Allergènes : contient du blé. Peut contenir des traces de lait, oeuf, poisson, crustacé, mollusque, soja, céleri, moutarde, sulfites, fruits à coque, sésame. || Valeur énergétique en Joules :  216kj || Valeur énergétique en Kcal : 51kcal || Glucides : 6,4g || Lipides : 0,6g || Protides :6,7g || Ce produit doit être conservé au réfrigérateur entre 0 et +4°C. || 
22,43€ / Kg || 
6,73 € || 
Konjac façon risotto, aux champignons || La barquette de 300g || Origine : FRANCE || Non aux féculents inutiles ! Glucides à l'état pur, riches en calories, les féculents sont largement impliqués dans la prise de poids. Oui au Konjac ! Remplace vos pâtes, les calories en moins, 10 kcal au 100 g. Non à l'excès de matières grasses ! Pour sa richesse en calories et sa transformation facile en graisse corporelle. || Percez l'opercule de la barquette. Réchauffez-la 2 minutes à puissance maximale et laissez-la refroidir quelques secondes avant d'ouvrir l'opercule. Au bain-marie : laissez chauffer la barquette sans l'ouvrir dans une grande casserole d'eau à ébullition pendant 15 minutes. Ne pas mettre la barquette au four traditionnel. || Perles de konjac 30% (eau, poudre de konjac), champignons de Paris 19% (dont sel, acidifiant : acide citrique, antioxydant : acide ascorbique), mélange de champignons 13% (bolet jaune, pleurote, shiitaké, pholiote), oignon, lait écrémé en poudre, tofu (eau, soja dépelliculé, nigari), échalote, ail, amidon de maïs, arômes, persil, sel minéral, sel de potassium, arôme naturel, épaississants : gomme de guar, et gomme de xanthane, poivre. Allergènes : lait, soja. Peut contenir des traces de gluten,oeuf, poisson, crustacé, mollusque, céleri, moutarde, fruits à coque, sésame, arachide. || Valeur énergétique en Joules :  223kj || Valeur énergétique en Kcal : 53kcal || Glucides : 6,9g || Lipides : 0,7g || Protides :3,3g || A conserver entre 0°C et +4°C. || 
21,09€ / Kg || 
6,75 € || 
Médaillons de poulet forestier aux courgettes et champignons || Le Paquet de 300g || Origine : FRANCE || Du poulet aux courgettes fondantes dans sa ribambelle de champignons. Pour la première fois au monde un plat prêt à consommer, totalement adapté aux préconisations du Régime Dukan.Une proportion inédite de protéines dans un environnement de légumes gourmands. || 1 personne. A micro-ondes : percez l'opercule de la barquette de quelques trous. Réchauffez 2 à 3 minutes selon la puissance du micro-ondes (de 750 à 900 watts) et laissez-la refroidir quelques secondes avant d'ouvrir l'opercule. Au bain-marie : portez une grande casserole d'eau à ébullition. Hors du feu, plongez la barquette dans l'eau et laissez la réchauffer pendant 15 minutes. Ne pas mettre la barquette au four traditionnel. || Médaillons de poulet forestier 33% : cuisse/haut de cuisse de poulet, protéines de blé réhydratées, amidon de maïs 0,3%, plantes aromatiques, arômes : arômes de transformation, préparations aromatisantes, substances aromatisantes identiques au naturel (gluten), champignon, colorant : caramel E150c, sel, échalote, persil déshydraté, arôme naturel champignon. Sauce 33% : eau, tofu 10% (eau, soja dépelliculé, nigari), fond de volaille (sel, farine de blé, arômes, graisse de poulet 0,1%, fécule de pomme de terre 0,1%, poulet déshydraté, oignon, poireau, ail, extrait de poivre, antioxydant : extrait de romarin), échalotes, oignons, ail, amidon de maïs 0,5%, moutarde (eau, graines de moutarde, vinaigre d'alcool, sel, antioxydant E224, acidifiantsE330), arôme champignon. Courgettes 17%. Champignons cuisinés 17% : champignons 9% (bolets jaunes, pleurotes, shiitake, pholiote), champignons de Paris 8% (champignons de Paris, eau, sel, acidifiants : E300, E330). Contient blé, soja, moutarde. Peutcontenir des traces de lait, oeuf, poisson, crustacé, mollusque, céleri, sulfites, fruits à coque, sésame. || Valeur énergétique en Joules :  341kj || Valeur énergétique en Kcal : 82kcal || Glucides : 5,1g || Lipides : 3,7g || Protides :8,2g || Ce produit doit être conservé au réfrigérateur entre 0°C et +4°C. || 
21,30€ / Kg || 
6,39 € || 
Tajine de boulettes de boeuf à l'orientale || La boîte de 340g || Origine : FRANCE || Un tajine à volonté et provoquant par sa richesse en saveur. Ses boulettes de boeuf onctueuses et fondantes, si éloignées des problèmes de poids. || Au micro-ondes : percez l'opercule de la barquette de quelques trous. Réchauffez 2 à 3 minutes selon la puissance du micro-ondes (de 750 à 900 watts) et laissez la refroidir quelques secondes avant d'ouvrir l'opercule. Au bain marie : portez une grande casserole d'eau à ébullition. Hors du feu, plongez la barquette dans l'eau et laissez la réchauffer pendant 15 minutes. Ne pas mettre la barquette au four traditionnel. || Légumes 41,2% : courgettes 17%, navets 9%, poivrons rouges 7,6%, carottes 7,6%. Boulettes de boeufs 32,3% : viande de boeuf, protéines de soja texturées réhydratées, blanc d'oeuf, chapelure de blé, oignons, fécule de pomme de terre, fibre de pois, sel, échalotes, épices, arôme boeuf (arôme, sel, antiagglomérant : E551). Jus 26,5% : eau, fond de volaille (sel, farine de blé, arômes, graisse de poulet, fécule de pomme de terre, poulet déshydraté, oignon, poireau, ail, extrait de poivre, antioxydant : extrait de romarin), coulis de tomate, mélange d'épices et de plantes aromatiques (cumin, ail, poivre, gingembre, moutarde, cannelle, muscade, piment fort, paprika, girofle, curcuma, coriandre, safran), concentré de citron, amidon de maïs. Contient blé, oeuf, soja et moutarde. Peut contenir des traces de lait, poisson, crustacé, mollusque, céleri, sulfites, fruits à coque, sésame, arachide. || Valeur énergétique en Joules :  312kj || Valeur énergétique en Kcal : 74kcal || Glucides : 6,6g || Lipides : 2,4g || Protides :6,5g || Ce produit doit être conservé au réfrigérateur entre 1°C et +4°C. || 
20,84€ / Kg || 
6,46 € || 
Steak de soja tomate mozzarella || La barquette de 2, 200g || Origine : FRANCE || 
18,55€ / Kg || 
3,71 € || 
Steaks de soja à l'indienne || Les 2 steaks, 200g || Origine : FRANCE || Délicatement parfumés au curry, les steaks de soja à l'Indienne de Sojasun sont un coeur de repas riche en protéines et sans cholestérol. Assaisonnés de leur sauce et accompagnés d'une salade ou de légumes cuits ou crus, ils font un plat complet et équilibré. || Prêt en 5 minutes. Faire dorer vos steaks Sojasun 2 minutes de chaque côté dans une poêle anti-adhésive bien chaude, sans ajout de matière grasse.  Poêle. || Steak : jus de soja (eau, graines), protéines de soja, concentré de tomates, oignons, huile de tournesol, sucre, curry, sel, fibres de blé, gélifiant : méthylcellulose, moutarde. Sauce : eau, huile de colza, moutarde, vinaigre, sucre, épaississants :amidon modifié de pomme de terre, gomme xanthane, curry, sel, céleri. Les steaks Sojasun et leur sauce sont garantis sans gluten. Sans cholestérol. Sojasun n'utilise pas de soja génétiquement modifié. || Valeur énergétique en Joules :  558 || Valeur énergétique en Kcal : 133 || Glucides : 6,5g || Lipides : 4,5g || Protides :16,5g || A conserver à +2°C/+6°C. || 
16,85€ / Kg || 
3,37 € || 
Steaks de soja à la tomate et au basilic || Les 2 steaks, 200g || Origine : FRANCE || Recette aux saveurs estivales, les steaks de soja Tomate Basilic de Sojasun sont un coeur de repas riche en protéines et pauvre en graisses saturées.Assaisonnés de leur sauce et accompagnés d'une salade ou de légumes cuits ou crus, ils font un plat complet et équilibré. || Faire dorer vos steaks Sojasun 2 à 3 minutes de chaque côté dans une poêle anti-adhésive bien chaude, sans ajout de matière grasse. || Steak : eau, tomates 26%, protéines de soja 21%, jus de soja 13% (eau, graines), huile de tournesol, oignons, basilic 5%, sel, fibres de blé*, sucre, gélifiant : méthylcellulose. Sauce : eau, coulis de tomates (30%), huile de colza, huile d'olive (8%), basilic (3%), épaississants : amidon modifié de pomme de terre et gomme xanthane, sel, dextrose, jus concentré de citron, poivre, ail, acide citrique. *Les steaks Sojasun et leur sauce sont garantis sans gluten. || Valeur énergétique en Joules :  554Kj || Valeur énergétique en Kcal : 132Kcal || Glucides : 3,5g || Lipides : 6g || Protides :16g || A conserver à +2°C/+6°C. Conditionné sous atmosphère protectrice. || 
17,15€ / Kg || 
3,43 € || 
Steaks de soja aux fines herbes || Les 2 steaks, 200g || Origine : FRANCE || Cboulette, persil et estragon parfument délicatement les steaks de soja aux fines herbes de Sojasun pour un coeur de repas riche en protéines et sans cholestérol. Assaisonnés de leur sauce et accompagnés d'une salade ou de légumes cuits ou crus, ilsfont un plat complet et équilibré. || Faire dorer vos steaks Sojasun 2 minutes de chaque côté dans une poêle anti-adhésive bien chaude, sans ajout de matière grasse. || Steak : Jus de soja (eau, graines), protéines de soja, oignons, fines herbes 5% (ciboulette, persil,''estragon), huile de tournesol,concentré de tomates, fibres de blé, sel, sucre, jus concentré de citron, gélifiant : méthylcellulose, jus concentré d'oignons.Sauce : Eau, huile de colza, fines herbes 3.5% (persil, ciboulette), moutarde, vinaigre, épaississants : amidon modifié de pomme de terre et gomme xanthane, sel, sucre, jus concentré de citron. || Valeur énergétique en Joules :  586Kj || Valeur énergétique en Kcal : 140Kcal || Glucides : 4,4g || Lipides : 7,1g || Protides :17g || A conserver à +2°C/ +6°C || 
16,85€ / Kg || 
3,37 € || 
Steaks de soja aux petits légumes || Les 2 steaks, 200g || Origine : FRANCE || Carottes, haricots verts et maïs apportent douceur et croquant aux steaks de soja aux petits légumes de Sojasun pour un coeur de repas riche en protéines et pauvre en graisses saturées.Assaisonnés de leur sauce et accompagnés d'une salade ou de légumes cuits ou crus, ils font un plat complet et équilibré. || Faire dorer vos steaks Sojasun 2 à 3 minutes de chaque côté dans une poêle anti-adhésive bien chaude, sans ajout de matière grasse. || Steak : eau, petits légumes 21% (carottes, haricots verts, maïs), jus de soja 21% (eau, graines), protéines de soja 19%, huile de tournesol, concentré de tomates, jus concentré de légumes (carotte, poireau), sel, fibres de blé*, sucre, gélifiant : méthylcellulose, aneth. Sauce : eau, huile de colza, fines herbes 3.5% (persil, ciboulette), moutarde, vinaigre, épaississants : amidon modifié de pomme de terre et gomme xanthane, sel, sucre, jus concentré de citron. *Les steaks Sojasun et leur saucesont garantis sans gluten. Sojasun n'utilise pas de soja génétiquement modifié. || Valeur énergétique en Joules :  554Kj || Valeur énergétique en Kcal : 132Kc || Glucides : 4.7g || Lipides : 5g || Protides :17g || A conserver à +2°C/+6°C. Conditionné sous atmosphère protectrice. || 
16,55€ / Kg || 
3,31 € || 
Blanquette de poulet, petits legumes et riz creole c || La barquette de 300g || Origine : FRANCE || Une blanquette cuisinée avec : petites pièces de poulet, viande maigre, riz aux petits légumes, sauce aux champignons à base de crème fraîche légère à 15% de mat gr pour un repas savoureux. || Pour 1 personne. 15 minutes au bain-marie : Laissez chauffer la barquette sans l'ouvrir dans une casserole d'eau frémissante pendant 15 minutes. 2 min 30 au micro-ondes : Percez le film supérieur de la barquette de quelques trous sans l'ouvrir. Faites chauffer 2 min 30 au four à micro-ondes à 750 watts. Ne pas mettre la barquette au four traditionnel. || Riz blanc cuit 25.5%, viande de poulet cuite18% (filet de poulet, dextrose, stabilisants : E 450 et E 451, ar«me, poivre), courgettes 11.5%, carottes 11.5%, crÈme fraÓche lÍgÈre, eau, fromage blanc, champignons 4%, petit pois, sel, Ípaississants : E1422 et gomme Xanthane, ar«mes, poivre. Contient : lait, blÍ. || Valeur énergétique en Joules :  366kj || Valeur énergétique en Kcal : 87kcal || Glucides : 9,3g || Lipides : 2,5g || Protides :6,2g || Ce produit doit être conservé entre 0°C et 4°C. || 
18,00€ / Kg || 
5,40 € || 
Cannelloni à la ricotta et épinards || La barquette de 290g || Origine : FRANCE || Des cannelloni cuisinés avec une sauce à base de crème fraîche légère à 15% de matière grasse et accompagnés d'une délicieuse sauce tomate pour un vrai moment de plaisir. || 1 personne. Micro-ondes : percez le film de la barquette de quelques trous sans l'ouvrir. Faites chauffer 2 min 30 au four à micro-ondes à 750 Watts. Bain-marie : laissez chauffer la barquette sans l'ouvrir dans une casserole d'eau frémissante pendant 15 minutes. Ne pas mettre la barquette au four traditionnel. || Cannelloni ricotta épinards 31% (pâte 37% (semoule de blé dur, eau, oeufs frais), Farce 63% (ricotta 66%*, épinards 22%*, chapelure de blé, grana padano, sel)), tomates 24,5% (tomates pelées et jus de tomates, acidifiant : acide citrique), eau, poivrons, courgettes, crème fraîche légère, échalotes, concentré de tomates, carottes, épinards 1,5%, lait écrémé en poudre, sucre, amidon transformé, sel, pulpe d'ail, basilic, arôme naturel (dont céleri), épaississant : farine de graines de caroube et gomme xanthane, glucose. Fabriqué dans un atelier qui utilise : poisson, crustacés, mollusques, soja, moutarde. *pourcentages exprimés sur la farce du cannelloni. || Valeur énergétique en Joules :  329Kj || Valeur énergétique en Kcal : 78Kcal || Glucides : 9,6g || Lipides : 2,6g || Protides :3,5g || A conserver au réfrigérateur entre 0°C et +4°C. || 
19,14€ / Kg || 
5,55 € || 
Couscous oriental, légumes cuisinés et poulet émincé || La barquette de 300g || Origine : FRANCE || Les produits Weight Wathers ont été spécialement conçus pour vous aider à faire de meilleurs choix alimentaires.Vous gardez le plaisir de manger des produits savoureux, variés et gourmands, de l'entré au dessert, quel que soit votre style de vie. || Micro-ondes: percez le film de la barquette de quelques trous sans l'ouvrir. Faites chauffer 2mn30 au four à micro-ondes à 750 Watts. Bain-marie: laissez chauffer la barquette sans l'ouvrir dans une casserole d'eau frémissante pendant 15min. Ne pas mettre la barquette au four traditionnel. || Semoule de couscous précuite 26% (eau, semoule de blé dur), légumes en proportion variable 23% (carottes, courgettes, navets, pois chiches, oignons, poivrons, céleri), viande de poulet traitée en salaison et cuite 21,5% (filet de poulet 78%, eau, sel, dextrose, stabilisants: E450 et E451, poivre), eau, tomate 4,5% (tomates pelées et jus de tomates, acidifiant: acide citrique), concentré de tomates, épices, beurre, huile végétale, arômes naturels (dont oeuf), poivron déshydraté, sucre, sel, amidon transformé, épaississant: gomme xanthane. Fabriqué dans un atelier qui utilise: poisson, crustacés, mollusques, soja, moutarde. || Valeur énergétique en Joules :  436kj || Valeur énergétique en Kcal : 103kcal || Glucides : 14g || Lipides : 1,8g || Protides :7,7g || Ce produit doit être conservé entre 0°C et 4°C. || 
15,63€ / Kg || 
4,69 € || 
Crevettes, crème citron basilic et penne aux légumes || La barquette de 290g || Origine : FRANCE || Des produits savoureux au quotidien. Les produits Weight Watchers ont été spécialement conçus pour vous aider à faire de meilleurs choix alimentaires.Vous gardez le plaisir de manger des produits savoureux, variés et gourmands, de l'entrée au dessert, quel que soit votre style de vie. || Plat pour 1 personne. Micro-ondes : percez le film de la barquette de quelques trous sans l'ouvrir. Faites chauffer 2min30 à 750 Watts.  Bain-marie : Laissez chauffer la barquette sans l'ouvrir dans une casserole d'eau frémissante pendant 15min. || Carottes 22,5%, pâtes précuites (mini mezze penne), 20,5% (semoule de blé dur, eau), crevettes 17% (antioxygène: E331, sulfites), eau, fèves 5,5%, crème fraîche 5,5%, tomates, courgettes 3,5%, échalotes, basilic 0,8%, vinaigre de Xérès, huile d'olive, miel de fleurs, zestes de citron 0,5%, ail, sel, jus de citron 0,4%, arômes naturels (dont oeuf, céleri), amidon transformé, pulpe d'ail, épices, épaississant: gomme xanthane. Fabriqué dans un atelier qui utilise: poisson, mollusques, soja, moutarde. || Ce produit doit être conservé entre 0°C et +4°C. || 
17,41€ / Kg || 
5,05 € || 
Duo de carottes , poivrons & petits pois, riz au basilic, compotée de tomates || La boîte de 280g || Origine : FRANCE || Les produits Weight Watchers ont été conçus pour vous aider à faire de meilleurs choix alimentaires. Vous gardez le plaisir de manger des produits savoureux, variés et gourmands. || Micro-ondes : percez le film de la barquette de quelques trous sans l'ouvrir. Faites chauffer 2min30 au four micro-ondes à 750W. Bain-marie : laissez chauffer la barquette sans l'ouvrir dans une casserole d'eau frémissante pendant 15min. Ne pas mettre la barquette au four traditionnel. || Carottes 25,5%, carottes jaunes 21,5%, poivrons rouges 10%, riz basmati cuit, petits pois, tomates (tomates pelées et jus de tomates), concentré de tomates, oignons, huile d'olive, tomates, poivrons, farine de blé, épice et aromates, sel, huile de tournesol, extraits d'aromates, extrait de vin blanc, sucre, échalotes, basilic, eau, amidon transformé, poivre. Fabriqué dans un atelier qui utilise : poisson, crustacés, mollusques, soja, oeuf, lait, moutarde, céleri. || Valeur énergétique en Joules :  270kj || Valeur énergétique en Kcal : 64kcal || Glucides : 8g || Lipides : 2,1g || Protides :1,9g || A conserver au réfrigérateur entre 0 et 4°C. Conditionné sous atmosphère protectrice. || 
17,00€ / Kg || 
4,76 € || 
Gratin de courgettes, tomates, pommes de terre et jambon || La barquette de 290g || Origine : FRANCE || Valeur énergétique en Joules :  369kj || Valeur énergétique en Kcal : 88kcal || Glucides : 9,7g || Lipides : 2,6g || Protides :5,4g || 
16,62€ / Kg || 
4,82 € || 
Parmentier de poisson || La barquette de 300g || Origine : FRANCE || Le succès de Weight Watchers repose sur un principe essentiel : pour maîtriser son poids, le plaisir est aussi important que l'équilibre. Weight Watchers a donc développé une expertise unique dans l'art de révéler les saveurs sans calories superflues. Dans ses plats cuisinés, Weight Watchers nous livre les secrets de sa cuisine légère et savoureuse. || MICRO-ONDES: percez le film de la barquette de quelques trous sans l'ouvrir. Faites chauffer 2 min au four à micro-ondes à 750 watts. BAIN-MARIE: Laissez chauffer la barquette sans l'ouvrir dans une casserole d'eau frémissante pendant 10 minutes. || Purée 56,5% (eau, crème fraîche légère, flocons de pommes de terre, ail, arôme naturel (crustacés, céleri), sel, épaississant: gomme xanthane, poivre, curcuma), poisson 22,5%, carottes, courgettes, poireaux, chapelure (farine de blé, levure, sel, paprika, curcuma), vin blanc, échalotes, persil. Fabriqué dans un atelier qui utilise: oeuf, soja. || Valeur énergétique en Joules :  375Kj || Valeur énergétique en Kcal : 89Kcal || Glucides : 10,3g || Lipides : 2,9g || Protides :5,4g || Ce produit doit être conservé entre 0°C et 4°C. || 
16,83€ / Kg || 
5,05 € || 
Poisson aux zestes d'agrumes & puréé fondante || La barquette de 300g || Origine : FRANCE || Plat pour 1 personne : 1,9% de matières grasses.Des produits savoureux au quotidien. Les produits Weight Watchers ont été spécialement conçus pour vous aider à faire de meilleurs choix alimentaires. Vous gardez le plaisir de manger des produits savoureux, variés et gourmands, de l'entrée au dessert, quel que soit votre style de vie. || Micro-ondes : percez le film de la barquette de quelques trous sans l'ouvrir. Faites chauffer 2min.30 à 750 Watts.  Bain-marie : Laissez chauffer la barquette sans l'ouvrir dans une casserole d'eau frémissante pendant 15min. Ne pas mettre la barquette au four traditionnel. || Purée fondante 39% (eau, flocons de pommes de terre (pommes de terre, émulsifiant : E471, stabilisant : E450, extrait d'épices, acidifiant : acide citrique), beurre, eau, lait écrémé en poudre, sel, pulpe d'ail, épaississant : gomme xanthane, extraits d'épices, poivre, curcuma), poisson 24%, carottes 23%, tomates en cube non pelées 8,5%, eau, zestes de citron 0,59%, huile d'olive, poivron, farine de blé, épice et aromates, sel, huile de tournesol, extrait d'aromates, extrait de vin blanc, sucre,amidon transformé, zestes d'orange 0,29%. Fabriqué dans un atelier qui utilise : crustacés, mollusques, soja, oeuf, moutarde, céleri. || Valeur énergétique en Joules :  295Kj || Valeur énergétique en Kcal : 70Kcal || Glucides : 7,6g || Lipides : 1,9g || Protides :5,6g || Ce produit doit être conservé entre 0°C +4°C. || 
16,40€ / Kg || 
4,92 € || 
Porc à l'ananas et riz cantonais aux légumes || La barquette de 300g || Origine : FRANCE || Valeur énergétique en Joules :  438kj || Valeur énergétique en Kcal : 104kcal || Glucides : 10,6g || Lipides : 2,9g || Protides :8,1g || 
17,33€ / Kg || 
5,20 € || 
Poulet  au curry et noix de coco et riz aux éclats de légumes || La barquette de 300g || Origine : FRANCE || Les produits Weight Watchers ont été spécialement conçus pour vous aider à faire de meilleurs choix alimentaires.Vous gardez le plaisir de manger des produits savoureux, variés et gourmands, de l'entrée au dessert, quel que soit votre style de vie. || 1 personne. Micro-ondes : percez le film de la barquette de quelques trous sans l'ouvrir. Faites chauffer 2mn30 au four à micro-ondes à 750 watts. Bain-marie : laissez chauffer la barquette sans l'ouvrir dans une casserole d'eau frémissante pendant 15mn. Ne pas mettre la barquette au four traditionnel. || Eau, riz cuit 21% (riz, eau), viande de poulet traitée en salaison 20% (poulet 73%, eau, dextrose, stabilisants : E450 et E451, arôme naturel, poivre), carottes 12%, poivrons rouges 6.5%, oignons, noix de coco en poudre 2%, crème fraîche, raisins secs, sucre, amidon transformé, curry 0.5% (dont moutarde), sel, huile végétale, lait écrémé en poudre, champignons noirs, ail, arôme naturel (dont oeuf, blé, céleri), jus de citron, gingembre, épices et aromates (dont moutarde), épaississant : gomme xanthane. Fabriqué dans un atelier qui utilise : poisson, crustacés, mollusques, soja. || Valeur énergétique en Joules :  409kj || Valeur énergétique en Kcal : 97kcal || Glucides : 12,2g || Lipides : 2,6g || Protides :6,2g || Ce produit doit être conservé entre 0°C et 4°C. || 
17,00€ / Kg || 
5,10 € || 
Raviolis au saumon, fondue d'épinards à la crème || La barquette de 290g || Origine : FRANCE || Micro-ondes : percez le film de la barquette de quelques trous sans l'ouvrir. Faites chauffer 2min30 à 750 watts. Bain-marie : laissez chauffer la barquette sans l'ouvrir dans une casserole d'eau frémissante pendant 15 min. || Ravioli saumon précuit 44,5% (pâte 65% (semoule de blé dur, eau, oeufs), farce 35% (ricotta, saumon (14%), mascarpone, saumon fumé (8%), chapelure, jus de citron, aneth, huile de tournesol, échalote, sel, poivre), eau, huile de colza), eau, épinards12%, purée de chou-fleur, lait écrémé en poudre, crème fraîche 1%, vermouth (colorant : caramel), amidon transformé, arôme naturel (dont oeuf, blé et céleri), ail, sel, extraits d'épices, épaississant : gomme Xanthane, poivre. Fabriqué dans un atelier qui utilise : crustacés, mollusques, soja, moutarde. || Valeur énergétique en Joules :  430kj || Valeur énergétique en Kcal : 102kcal || Glucides : 13,4g || Lipides : 3,3g || Protides :4,7g || Ce produit doit être conservé entre 0°C et +4°C. || 
18,28€ / Kg || 
5,30 € || 
Rigatoni au chèvre, épinards à la crème || La barquette de 280g || Origine : FRANCE || Micro-ondes : percez le film de la barquette de quelques trous sans l'ouvrir. Faites chauffer 2min30 à 750 watts. Bain-marie : laissez chauffer la barquette sans l'ouvrir dans une casserole d'eau frémissante pendant 15 min. || Rigatoni cuits 48% (eau, semoule de blé dur, huile de colza, curcuma), eau, épinard 9,5%, fromage de chèvre 7%, crème fraîche 1,4%, amidon transformé, lait écrémé en poudre, basilic, arôme naturel (contient blé, céleri et oeuf), sel, épaississant : gomme xanthane, poivre.  Fabriqué dans un atelier qui utilise : poisson, crustacés, mollusques, soja, moutarde. || Valeur énergétique en Joules :  453kj || Valeur énergétique en Kcal : 107kcal || Glucides : 15,9g || Lipides : 2,5g || Protides :4,7g || A conserver entre 0°C et +4°C. Conditionné sous atmosphère protectrice. || 
15,07€ / Kg || 
4,22 € || 
Riz & poulet à l'indienne, sauce massala et petits légumes || La barquette de 280g || Origine : FRANCE || Les produits Weight Watchers ont été spécialement conçus pour vous aider à faire de meilleurs choix alimentaires. Vous gardez le plaisir de manger des produits savoureux et variés. || Micro-ondes : percez le film de la barquette de quelques trous sans l'ouvrir. Faites chauffer 2min30 à 750 watts. Bain-marie : laissez chauffer la barquette sans l'ouvrir dans une casserole d'eau frémissante pendant 15 min. || Riz précuit 22,5% (riz, eau), eau, viande de poulet traitée en salaison 16% (poulet, eau, sel, dextrose, sucre, amidon, maltodextrine, sirop de glucose), carottes 9%, courgettes 8%, poivrons rouges 6,5%, oignons, tomates (tomates pelées et jus de tomates), crème fraîche, concentré de tomates, huile de colza, noix de coco en poudre, lait écrémé en poudre, épices massala et aromates 0,4% (dont moutarde), sel, amidon transformé, ail, sucre, coriandre, jus de citron, arôme naturel (contient blé, céleri et oeuf), colorants : extraits de paprika, curcumine, épices, dextrose, épaississant : gomme xanthane. Fabriqué dans un atelier qui utilise : poisson, crustacés, mollusque, soja. || Valeur énergétique en Joules :  388kj || Valeur énergétique en Kcal : 92kcal || Glucides : 10,7g || Lipides : 2,6g || Protides :6,0g || Ce produit doit être conservé entre 0°C et +4°C. Conditionné sous atmosphère protectrice. || 
14,96€ / Kg || 
4,19 € || 
St Jacques et torti à la crème safranée et éclats de légumes || La barquette de 300g || Origine : FRANCE || Des produits savoureux au quotidien. Les produits Weight Watchers ont été spécialement conçus pour vous aider à faire de meilleurs choix alimentaires.Vous gardez le plaisir de manger des produits savoureux, variés et gourmands, de l'entrée au dessert, quel que soit votre style de vie. || Plat pour 1 personne. Micro-ondes : percez le film de la barquette de quelques trous sans l'ouvrir. Faites chauffer 2min30 à 750 Watts.  Bain-marie : Laissez chauffer la barquette sans l'ouvrir dans une casserole d'eau frémissante pendant 15min. || Pâtes précuites (torti) 33% (semoule de blé dur, eau, épinards en poudre, tomates en poudre, huile végétale, sel), noix de Saint Jacques 21,5% (A*: Zygochlamys patagonica (Argentine) - B*: Chlamys nobilis (Vietnam) - C*: Argopecten purpuratus (Pérou)), oignons ,eau, poivrons rouges 6,5%, crème fraîche légère 5,5%, courgettes 5%, carottes 3,5%, ail, huile d'olive, amidon transformé, lait écrémé en poudre, arômes (dont arôme safran) (contient : poisson, crustacés, céleri, moutarde), sel, poivre, gélatine de porc, extrait de vin blanc, aneth, épaississant : gomme xanthane, épices, colorants : extraits de paprika et curcumine, dextrose. Fabriqué dans un atelier qui utilise : oeuf, soja. *Pour l'espèce et l'origine se reporter au numéro de lot. || Valeur énergétique en Joules :  420 || Valeur énergétique en Kcal : 100,3 || Glucides : 13,9 || Lipides : 2,3 || Protides :6,3 || Ce produit doit être conservé entre 0°C et +4°C. || 
16,97€ / Kg || 
5,09 € || 
Tagliatelles au poulet et champignons, à la crème légère et ciboulette || La barquette de 300g || Origine : FRANCE || Des produits savoureux au quotidien. Les produits Weight Watchers ont été spécialement conçus pour vous aider à faire de meilleurs choix alimentaires.Vous gardez le plaisir de manger des produits savoureux, variés et gourmands, de l'entrée au dessert, quel que soit votre style de vie. || Plat pour 1 personne. Micro-ondes : percez le film de la barquette de quelques trous sans l'ouvrir. Faites chauffer 2min30 à 750 Watts.  Bain-marie : Laissez chauffer la barquette sans l'ouvrir dans une casserole d'eau frémissante pendant 15min. Ne pas mettre la barquette au four traditionnel. || Tagliatelles cuites 41,5% (eau, semoule de blé dur, oeufs, huile de colza, persil, poudre à lever : E500), viande de poulet traitée en salaison et cuite 20% (filet de poulet 74%, eau, sel, dextrose, stabilisants : E450, E451, arômes, poivres), eau, carottes 4,5%, crème fraîche 4,5%, champignons de Paris naturels (dont céleri), ciboulette, sel, épaississant : gomme xanthane, poivre. Fabriqué dans un atelier qui utilise : poisson, crustacés, mollusques, soja, moutarde. || Valeur énergétique en Joules :  459Kj || Valeur énergétique en Kcal : 1919Kcal || Glucides : 12,6g || Lipides : 3,2g || Protides :7,5g || Ce produit doit être conservé entre 0°C et +4°C. || 
15,80€ / Kg || 
4,74 € || 
Tarte courgettes & tomates, mozzarella || La boite de 135g || Origine : FRANCE || Les produits Weight Watchers ont été spécialement conçus pour vous aider à faire de meilleurs choix alimentaires. Vous gardez le plaisir de manger des produits savoureux et variés. || Micro-ondes : retirer la tarte de son emballage, la démouler puis réchauffer la tarte pendant 1min30 à 900 watts. Au four : retirer la tarte de son emballage, la démouler puis réchauffer la tarte sur une plaque pendant 15 min dans un four préchaufféà 200°C. || Eau, courgettes 15,5%, blanc d'oeuf, fromage blanc, oeufs frais, oignons, fibre de chicorée, flocons de pommes de terre (pommes de terre, émulsifiant : E471, stabilisant : E450, extrait d'épices, acidifiant : acide citrique), tomates 3% (tomates pelées et jus de tomates), concentré de tomates 3%, semoule de blé dur, mozzarella 3%, crème fraîche, lait écrémé en poudre, amidon transformé, huile de colza, ail, moutarde de Dijon (eau, graines de moutarde, vinaigre d'alcool, sel, conservateur : disulfite de potassium, acidifiant : acide citrique), sel, vinaigre de Xérès, thym, extrait d'épice, épaississant : gomme xanthane. Fabriqué dans un atelier qui utilise : poisson, crustacés, mollusques, céleri. || Valeur énergétique en Joules :  542kj || Valeur énergétique en Kcal : 129kcal || Glucides : 14,7g || Lipides : 4,2g || Protides :6,4g || A conserver jusqu'à 4°C. Conditionné sous atmosphère protectrice. || 
17,41€ / Kg || 
2,35 € || 
Tomates farçies et boulgour || La barquette de 300g || Origine : FRANCE || Valeur énergétique en Joules :  312kj || Valeur énergétique en Kcal : 74kcal || Glucides : 8,4g || Lipides : 2,5g || Protides :3,7g || 
16,97€ / Kg || 
5,09 € || 
Fusilli à la sauce bolognaise || La box de 300g || Origine : FRANCE || Pâtes à la sauce tomate et à la viande de boeuf. || Ouvrez la boite carton et retirez la fourchette. Décollez l'opercule supérieur sur 1/2 centimètre et mettez la box plastique avec le carton dans le four à micro-ondes. Réchauffez 2 minutes 30 à 850 watts. Retirez l'opercule, mélangez à l'aide de la fourchette et dégustez. || Pâtes penne cuites 39% (eau, semoule de blé dur de qualité supérieure), tomate concassée 24% (tomate pelée concassée, purée de tomate), viande de boeuf 18%, concentré de tomate 7,8%, oignon préfrit (oignon, huile d'olive, sel, acidifiant : acide citrique), carotte 2,4%, arômes naturels (dont lactose), pulpe d'ail, huile de tournesol, sel, basilic, sucre, amidon transformé de pomme de terre. || Valeur énergétique en Joules :  590kj || Valeur énergétique en Kcal : 140kcal || Glucides : 18g || Lipides : 3,8g || Protides :7,7g || A conserver entre 0°C et +4°C. Conditionné sous atmosphère protectrice. || 
10,03€ / Kg || 
3,01 € || 
Tortellini à la ricotta et épinards || La box de 300g || Origine : FRANCE || Pâtes farcies à la ricotta et aux épinards, sauce au fromage. || Pour 1 personne. Ouvrez la boite carton et retirez la fourchette. Décollez l'opercule supérieur sur 1/2 centimètre et mettez la box plastique avec le carton dans le four à micro-ondes. Réchauffez 2 minutes 30 à 850 watts. Retirez l'opercule, mélangezà l'aide de la fourchette et dégustez. || Pâtes farcies tortellini cuites 49% (eau, semoule de blé dur de qualité supérieure, ricotta 7,7%, oeufs, flocons de pomme de terre, épinard 2%, huile de tournesol, emmental 1,2%, lactosérum en poudre, sel, chapelure (farine de blé, sel, levure), arôme naturel de noix de muscade), eau, crème fraîche 14%, parmesan 2,5%, huile de tournesol, oignon en poudre, farine de blé, sucre, sel, arôme naturel (lait), ail en poudre, épaississant : gomme xanthane, poivre. || Valeur énergétique en Joules :  620kj || Valeur énergétique en Kcal : 148kcal || Glucides : 19g || Lipides : 5,9g || Protides :4,2g || A conserver entre 0°C et +4°C. Conditionné sous atmosphère protectrice. || 
10,03€ / Kg || 
3,01 € || 
Maxi cheese beef & cheese || La boite de 300g || Origine : FRANCE || Valeur énergétique en Joules :  839kj || Valeur énergétique en Kcal : 201kcal || Glucides : 16,4g || Lipides : 10,6g || Protides :9,3g || 
12,07€ / Kg || 
3,62 € || 
Parmentier de saumon || La boite de 300g || Origine : FRANCE || Valeur énergétique en Joules :  586kj || Valeur énergétique en Kcal : 140kcal || Glucides : 10,2g || Lipides : 7,9g || Protides :6,6g || 
13,37€ / Kg || 
4,01 € || 
Torsades poulet sauce au fromage vache qui rit || La box de 300g || Origine : FRANCE || Retirez la fourchette, soulevez légèrement le film, mettez la boîte dans le micro-ondes pendant 2 min à 750 watts, bien mélanger et enfin, dégustez directement dans la boîte. Ne pas placer la boîte dans un four traditionnel. || 140g de pâtes torsades (torsades 91% (eau, semoule de blé dur, curcuma), huile de colza, sel). 130g de sauce au fromage fondu La Vache Qui Rit (eau, fromage fondu La Vache Qui Rit 33% (lait écrémé réhydraté, fromages, beurre, protéines de lait, selsde fonte (polyphosphates, phosphates de calcium, acide citrique, diphosphates, sel), amidon modifié de pomme de terre, huile de colza, sel, arôme naturel de céleri, poivre). 30g de poulet (poulet 96%, amidon et dextrose de tapioca, sel.) % exprimés sur le poids de chaque préparation. Informations destinées aux personnes allergiques : cette box contient du blé, des produits à base de lait et du céleri. Sans conservateur. || Valeur énergétique en Joules :  682kj || Valeur énergétique en Kcal : 163kcal || Glucides : 15,1g || Lipides : 8g || Protides :7g || A conserver au frais entre 0°C et +4°C. || 
14,20€ / Kg || 
4,26 € || 
Vraiment Patate, tartiflette au reblochon || La box de 300g || Origine : FRANCE || 
13,70€ / Kg || 
4,11 € || 
Vraiment pâtes, au jambon et emmental || La box de 300g || Origine : FRANCE || Vraiment 100% bon ! || Plat pour 1 personne. Retirez la fourchette de la boite, soulevez légèrement le film, puis mettez la boite dans votre micro-ondes pendant 2 minutes à 750 watts. Bien mélanger et dégustez directement dans la boîte. Ne pas placer la boîte dans un fourtraditionnel. || 145g de coquillettes aux oeufs (48%) : semoule de blé dur, oeufs, eau, sel, curcuma, huile de colza, épaississant : gomme xanthane. 130g de sauce à l'emmental (43,4%) : eau, crème fraîche, emmental (14%), beurre, amidon transformé de riz, sel, poivre, muscade. 25g d'allumettes de jambon (8,6%) : jambon de porc (86%), eau, acidifiant : lactate de potassium, sel, sirop de glucose, dextrose, céleri, plantes aromatiques, épices, gélatine de porc, arômes, stabilisants : triphosphates, polyphosphates,antioxydant : érythorbate de sodium, conservateur : nitrite de sodium. Contient du gluten, des oeufs, du céleri et des produits laitiers. Sans colorant. || A conserver au frais entre 0°C et +4°C. Conditionné sous atmosphère protectrice. || 
12,83€ / Kg || 
3,85 € || 
Tortelloni aux oeufs frais, jambon cuit et basilic, fabrication artisanale || La barquette de 250g || Origine : ITALIE || Préparation : porter a ébullition 1 litre d'eau pour 100g de pâtes et ajouter une cuillère de gros sel. Lorsque l'eau bout, immerger les pâtes et les laisser cuire pendant 5 minutes pour obtenir une cuisson ferme ('al dente').  Ne pas percer l'emballage.  Casserole. || Pâte : farine de blé tendre type '0', oeufs entiers pasteurisés (17.4% de la pâte, 8.7% sur le total du produit), eau, gluten. Farce : jambon cuit (44.7% de la farce, 17.9% sur le total) (viande de porc, sel, saccharose, fructose, dextrose, épices, arômes naturels, exhausteur de goût : E621, antioxydant : E301), ricotta (sérum de lait, sel, correcteur d'acidité : acide citrique, crème de riz, flocons de pomme de terre, sérum de lait, huile de tournesol, basilic (3.16% de la farce, 1.26% sur le total), mortadelle (viande de porc, tripes de porc, sel, sucre, émulsifiant : E471, épices), sel, fibres, fromage râpé (lait, sel, présure), poivre, noix de muscade, arôme. Allergènes : gluten, oeuf, produits dérivés du lait. Sans colorant, ni conservateur. || Valeur énergétique en Joules :  973Kj || Valeur énergétique en Kcal : 230KCal || Glucides : 38,11g || Lipides : 4,1g || Protides :10,2g || Conserver au réfrigérateur entre 0°C et +4°C. Une fois ouvert le produit doit être conservé au réfrigérateur et consommé dans les 3 jours. || 
16,80€ / Kg || 
4,20 € || 
Bolo Balls || La box de 300g || Origine : FRANCE || 
7,57€ / Kg || ##
Bolo Balls || La box de 300g || Origine : FRANCE || 
7,57€ / Kg || ##
Bolo Balls || La box de 300g || Origine : FRANCE || 
10,10€ / Kg || 
3,03 € || 
Fusilli à la Bolognaise || La box de 300g || Origine : FRANCE || Ouvrir l'emballage, retirer la fourchette et soulever légèrement le film. Mettre la boite avec le carton au micro-ondes pendant 2min 30 à pleine puissance. Ne pas mettre au four traditionnel. Retirer le film, bien mélanger les pâtes et la sauce avecla fourchette. Dégustez directement dans votre Lunch Box. || Fusilli cuits 53,3% : eau, Fusilli (spécialité céréalière à base de semoule de blé dur et de blanc d'oeuf), huile végétale (tournesol ou colza), sel, colorants : extraits de curcuma et de paprika, arôme. Sauce 46,6% : eau, tomates 30% (pulpe et purée), préparation de boeuf hachée cuite 17%, oignons 9%, carottes 3%, ail, huile d'olive vierge extra, sucre, sel, arômes, thym 0,03%, conservateurs : sorbate de potassium et acétate de sodium, extrait d'épices, lécithine de soja. Produit fabriqué dansun atelier utilisant du lait, des oeufs, du poisson, des crustacés et des noix. || Valeur énergétique en Joules :  597kj || Valeur énergétique en Kcal : 142kcal || Glucides : 18g || Lipides : 5,4g || Protides :5,1g || A conserver au frais entre 0° et +4°C. || 
11,10€ / Kg || 
3,33 € || 
Serpentini, cèpes et poulet || La box de 280g || Origine : FRANCE || 
12,89€ / Kg || 
3,61 € || 
Serpentini tomate mozzarella basilic || La box de 300g || Origine : FRANCE || Ouvrir l'emballage, retirer la fourchette et soulever légèrement le film. Mettre la boite avec le carton au micro-ondes pendant 2min 30 à pleine puissance. Ne pas mettre au four traditionnel. Retirer le film, bien mélanger les pâtes et la sauce avecla fourchette. Dégustez directement dans votre Lunch Box. || Serpentini cuits 60% : eau, Serpentini (spécialité céréalière à base de semoule de blé dur et de blanc d'oeuf), huile végétale (tournesol ou colza), sel, colorants : extraits de curcuma et de paprika, arôme. Sauce 40% : tomates 72% (pulpe et purée),crème UHT, mozzarella 5,5%, oignons 4,5%, huile d'olive vierge extra, basilic 1,7%, sucre, amidon transformé, ail, sel, arôme, extrait d'épice, thym, conservateurs : sorbate de potassium et acétate de sodium, lécithine de soja. Produit fabriqué dansun atelier utilisant des oeufs, du poisson, des crustacés et des noix. || Valeur énergétique en Joules :  643kj || Valeur énergétique en Kcal : 152kcal || Glucides : 21g || Lipides : 5,8g || Protides :4,2g || A conserver au frais entre 0° et +4°C. || 
8,07€ / Kg || ##
Serpentini tomate mozzarella basilic || La box de 300g || Origine : FRANCE || Ouvrir l'emballage, retirer la fourchette et soulever légèrement le film. Mettre la boite avec le carton au micro-ondes pendant 2min 30 à pleine puissance. Ne pas mettre au four traditionnel. Retirer le film, bien mélanger les pâtes et la sauce avecla fourchette. Dégustez directement dans votre Lunch Box. || Serpentini cuits 60% : eau, Serpentini (spécialité céréalière à base de semoule de blé dur et de blanc d'oeuf), huile végétale (tournesol ou colza), sel, colorants : extraits de curcuma et de paprika, arôme. Sauce 40% : tomates 72% (pulpe et purée),crème UHT, mozzarella 5,5%, oignons 4,5%, huile d'olive vierge extra, basilic 1,7%, sucre, amidon transformé, ail, sel, arôme, extrait d'épice, thym, conservateurs : sorbate de potassium et acétate de sodium, lécithine de soja. Produit fabriqué dansun atelier utilisant des oeufs, du poisson, des crustacés et des noix. || Valeur énergétique en Joules :  643kj || Valeur énergétique en Kcal : 152kcal || Glucides : 21g || Lipides : 5,8g || Protides :4,2g || A conserver au frais entre 0° et +4°C. || 
8,07€ / Kg || ##
Serpentini tomate mozzarella basilic || La box de 300g || Origine : FRANCE || Ouvrir l'emballage, retirer la fourchette et soulever légèrement le film. Mettre la boite avec le carton au micro-ondes pendant 2min 30 à pleine puissance. Ne pas mettre au four traditionnel. Retirer le film, bien mélanger les pâtes et la sauce avecla fourchette. Dégustez directement dans votre Lunch Box. || Serpentini cuits 60% : eau, Serpentini (spécialité céréalière à base de semoule de blé dur et de blanc d'oeuf), huile végétale (tournesol ou colza), sel, colorants : extraits de curcuma et de paprika, arôme. Sauce 40% : tomates 72% (pulpe et purée),crème UHT, mozzarella 5,5%, oignons 4,5%, huile d'olive vierge extra, basilic 1,7%, sucre, amidon transformé, ail, sel, arôme, extrait d'épice, thym, conservateurs : sorbate de potassium et acétate de sodium, lécithine de soja. Produit fabriqué dansun atelier utilisant des oeufs, du poisson, des crustacés et des noix. || Valeur énergétique en Joules :  643kj || Valeur énergétique en Kcal : 152kcal || Glucides : 21g || Lipides : 5,8g || Protides :4,2g || A conserver au frais entre 0° et +4°C. || 
10,77€ / Kg || 
3,23 € || 
Tortellini aux quatre fromages || La box de 300g || Origine : FRANCE || Ouvrir l'emballage, retirer la fourchette et soulever légèrement le film. Mettre la boite avec le carton au micro-ondes pendant 2min 30 à pleine puissance. Ne pas mettre au four traditionnel. Retirer le film, bien mélanger les pâtes et la sauce avecla fourchette. Dégustez directement dans votre Lunch Box. || Pâtes fraîches farcies cuites 63,3% : pâtes farcies (pâtes 64% (semoule de blé dur de qualité supérieure, eau, oeuf frais 10,3% (soit 140g d'oeufs frais/kg de semoule)), farce 36% (ricotta 21%, fromage frais 20%, semoule de blé dur, crème fraîche, flocons de pomme de terre, emmental fondu 7% (emmental, fromages, protéines de lait, épaississant E1412, beurre, sel), fromage à pâte dure râpée 7%, riz cuit, lactose et protéines de lait, arômes, huile végétale (tournesol ou colza), persil, sel, amidon transformé, extraits de levure, extrait d'épice), eau, huile végétale (tournesol ou colza), arômes, sel. Sauce 36,7% : eau, crème UHT, fromage frais 6%, emmental fondu 3% (emmental, fromages, protéines de lait, épaississant : E1412, beurre, sel), amidon transformé, fromage à pâte dure râpé 2%, arômes, citron concentré, sel, extrait d'épice, épaississant : xanthane, conservateurs : sorbate de potassium et acétate de sodium, lécithine de soja, poivre noir. Produit fabriqué dans un atelier utilisant du poisson, des crustacés et des noix. || Valeur énergétique en Joules :  642kj || Valeur énergétique en Kcal : 161kcal || Glucides : 18g || Lipides : 7g || Protides :5,5g || A conserver au frais entre 0° et +4°C. Conditionné sous atmosphère protectrice. || 
7,85€ / Kg || ##
Tortellini aux quatre fromages || La box de 300g || Origine : FRANCE || Ouvrir l'emballage, retirer la fourchette et soulever légèrement le film. Mettre la boite avec le carton au micro-ondes pendant 2min 30 à pleine puissance. Ne pas mettre au four traditionnel. Retirer le film, bien mélanger les pâtes et la sauce avecla fourchette. Dégustez directement dans votre Lunch Box. || Pâtes fraîches farcies cuites 63,3% : pâtes farcies (pâtes 64% (semoule de blé dur de qualité supérieure, eau, oeuf frais 10,3% (soit 140g d'oeufs frais/kg de semoule)), farce 36% (ricotta 21%, fromage frais 20%, semoule de blé dur, crème fraîche, flocons de pomme de terre, emmental fondu 7% (emmental, fromages, protéines de lait, épaississant E1412, beurre, sel), fromage à pâte dure râpée 7%, riz cuit, lactose et protéines de lait, arômes, huile végétale (tournesol ou colza), persil, sel, amidon transformé, extraits de levure, extrait d'épice), eau, huile végétale (tournesol ou colza), arômes, sel. Sauce 36,7% : eau, crème UHT, fromage frais 6%, emmental fondu 3% (emmental, fromages, protéines de lait, épaississant : E1412, beurre, sel), amidon transformé, fromage à pâte dure râpé 2%, arômes, citron concentré, sel, extrait d'épice, épaississant : xanthane, conservateurs : sorbate de potassium et acétate de sodium, lécithine de soja, poivre noir. Produit fabriqué dans un atelier utilisant du poisson, des crustacés et des noix. || Valeur énergétique en Joules :  642kj || Valeur énergétique en Kcal : 161kcal || Glucides : 18g || Lipides : 7g || Protides :5,5g || A conserver au frais entre 0° et +4°C. Conditionné sous atmosphère protectrice. || 
7,85€ / Kg || ##
Tortellini aux quatre fromages || La box de 300g || Origine : FRANCE || Ouvrir l'emballage, retirer la fourchette et soulever légèrement le film. Mettre la boite avec le carton au micro-ondes pendant 2min 30 à pleine puissance. Ne pas mettre au four traditionnel. Retirer le film, bien mélanger les pâtes et la sauce avecla fourchette. Dégustez directement dans votre Lunch Box. || Pâtes fraîches farcies cuites 63,3% : pâtes farcies (pâtes 64% (semoule de blé dur de qualité supérieure, eau, oeuf frais 10,3% (soit 140g d'oeufs frais/kg de semoule)), farce 36% (ricotta 21%, fromage frais 20%, semoule de blé dur, crème fraîche, flocons de pomme de terre, emmental fondu 7% (emmental, fromages, protéines de lait, épaississant E1412, beurre, sel), fromage à pâte dure râpée 7%, riz cuit, lactose et protéines de lait, arômes, huile végétale (tournesol ou colza), persil, sel, amidon transformé, extraits de levure, extrait d'épice), eau, huile végétale (tournesol ou colza), arômes, sel. Sauce 36,7% : eau, crème UHT, fromage frais 6%, emmental fondu 3% (emmental, fromages, protéines de lait, épaississant : E1412, beurre, sel), amidon transformé, fromage à pâte dure râpé 2%, arômes, citron concentré, sel, extrait d'épice, épaississant : xanthane, conservateurs : sorbate de potassium et acétate de sodium, lécithine de soja, poivre noir. Produit fabriqué dans un atelier utilisant du poisson, des crustacés et des noix. || Valeur énergétique en Joules :  642kj || Valeur énergétique en Kcal : 161kcal || Glucides : 18g || Lipides : 7g || Protides :5,5g || A conserver au frais entre 0° et +4°C. Conditionné sous atmosphère protectrice. || 
9,90€ / Kg || 
2,97 € || 
Forestier tranche || la barquette de 170g || Origine : FRANCE || Conditionné sous atmosphère modifiée. || Gras de porc, foie de porc, eau, champignons (9% : champignons noirs, bolets jaunes, volvaires, pleurotes), foie de dinde, protéine de soja, protéine de lait, protéine de blé, protéines de sang, crème fraîche, sirop de glucose, dextrose de blé, sel,arômes, alcools, épices et aromates, exhausteur de goût : E621, conservateurs : E316, E301, E250, colorant : E120 (contient du gluten de blé, lait, soja). Fabriquées avec du porc français. Présence possible d'oeufs, de céleri, de moutarde et de fruits à coques. || A conserver entre 0°C et 4°C. || 
13,94€ / Kg || 
2,37 € || 
Fusilli aux fromages italiens || La box de 300g || Origine : FRANCE || Fourchette incluse. Mettez la boîte avec le carton au micro-ondes et chauffez 2 minutes à 900W. || Pâtes fraîches fabriquées chaque jour par nos soins (52%) : semoule de blé dur, eau, oeuf, sel. Une sauce cuisinée dans nos ateliers aux fromages italiens et à la crème fraîche légère (48%) : eau, crème fraîche légère, fromages italiens 12% (grana padano (conservateur : lysozyme d'oeuf), fromage à pâte persillée), emmental, beurre, échalotes, fromage à pâte pressée cuite, amidon modifiée de manioc, sel, poivre, conservateurs : sorbate de potassium et acétate de sodium. Informations allergènes :ce produit contient du gluten, de lait et de l'oeuf. || Valeur énergétique en Joules :  710Kj || Valeur énergétique en Kcal : 170kcal || Glucides : 18g || Lipides : 8g || Protides :7g || A conserver entre 0°C et +4°C. || 
11,57€ / Kg || 
3,47 € || 
Pastabox poulet à la crème || La box de 280g || Origine : FRANCE || PÇtes fraÓches cuites 52%: semoule de blÍ dur, oeuf, eau, sel. Sauce 48%: crÈme fraiche lÍgÈre 58%, poulet marinÍ cuit 19% (viande de poulet 17%, eau, huile de tournesol, ar«me naturel, sel, dextrose, fÍcule de manioc), oignon, eau, fÍcule de manioc,fond de volaille (sel, ar«mes naturels, dextrose, graisse et viande de poulet, jus concentrÍ de champignons),huile de tournesol, ail, sel, conservateurs : E202, E262i, poivre.(% exprimÍs sur la sauce) || Valeur énergétique en Joules :  596kj || Valeur énergétique en Kcal : 142kcal || Glucides : 16,0g || Lipides : 5,0g || Protides :7,6g || 
11,21€ / Kg || 
3,14 € || 
Penne à la bolognaise || La box de 300g || Origine : FRANCE || Fourchette incluse. Mettez la boite avec le carton au micro-ondes et chauffez 2 minutes à 900W. || Pâtes fraîches fabriquées chaque jour par nos soins (48%) : semoule de blé dur, eau, oeuf, sel. Sauce bolognaise cuisinée dans nos ateliers avec de la viande de boeuf, des tomates, des oignons et des carottes, légèrement relevée avec du laurier et duromarin (52%) : viande de boeuf 23%, eau, tomates 20%, concentré de tomate, oignon, carotte, huile de colza, arômes, sel, amidon modifié de manioc, poivre, laurier, romarin, huile de tournesol, conservateurs : sorbate de potassium et acétate de sodium. Informations allergènes : ce produit contient du gluten, de l'oeuf. || Valeur énergétique en Joules :  580Kj || Valeur énergétique en Kcal : 140kcal || Glucides : 18g || Lipides : 5g || Protides :6g || A conserver entre 0°C et +4°C. || 
12,67€ / Kg || 
3,80 € || 
Penne à la carbonara || La box de 300g || Origine : FRANCE || Fourchette incluse. Mettez la boite avec le carton au micro-ondes et chauffez 2 minutes à 900W. || Pâtes fraîches fabriquées chaque jour par nos soins (52%) : semoule de blé dur, eau, oeuf, sel. Une sauce à la carbonara cuisinée dans nos ateliers avec des lardons fumés et de la crème fraîche légère (48%) : crème fraîche légère 55%, lardons fumés 30% (poitrine de porc, eau, sel, stabilisant : E451, arôme de fumée, sirop de glucose, lactose, conservateurs : nitrite de sodium, érythorbate de sodium), eau, lactose et protéines de lait, jaune d'oeuf, parmesan, arôme, jus de citron, amidon modifiéde manioc, stabilisant : gomme de cellulose, poivre, conservateurs : sorbate de potassium et acétate de sodium. Informations allergènes : ce produit contient du gluten, du lait et de l'oeuf. || Valeur énergétique en Joules :  810Kj || Valeur énergétique en Kcal : 190Kcal || Glucides : 20g || Lipides : 9g || Protides :8g || A conserver entre 0°C et +4°C. || 
12,67€ / Kg || 
3,80 € || 
Penne à la carbonara || La box de 400g || Origine : FRANCE || 
11,45€ / Kg || 
4,58 € || 
Tortellini à la ricotta épinards, sauce au parmesan || La box de 280g || Origine : FRANCE || Fourchette incluse. Mettez la boite avec le carton au micro-ondes et chauffez 2 minutes à 900W. || Des tortellini (66%) aux pâtes fraîches fabriquées chaque jour par nos soins : semoule de blé dur, eau, oeuf, sel. Farcis avec de la ricotta et des épinards : ricotta 11% (sérum de lait, crème, sel, correcteur d'acidité : acide citrique), emmental, épinard 4%, chapelure (farine de blé, levure, sel), semoule de blé dur, pain de mie complet (farine de blé, eau, son de blé, huile de colza, levure boulangère, sel, sucre, vinaigre d'alcool), huile d'olive vierge extra, sel, poivre. Sauce cuisinée dans nos ateliers au parmesan et à la crème fraîche relevée d'oignons, avec une pointe d'huile de colza (34%) : crème fraîche légère, oignons, eau, parmesan 5%, fromage à pâte pressée cuite, huile de colza, lactose et protéines de lait, ail, sel, amidonmodifié de manioc, poivre, conservateurs : sorbate de potassium et acétate de sodium. Informations allergènes : ce produit contient du gluten, du lait et de l'oeuf. || Valeur énergétique en Joules :  790Kj || Valeur énergétique en Kcal : 190kcal || Glucides : 19g || Lipides : 9g || Protides :8g || A conserver entre 0°C et +4°C. || 
13,61€ / Kg || 
3,81 € || 
Bolo Balls || La box de 300g || Origine : FRANCE || 
7,97€ / Kg || ##
Bolo Balls || La box de 300g || Origine : FRANCE || 
7,97€ / Kg || ##
Bouchées au chèvre et coeur à la tomate || La barquette de 80g || Origine : FRANCE || 
46,88€ / Kg || 
3,75 € || 
Guacamole || Le pot de 175g || Origine : FRANCE || Préparation à base d'avocat. || Purée d'avocat 97% (avocat 93%, sucre, sel, oignon, poivron rouge 0,28%, antioxygène: E300, stabilisant: E401, épaississant: E415, acidifiant: E330, poudre de piment, ail, coriandre déshydratée), eau, poivron rouge 0,5%, acidifiant: E330, épaississant: E415, conservateur: E202. || Valeur énergétique en Joules :  671kj || Valeur énergétique en Kcal : 162kcal || Glucides : 5,8g || Lipides : 14g || Protides :1,5g || A conserver entre 0°C et +4°C. Ne pas congeler. || 
14,40€ / Kg || 
2,52 € || 
Mini knacks, saucisses supérieures de Strasbourg, pur porc || Le pot de 200g || Origine : FRANCE || Les mini knacks peuvent se consommer chaudes ou froides. Au micro-ondes (à privilégier) : percez le film transparent, mettez 30 s au micro-ondes, secouez et remettez à nouveau 30 s au micro-ondes (pour un four ayant une puissance restituée de 850 Watts). A la casserole : plongez les saucisses 4 min. dans l'eau frémissante.  Micro-ondes. Casserole. || Valeur énergétique en Joules :  1195kj || Valeur énergétique en Kcal : 289kcal || Glucides : 1,9g || Lipides : 25g || Protides :14g || A conserver entre 0°C et +4°C. || 
9,85€ / Kg || 
1,97 € || 
Mini saucisson aux noix || Le paquet de 75g || Origine : FRANCE || 
30,13€ / Kg || 
2,26 € || 
Mini Saucisson sec || Le paquet de 75g || Origine : FRANCE || Viande de porc, sel, lactose, épices et aromates, rhum (colorant E150b),dextrose de blé, conservateur:nitrate de potassium, ferment de maturation, boyau collagénique.208g  de viande de porc mis en oeuvre pour l'élaboration de 100 g de saucissons. Traces de noix et de noisettes. || Valeur énergétique en Joules :  2214kj || Valeur énergétique en Kcal : 534kcal || Glucides : 2,1g || Lipides : 46g8g || Protides :28g || A conserver à +18°C || 
30,13€ / Kg || 
2,26 € || 
Olives vertes à l'ail || Le pot de 150g || Origine : FRANCE || Faites-en profiter même ceux qui n'en ont pas mangé. || Ne pas congeler. || Olives vertes dénoyautées 97%, ail 2% (ail réhydraté et ail en poudre), basilic, huile de tournesol, vinaigre de vin rouge (contient : sulfites), sel, acidifiant : E330. || A conserver entre 0°C et 4°C. A consommer rapidement après ouverture. || 
19,00€ / Kg || 
2,85 € || 
Olives vertes à la tomates et aux aromates || Le pot de 150g || Origine : BELGIQUE || Olives vertes dénoyautées au concentré de tomate et aux aromates. || Malgré notre vigilance, certaines olives pourraient contenir des noyaux. || Olives vertes dénoyautées 75%, concentré de tomates 12,3% (tomates 12,2%, sel), huile de tournesol, oignons, herbes aromatiques 1,7%, pâte de poivrons (poivrons, aubergines, huile de tournesol, ail, plantes aromatiques, sucre, sel, vinaigre), ail 0,05%, sucre, sel, acidifiant : E330, conservateur : E202. || A conserver entre 0°C et +4°C. A consommer rapidement après ouverture. Conditionné sous atmosphère protectrice. Ne pas congeler. || 
19,40€ / Kg || 
2,91 € || 
Olives vertes et fromage au basilic || Le pot de 150g || Origine : FRANCE || Un excellent exemple de cohabitation. || Ne pas congeler. || Olives vertes dénoyautées 69%, fromage blanc 25%, poivron rouge, ail réhydraté, basilic 5%, huile de tournesol, vinaigre de vin rouge (contient : sulfites), sel, vinaigre d'alcool, acidifiant : E330. || A conserver entre 0°C et 4°C. A consommer rapidement après ouverture. || 
21,07€ / Kg || 
3,16 € || 
Pâté en croûte nature || Le paquet de 450g || Origine : FRANCE || Croûte (50% maximum) : farine de blé, eau, beurre 15%, sel, colorant : E160a (pourcentage exprimé sur la croûte). Pâté (45% minimum) : gorge et jambon de porc, cuisse de dinde, gelée (eau, gélatine de porc, sel, arômes naturels), eau, blanc d'oeufs,alcools, foie de porc, fécule de pommes de terre, épices et plantes aromatiques, sel, arômes naturels, dextrose, vin blanc, stabilisants : E450, E451, antioxydant : E301, lactose, conservateur : E250, décor (5% maximum) , eau, gélatine de porc, sel,dextrose, épaississant : E407, colorant : E150a, arôme naturel de clou de girofle. Traces de noisette, pistage, amande, soja, moutarde, céleri et poisson. || A conserver entre 0°C et +4°C. A consommer rapidement après ouverture. || 
5,93€ / Kg || 
2,67 € || 
Pâté en croûte pur beurre || Le paquet de 220g || Origine : FRANCE || Croûte (50% maximum) : farine de blé, eau, beurre 15%, sel, colorant : E160a (pourcentage exprimé sur la croûte). Pâté (45% minimum) : gorge et jambon de porc, cuisse de dinde, gelée (eau, gélatine de porc, sel, arômes naturels), eau, blanc d'oeufs,alcools, foie de porc, fécule de pommes de terre, épices et plantes aromatiques, sel, arômes naturels, dextrose, vin blanc, stabilisants : E450, E451, antioxydant : E301, lactose, conservateur : E250, décor (5% maximum) , eau, gélatine de porc, sel,dextrose, épaississant : E407, colorant : E150a, arôme naturel de clou de girofle. Traces de noisette, pistage, amande, soja, moutarde, céleri et poisson. || A conserver entre 0°C et +4°C. A consommer rapidement après ouverture. || 
10,95€ / Kg || 
2,41 € || 
Pâté en croûte pur beurre, aux pistaches || Les 2 tranches, 200g || Origine : FRANCE || Pour plus de saveur, sortez le produit de son emballage 15 minutes avant de servir. || Croûte (50% maximum) : farine de blé, eau, beurre 15%, sel, colorant : E160a. (Pourcentage exprimé sur la croûte). Pâté (45% minimum) : cuisse de dinde, gorge de porc, gelée (eau, gélatine de porc, sel, acidifiant : E330, arôme naturel), alcool, pistaches 2.8%, oeufs entiers, foie de porc, fécule de pomme de terre, sel, épices et plantes aromatiques, dextrose de blé, arômes, stabilisants : E451, E450, antioxygène : E301, lactose, conservateurs : E250, E252, colorant : E120. Décor (5% maximum) :eau, gélatine de porc, sel, dextrose de blé, épaississant : E407, colorant : E150a, arôme naturel.  Traces de noisettes, amandes et soja. || Valeur énergétique en Joules :  1045kj || Valeur énergétique en Kcal : 250kcal || Glucides : 19g || Lipides : 14g || Protides :12g || A conserver entre 0°C et + 4°C. A consommer rapidement après ouverture. || 
12,05€ / Kg || 
2,41 € || 
Saucisses cocktail, fumées au bois de hêtres || Le sachet de 300g || Origine : FRANCE || Saucisses de Strasbourg sans polyphosphates. || Au bain marie : plongez les saucisses sans leur sachet durant 3 minutes dans l'eau frémissante. En raison de sa petite taille, ce produit ne convient pas aux enfants de moins de 4 ans. || Viande de porc 74%, eau, plasma de porc, sel, dextrose, protéines de lait, lactose, arômes, antioxydant : ascorbate de sodium, colorants : extrait de paprika, carmin, conservateur : nitrite de sodium. Fumage au bois de hêtre. Traces d'oeufs et de moutarde. || Valeur énergétique en Joules :  1209kj || Valeur énergétique en Kcal : 292kcal || Glucides : 1,5g || Lipides : 26g || Protides :13g || A conserver entre 0°C et +4°C. A consommer rapidement après ouverture. || 
9,37€ / Kg || 
2,81 € || 
Saucisse sèche supérieure, tranchée sans peau || Le paquet de 100g || Origine : FRANCE || Ouvrez 15 minutes avant de déguster et servez à température ambiante. || Viande et gras de porc, sel, sirop de glucose de maïs, marsala, épices et aromates, conservateur : E252, antioxygènes : E300 et E301, ferments (189g de viande et gras de porc utilisés pour 100g de produit fini). || A conserver entre 0°C et 4°C. || 
26,50€ / Kg || 
2,65 € || 
Tapenade, préparation à base d'olives noires, de câpres, d'anchois et d'huile d'olive || Le pot de 100g || Origine : FRANCE || Préparation à base d'olives noires d'huile d'olive vierge extra 15%, de câpres au vinaigre et de pâte d'anchois. || Olives noires en saumure 91% (olives noires dénoyautées 88%, sel, stabilisant : E579), câpres au vinaigre 3,9% (câpres 3,8%, sel, eau, vinaigre d'alcool). Pâte d'anchois 2,9% (anchois 2,5%, sel), huile d'olive vierge extra 0,8%, ail, conservateur : E202, cumin, herbes de Provence (romarin, thym, basilic, marjolaine). || Valeur énergétique en Joules :  674kj || Valeur énergétique en Kcal : 164kcal || Glucides : traces || Lipides : 16g || Protides :2,3g || A conserver entre 0°C et +4°C. Ne pas congeler. || 
16,20€ / Kg || 
1,62 € || 
Tomates séchées au basilic || Le pot de 100g || Origine : FRANCE || Elles vont vous sécher. || Ne pas congeler. || Tomates séchées préparées 98% (tomates séchées 89%, eau, sel, vinaigre de vin rouge (contient : sulfites), acidifiant : E330), basilic 1%, huile de tournesol. || A conserver entre 0°C et 4°C. A consommer rapidement après ouverture. || 
31,60€ / Kg || 
3,16 € || 
Assiette dégustation espagnole || La barquette de 150g || Origine : ESPAGNE || JAMBON SERRANO INGREDIENTS : Jambon de porc (145g de viande mise en oeuvre pour 100g de produit fini), sel, dextrose, conservateurs (E-252, E-250) CHORIZO EXTRA INGREDIENTS : viande de porc (122g de viande mise en oeuvre pour 100g de produit fini), sel, lactose, dextrine, dextrose, protÍines de lait, protÍine de soja, Ípices, antioxydant (E-301), conservateurs (E-252, E-250) et colorant (E-120), LOMO EMBUCHADO INGREDIENTS : lomo de porc (142g de viande mise en oeuvre pour 100g de produit fini),sel, paprika, ail, dextrose, conservateurs (E-252, E-250) et antioxydant (E-301) || 
40,53€ / Pce || 
6,08 € || 
Apérisec saucisson nature || La barquette de 130g || Origine : FRANCE || 
34,46€ / Kg || 
4,48 € || 
Assiette italienne || L'assiette de 120g || Origine : FRANCE || 
49,75€ / Kg || 
5,97 € || 
Caviar de jambon cru ail et basilic || La barquette de 90g || Origine : UNION EUROPEENNE || Jambon cru 60% (jambon de porc, sel, sucre, ar«mes, conservateurs : nitrite de sodium, nitrate de potassium), huile de tournesol, huile d?olive, plantes aromatiques (dont ail (sulfites) 1.7% et basilic 2.3%), jus de citron, concentrÍ de tomates, colorant : carmin, acidifiant : acide citrique. AllergÈnes: prÍsence possible de fruits Å coues et cÍleri || Valeur énergétique en Joules :  1743 || Valeur énergétique en Kcal : 421 || Glucides : 5 || Lipides : 37 || Protides :17 || entre 0 et 4¢C Max || 
33,11€ / Kg || 
2,98 € || 
Caviar de jambon cru tomates & parmesan || La barquette de 90g || Origine : UNION EUROPEENNE || PrÍparation Å base de jambon cru, de tomates et de Parmigiano Reggiano AOP Jambon cru 54% (jambon de porc, sel, sucre, ar«mes, conservateurs : nitrite de sodium, nitrate de potassium), huile de tournesol, tomates 6.9%, huile d?olive, condiment balsamique blanc (vinaigre de vin, moÛt de raisin,  conservateur : mÍtabisulfite de potassium), plantes aromatiques (sulfites), Parmigiano Reggiano AOP 2.99% (lait cru, sel, prÍsure), dextrose, colorant : carmin, acidifiant : acide citrique, sel. AllergÈnes: PrÍsence possible de fruits Å coques et de cÍleri. || Valeur énergétique en Joules :  1672 || Valeur énergétique en Kcal : 404 || Glucides : 5 || Lipides : 36 || Protides :15 || entre 0 et 4¢C Max || 
33,11€ / Kg || 
2,98 € || 
Pépites de chorizo || Les 2 barquettes de 50g || Origine : UNION EUROPEENNE || DÍs de chorizo, lÍgÈrement fumÍs : Viande de porc, poitrine de porc, sel, sirop de glucose, paprika, lactose, maltodextrine, protÍine de soja, sucre, ail, dextrose, antioxydant : ascorbate de sodium, conservateurs : citrates de sodium, nitrite de sodium, nitrate de potassium, protÍine de lait, colorant : carmins, ferment, Ípices. Traitement de surface : sorbate de potassium. AllergÈnes: Soja et Lait . || Valeur énergétique en Joules :  1424 || Valeur énergétique en Kcal : 343 || Glucides : 4 || Lipides : 27 || Protides :21 || 7¢C Max || 
28,80€ / Kg || 
2,88 € || 
Fromage fondu, recette fromagère || Les 48 cubes, 250g || Origine : FRANCE || Valeur énergétique en Joules :  1120kj || Valeur énergétique en Kcal : 271kcal || Glucides : 4,5g || Lipides : 22,5g || Protides :12,5g || 
16,44€ / Kg || 
4,11 € || 
Fromage fondu à l'ail et fines herbes, bleu et noix et tomates à la provençale || Les 48 cubes, 250g || Origine : FRANCE || Etonnez vos invités avec des associations de saveurs pleines de finesse ! || Eau, fromages (dont, selon la variété, bleus : 13%, fromage de chèvre en poudre : 0.5%), beurre, lait écrémé en poudre, protéines de lait, pour la variété Tomates à la Provençale : tomate concentrée 3%, sels de fonte : polyphosphates, citrates, di-etphosphates de sodium, arômes (dont selon la variété, arôme ail et fines herbes (ail et fines herbes : 0.37%), arôme noix, arôme goût chèvre, arômes naturels de romarin et de basilic, dérivés de blé, de noix et de noisettes), lactosérum en poudre, sel, légumes déshydratés, conservateurs : sorbate de potassium, nisine, crème fraîche en poudre, gélifiants: carraghénanes, farine de graines de caroube. Arachide. || 
15,96€ / Kg || 
3,99 € || 
Fromage fondu au bleu, jambon et tomate || Les 24 cubes, 125g || Origine : FRANCE || Une saveur ! Une couleur. Pour tous les apéritifs ! || Lait écrémé réhydraté, formages (pour la variété au bleu : 13% de bleu), beurre, protéines de lait, sels de fonte : polyphosphates, citrates, diphosphates de sodium, acide citrique et phosphates de sodium composition  tomate 6% pour la variété à la tomate (concentré de tomate, eau, sucre, sel, oignon, ail, arôme), sel, arômes, exhausteur de goût : glutamate de sodium, arôme de fumée. || Nous vous conseillons de placer ce produit au réfrigérateur. || 
16,56€ / Kg || 
2,07 € || 
Fromage fondu au paprika, jambon, olives et bleu || Les 48 cubes, 250g || Origine : FRANCE || Pour tous les apéritifs ! C'est tous les jours ! Pour tous les goûts ! || Lait écrémé réhydraté, fromages (pour la variété au bleu : 13% de bleus), beurre, protéines de lait, sels de fonte : polyphosphates, citrates, diphosphates de sodium, acide citrique, phosphates de sodium, pour la variété olive : olives 7%, pour la variété paprika : paprika 0,8%, arômes (exhausteur de goût : glutamate de sodium, colorant : extrait de paprika), sel. || Nous vous conseillons de placer ce produit au réfrigérateur. || 
15,72€ / Kg || 
3,93 € || 
Fromage fondu nature || Les 24 cubes, 125g || Origine : FRANCE || Pour tous les apéritifs ! C'est tous les jours ! Pour tous les goûts ! || Lait écrémé réhydraté, formages, beurre, protéines de lait, sels de fonte : polyphosphates, citrates de sodium, diphosphates, phosphates, acide citrique, sel. || Nous vous conseillons de placer ce produit au réfrigérateur. || 
15,60€ / Kg || 
1,95 € || 
Fromage fondu nature et saveur fraîcheur || Les 48 cubes, 250g || Origine : FRANCE || 
16,44€ / Kg || 
4,11 € || 
Saucisson sec pur porc || Le sachet de 100g || Origine : FRANCE || COMPOSITION                                                                           Saucisson sec pur porc de qualitÍ supÍrieure                                          INGREDIENTS : Viande de porc, lactose, sel, pulpe d'ail (eau, ail, sel,acidifiant : E330), poivres, sucre, dextrose, macis, conservateur : nitrate de        potassium, girofle, ferments.                                                         Enveloppe : boyau collagÍnique (collagÈne, glycÍrine, cellulose, conservateur :       sorbate de potssium).                                                                 168g de viande de porc utilisÍe pour 100g de produit fini.                                                       Doit ²tre conservÍ de prÍfÍrence Å+18¢C maximum dans un endroit sec et aÍrÍ.         Produit sujet Å dessication.                                                          ConditionnÍ sous atmosphÈre protectrice. || 
27,70€ / Kg || 
2,77 € || 
Houmous, spécialité à base de pois chiches || Le pot de 200g + 15% gratuit, 230g || Origine : FRANCE || 
9,09€ / Kg || 
2,09 € || 
Les roulés de jambon fumé ail & fines herbes || Le plateau de 20 pièces, soit 100g || Origine : FRANCE || Valeur énergétique en Joules :  1480kj || Valeur énergétique en Kcal : 359kcal || Glucides : 2,5g || Lipides : 33g || Protides :13g || 
34,10€ / Kg || 
3,41 € || 
Les roulés de jambon fumé au poivre || Le plateau de 20 pièces, soit 100g || Origine : FRANCE || Valeur énergétique en Joules :  1480kj || Valeur énergétique en Kcal : 357kcal || Glucides : 1,5g || Lipides : 33g || Protides :13,5g || 
34,10€ / Kg || 
3,41 € || 
Croc'sec nature, pur porc || La barquette de 120g || Origine : FRANCE || 
22,40€ / Kg || 
4,48 € || 
Petits coraya avec sauce curry || Le sachet de 20 mini-bâtonnets, 210g || Origine : FRANCE || Préparation à base de chair de poisson saveur crabe + sauce curry. || Océan Paci || Chair de poisson (38%), eau, blanc d'oeuf rÍhydratÍ, amidon de blÍ, huile de colza, fÍcules, ar«mes (dont crabe, crustacÍs), sucre, sel, stabilisants: sorbitol, polyphosphates, exhausteur de goÛt: glutamate monosodique, colorant: extrait de paprika Sauce Curry : Huile vÍgÍtale, eau, sucre, vinaigre d'alcool, jaune d'oeuf salÍ, curry (curcuma, coriandre, cumin, riz, fenugrec, sel, moutarde, laurier, fenouil, ail, piment fort), moutarde (eau, graines de moutarde, vinaigre d'alcool, sel, herbes etÍpices, sucre, stabilisant : E415), sel, amidon modifiÍ, Ípices, stabilisants : E412 et E415. || Valeur énergétique en Joules :  470kj || Valeur énergétique en Kcal : 112kcal || Glucides : 9,5g || Lipides : 4,4g || Protides :7,9g || A conserver au frais entre 0° et +4°C. Consommez vos sachets fraîcheur rapidement après leur ouverture. || 
12,62€ / Kg || 
2,65 € || 
Petits coraya avec sauce tartare || Le paquet de 210g || Origine : FRANCE || Préparation à base de chair de poisson saveur crabe + sauce Tartare. || Océan Paci || Chair de poisson (38 %)  eau  fÍcules (dont blÍ)  blanc d'oeuf rÍhydratÍ  huile de colza  sucre  sel  stabilisants : sorbitol, polyphosphates  exhausteur de goÛt : glutamate monosodique  ar«mes naturels (crustacÍs)  colorant : extrait de paprika Sauce Tartare : Huile de colza, eau, vinaigre, jaune d?oeuf salÍ, sirop de glucose, moutarde de Dijon (eau, graines de moutarde, vinaigre, sel, antioxydant : E224 (sulfites), acidifiant : E330), Íchalote, cÇpre (1%), cornichon (1,9%), sel, estragon, Ípaississant : E415, conservateur : E202 || Valeur énergétique en Joules :  475kj || Valeur énergétique en Kcal : 113kcal || Glucides : 11g || Lipides : 4,5g || Protides :8,1g || A conserver au frais entre 0° et +4°C. Consommez vos sachets fraîcheur rapidement après leur ouverture. || 
12,62€ / Kg || 
2,65 € || 
Petits coraya saveur pamplemousse || Le sachet de 190g || Origine : FRANCE || Craquez pour Petits Coraya saveur pamplemousse rose. || Océan Paci || Chair de poisson (38 %)  eau  fÍcules (dont blÍ)  blanc d'oeuf rÍhydratÍ  huile de colza  sucre  sel  stabilisants : sorbitol, polyphosphates  exhausteur de goÛt : glutamate monosodique ar«me naturel d'agrume, ar«mes naturels (crustacÍs,blÍ)  colorant : extrait de paprika. || Valeur énergétique en Joules :  448kj || Valeur énergétique en Kcal : 107kcal || Glucides : 8,6g || Lipides : 4,1g || Protides :8g || A conserver au frais entre 0° et +4°C. Consommez vos sachets fraîcheur rapidement après leur ouverture. || 
13,37€ / Kg || 
2,54 € || 
Bouchées de légumes || Le plateau de 24 bouchées, 190g || Origine : FRANCE || Carottes cumin : carottes,pommes de terre,prÍparation pour choux (farine de blÍ, crÈme en poudre, jaune d'oeuf,blanc d'oeuf,sel,sucre,ar«me naturel,curcuma),fÍcule de manioc,beurre,sel,cumin,poivre / Courgettes thym: courgettes,pommes de terre,prÍparation pour choux (farine de blÍ,crÈme en poudre,jaune d'oeuf,blanc d'oeuf,sel,sucre,ar«me naturel,curcuma),fÍcule de manioc,sel,beurre,thym,poivre / Tomates basilic : tomates,pommes de terre,prÍparation pour choux(farine de blÍ,crÈme en poudre, jauned'oeuf,blanc d'oeuf,sel,sucre,ar«me naturel,curcuma),fÍcule de manioc,sel,beurre,basilic. || Valeur énergétique en Joules :  411 || Valeur énergétique en Kcal : 98 || Glucides : 14 || Lipides : 2.7 || Protides :3.2 || 
24,89€ / Kg || 
4,73 € || 
Chorizo de jambon, sans gluten || Le blister de 50g || Origine : ESPAGNE || Chorizo de jambon. || INGRñDIENTS: JAMBON DE PORC, LAIT ñCRñME EN POUDRE, STABILISANT (LACTATE DE POTASSIUM), SEL, LACTOSE, PAPRIKA ET EXTRAIT DE PAPRIKA, ARßMES, AIL, PROTñINES DE LAIT, SUCRE, ANTIOXYDANT (ASCORBATE DE SODIUM) ET CONSERVATEUR (NITRITE DE SODIUM). CONTIENT: LACTOSE, LAIT ET PROTñINES DE LAIT. NOUS AVONS MIS EN OEUVRE 168 g DE JAMBON DE PORC POUR OBTENIR 100 g DE PRODUIT FINI. CE PRODUIT A SUBI UNE PERTE D'EAU DURANT LE PROCESSUS DE SECHAGE. || Valeur énergétique en Joules :  950 || Valeur énergétique en Kcal : 225 || Glucides : 4 || Lipides : 3.7 || Protides :43.8 || Conservation hors froid. || 
45,20€ / Kg || 
2,26 € || 
Saucisson de jambon, sans gluten || Le blister de 50g || Origine : ESPAGNE || Saucisson de jambon. || INGRñDIENTS: JAMBON DE PORC, LAIT ñCRñME EN POUDRE, STABILISANT (LACTATE DE POTASSIUM), SEL, LACTOSE, PROTñINES DE LAIT, SUCRE, ñPICES, ANTIOXYDANT (ASCORBATE DE SODIUM) ET CONSERVATEURS (NITRITE DE SODIUM, NITRATE DE POTASSIUM). CONTIENT: LACTOSE, LAIT ET PROTñINES DE LAIT. NOUS AVONS MIS EN OEUVRE 164 g DE JAMBON DE PORC POUR OBTENIR 100 g DE PRODUIT FINI. CE PRODUIT A SUBI UNE PERTE D'EAU DURANT LE PROCESSUS DE SECHAGE. || Valeur énergétique en Joules :  1015 || Valeur énergétique en Kcal : 240 || Glucides : 6.2 || Lipides : 4.7 || Protides :43.3 || Conservation hors froid. || 
42,40€ / Kg || 
2,12 € || 
Tapas al minuto, assortiment de tapas d'Espagne || La barquette de 160g || Origine : ESPAGNE || 6 choricitos, 4 frankfort avec bacon, 2 mini brochettes au paprika, 2 mini brochettes aux fines herbes || Préparation micro - ondes : 1- Sans ouvrir la poche, chauffer au micro-ondes pendant deux minutes à 700 W. 2- La partie supérieure de la poche se gonfle et  s'ouvre pour laisser sortir la vapeur. 3- Une fois le temps écoulé, retirer la poche en prenant soin de ne pas vous brûler et servir. Poche en plastique      conçue pour le réchauffement au four micro - ondes 2 minutes à 700 w. À la     poêle ou au grill: Chauffer brièvement avec un peu d'huile. Ce produit se      maintient chaud pendant 15minutes sans l'ouvrir. || Chorizo (Viande de porc (87%), sel, piment d'Espagne, stabilisants (E-326, E-451 i)), protéines de lait, arômes, épices, lactose, dextrose, antioxydant (E-301)). Frankfort avec bacon (Frankfort avec fromage (50 % approx.) (Viande de porc (73%), eau,fromage (5%) (fromage, amidon de riz (E-1412), beurre, sérum de lait, gomme tara (E-417), sels de fusion (E-331), arôme naturel), protéines de lait, sel, arômes, épices, stabilisants (E-451 i), E-326), dextrose, exhausteur de goût (E-621), antioxydant (E-316), conservateur (E-250). Revêtement de surface : Eau, gélatine et conservateur (E-202)). Bacon (50 % approx.) (Viande de porc (bacon) (94%), sel, dextrose, antioxydant (E-301), conservateur (E-250), épices. Bain de surface : Conservateur (E-215))). Mini brochettes grillées au paprika (Viande de porc (72%), eau, huile d'olive, ail, paprika (1.4%), sel, arômes, stabilisants (E-451 i), E-407, E-410), dextrose, exhausteur de goût (E-621), épices). Mini brochettes grillées aux fines herbes (Viande de porc (74%), eau, huile d'olive, sel, plantes aromatiques (fines herbes) (0.8%), épices, stabilisants (E-451 i), E-407, E-410), dextrose, exhausteur de goût (E-621), arômes), Contiens : Lait, protéines de lait et lactose. || Produit pasteurisé par haute pression. (H.P.P). Ce produit peut être congelé pour une plus longue conservation. || 
28,88€ / Kg || 
4,62 € || 
4 crêpes au froment sucrées, issues de l'agriculture biologique || Le paquet de 4 crêpes || Origine : FRANCE || Dans une poêle, réchauffez les crêpes avec un peu de beurre et garnissez les avec les ingrédients de votre choix : sucre, chocolat, confiture. || Eau, farine de froment (blé)* 27%, sucre de canne* 13%, oeufs entiers*, lait entier en poudre*, sel de Guérande 0,3%. *ingrédients issus de l'agriculture biologique. || Valeur énergétique en Joules :  1009kj || Valeur énergétique en Kcal : 239kcal || Glucides : 46g || Lipides : 3,1g || Protides :6,2g || A conserver entre 0°C et +8°C. Conditionné sous atmosphère protectrice. || 
17,56€ / Kg || 
2,81 € || 
4 crêpes au froment sucrées, issues de l'agriculture biologique || Le paquet de 4 crêpes || Origine : FRANCE || Dans une poêle, réchauffez les crêpes avec un peu de beurre et garnissez les avec les ingrédients de votre choix : sucre, chocolat, confiture. || Eau, farine de froment (blé)* 27%, sucre de canne* 13%, oeufs entiers*, lait entier en poudre*, sel de Guérande 0,3%. *ingrédients issus de l'agriculture biologique. || Valeur énergétique en Joules :  1009kj || Valeur énergétique en Kcal : 239kcal || Glucides : 46g || Lipides : 3,1g || Protides :6,2g || A conserver entre 0°C et +8°C. Conditionné sous atmosphère protectrice. || 
17,56€ / Kg || 
2,81 € || 
Crêpes au sucre vanillé || Le paquet de 400g || Origine : FRANCE || A la poêle : 1 à 2 minutes avec ou sans ajout de matière grasse selon votre préférence. Au micro-ondes sans l'emballage : 20 sec pour un four ayant une puissance restituée de 900 Watts. || Lait entier reconstitué, farine de blé, sucre 10%, oeufs, huile de colza, dextrose de blé, amidon transformé de pomme de terre, poudres à lever : E450i et E500II, sel. || Valeur énergétique en Joules :  957kj || Valeur énergétique en Kcal : 228kcal || Glucides : 33g || Lipides : 7,4g || Protides :6,1g || A conserver entre 0°C et +4°C. Après ouverture, à conserver dans un sachet fermé et à consommer rapidement. Conditionné sous atmosphère protectrice. || 
7,18€ / Kg || 
2,87 € || 
Crêpes natures || Le paquet de 400g || Origine : FRANCE || A la poêle : 1 à 2 minutes avec ou sans ajout de matière grasse selon votre préférence. Au micro-ondes sans l'emballage : 20 sec pour un four ayant une puissance restituée de 900 Watts. || Lait entier reconstitué, farine de blé, oeufs, huile de colza, poudres à lever : E450i et E500II, sel. || Valeur énergétique en Joules :  802kj || Valeur énergétique en Kcal : 191kcal || Glucides : 23g || Lipides : 7,1g || Protides :7,2g || A conserver entre 0°C et +4°C. Après ouverture, à conserver dans un sachet fermé et à consommer rapidement. Conditionné sous atmosphère protectrice. || 
7,18€ / Kg || 
2,87 € || 
Galettes au sarrasin, au jambon et fromage || Les 2 galettes, 300g || Origine : FRANCE || Galettes de blé noir garnies d'une préparation à base d'emmental français et de jambon cuit supérieur. || A la poêle : réchauffer les galettes 5 à 6 minutes à feu doux dans une poêle préalablement beurrée, en les retournant une fois. Au micro-ondes (une galette à la fois) : placer votre galette dans une assiette avec 1 noix de beurre sur le dessus. Réchauffer 2 min pour un four ayant une puissance restituée de 700 W. Sortir l'assiette et déguster. || Galette de blé noir 50%, eau, farine de blé noir 30%, sel de Guérande, huile de tournesol. Pourcentage exprimé sur la galette. Garniture 50% : emmental français râpé 40%, jambon cuit supérieur 26% (jambon de porc, eau, sel, dextrose, sirop de glucose, arômes, conservateurs : érythorbate de sodium, nitrite de sodium), eau, crème (crème, stabilisant : carraghénanes), amidon transformé de pomme de terre, poudre de lait écrémé, sel. Pourcentages exprimés sur la garniture. Traces de céréales contenant du gluten. || Valeur énergétique en Joules :  1239kj || Valeur énergétique en Kcal : 296kcal || Glucides : 27g || Lipides : 12g || Protides :18g || A conserver entre 0°C et +4°C. Conditionné sous atmosphère protectrice. || 
10,47€ / Kg || 
3,14 € || 
Galettes de blé noir, certifié AB || Le paquet de 200g || Origine : FRANCE || Elaboré en Bretagne. Au sel de Guérande. || A la poêle : placer une noix de beurre dans la poêle et étaler votre galette, sans la plier. Garnir avec les ingrédients de votre choix (oeuf, jambon, lardons, légumes, fromage ) puis recouvrir avec l'autre moitié de la galette. Laisser dorer chaqueface, en retournant une fois. || Eau, farine de blé noir* 33%, sel de Guérande 1%. Traces de blé. *Ingrédients issus de l'agriculture biologique. || Valeur énergétique en Joules :  685kj || Valeur énergétique en Kcal : 162kcal || Glucides : 30g || Lipides : 1,4g || Protides :5,9g || A conserver entre 0°C et +8°C. || 
17,25€ / Kg || 
3,45 € || 
Galettes de blé noir, certifié AB || Le paquet de 200g || Origine : FRANCE || Elaboré en Bretagne. Au sel de Guérande. || A la poêle : placer une noix de beurre dans la poêle et étaler votre galette, sans la plier. Garnir avec les ingrédients de votre choix (oeuf, jambon, lardons, légumes, fromage ) puis recouvrir avec l'autre moitié de la galette. Laisser dorer chaqueface, en retournant une fois. || Eau, farine de blé noir* 33%, sel de Guérande 1%. Traces de blé. *Ingrédients issus de l'agriculture biologique. || Valeur énergétique en Joules :  685kj || Valeur énergétique en Kcal : 162kcal || Glucides : 30g || Lipides : 1,4g || Protides :5,9g || A conserver entre 0°C et +8°C. || 
17,25€ / Kg || 
3,45 € || 
Galettes de blé noir, lardons, champignons et emmental || Le paquet de 2 pièces, soit 300g || Origine : FRANCE || Galettes de blé noir garnies d'emmental râpé de lardons cuits fumés et de champignons de Paris. || A la poêle : réchauffer les galettes 5 à 6 minutes à feu doux dans une poêle préalablement beurrée, en les retournant une fois. Au micro-ondes (une galette à la fois) : placer votre galette dans une assiette avec 1 noix de beurre sur le dessus. Réchauffer 2 min pour un four ayant une puissance restituée de 700 W. Sortir l'assiette et déguster. || Galette de blé noir 50%, eau, farine de blé noir 30%, sel de Guérande, huile de tournesol. Pourcentage exprimé sur la galette. Garniture 50% : emmental râpé 26%, lardons cuits fumés au bois de hêtre 23% (poitrine de porc, eau, sel, dextrose, conservateurs : érythorbate de sodium et nitrite de sodium), champignons de Paris 23%, crème (dont stabilisant : carraghénanes), oignon, eau, amidon transformé de pomme de terre, poivre. Pourcentages exprimés sur la garniture. Traces de gluten. || Valeur énergétique en Joules :  1300kj || Valeur énergétique en Kcal : 311kcal || Glucides : 26g || Lipides : 16g || Protides :14g || A conserver entre 0°C et +4°C. Conditionné sous atmosphère protectrice. || 
10,47€ / Kg || 
3,14 € || 
Galettes de blé noir à plat, au sel de Guérande || Le paquet de 300g || Origine : FRANCE || Galettes de blé noir à garnir. || Réchauffez la galette dans une poêle avec ou sans ajout de matière grasse. Disposez au choix jambon, gruyère, oeuf etc  Repliez les bords, servez chaud et accompagnez d'une salade verte. || Eau, farine de bli noir 30%, sel de Guirande 1%. Traces de gluten. || Valeur énergétique en Joules :  596kj || Valeur énergétique en Kcal : 141kcal || Glucides : 25g || Lipides : 1,5g || Protides :5,4g || A conserver entre 0°C et +4°C. Conditionné sous atmosphère protectrice. || 
10,27€ / Kg || 
3,08 € || 
Galettes de céréales au comté et à l'emmental || Les 2 galettes, 180g || Origine : FRANCE || Monoprix a sélectionné pour vous, avec des entreprises partenaires, des produits issus de l'agriculture biologique. Leurs modes de production et de transformation sont contrôlés et certifiés par un organisme indépendant. Les producteurs emploient desfertilisants respectueux de l'environnement et pratiquent la rotation des cultures afin de garder des sols vivants et une fertilité durable. || Réchauffez les galettes au four, 10 minutes (Th. 6/7 - 200°C) ou à la poêle à feu vif sans ajout de matière grasse 3 minutes de chaque côté. Les galettes accompagnent idéalement une salade composée, une assiette de crudité, un plat de légumes. || Céréales réhydratées* 54% (blé complet*, avoine*, farine de blé intégrale*), riz complet cuit* 21%, eau, emmental* 6.5%, comté* 3.3%, oignons*, huile de palme non hydrogénée*, sel marin non raffiné, herbes de Provence*, poivre*.  Présence possible desésame, de céleri et de fruits à coque. || Valeur énergétique en Joules :  901Kj || Valeur énergétique en Kcal : 216KCal || Glucides : 27,9g || Lipides : 7,3g || Protides :9,2g || A conserver entre 0°C et +4°C. Après ouverture, à conserver dans une boîte hermétique ou film cellophane entre 0°C et +4°C et à consommer dans les 3 jours || 
18,28€ / Kg || 
3,29 € || 
Galettes de céréales au comté et à l'emmental || Les 2 galettes, 180g || Origine : FRANCE || Monoprix a sélectionné pour vous, avec des entreprises partenaires, des produits issus de l'agriculture biologique. Leurs modes de production et de transformation sont contrôlés et certifiés par un organisme indépendant. Les producteurs emploient desfertilisants respectueux de l'environnement et pratiquent la rotation des cultures afin de garder des sols vivants et une fertilité durable. || Réchauffez les galettes au four, 10 minutes (Th. 6/7 - 200°C) ou à la poêle à feu vif sans ajout de matière grasse 3 minutes de chaque côté. Les galettes accompagnent idéalement une salade composée, une assiette de crudité, un plat de légumes. || Céréales réhydratées* 54% (blé complet*, avoine*, farine de blé intégrale*), riz complet cuit* 21%, eau, emmental* 6.5%, comté* 3.3%, oignons*, huile de palme non hydrogénée*, sel marin non raffiné, herbes de Provence*, poivre*.  Présence possible desésame, de céleri et de fruits à coque. || Valeur énergétique en Joules :  901Kj || Valeur énergétique en Kcal : 216KCal || Glucides : 27,9g || Lipides : 7,3g || Protides :9,2g || A conserver entre 0°C et +4°C. Après ouverture, à conserver dans une boîte hermétique ou film cellophane entre 0°C et +4°C et à consommer dans les 3 jours || 
18,28€ / Kg || 
3,29 € || 
Cheeseburger doré et moelleux || La barquette de 145g || Origine : FRANCE || Les Cheeseburger Charal Snack est préparé à partir d'une viande Charal d'origine française. Il a été élaboré à partir d'ingrédients rigoureusement sélectionnés pour un plus grand plaisir gustatif. Un effet 'doré et moelleux' garanti : cet emballage micro-ondable a été conçu pour vous apporter tout le moelleux et le doré d'un produit qui sortirait du four traditionnel. || Placer l'emballage dans le micro-ondes sans l'ouvrir ni le percer. Réchauffer : 40 sec. (four 1000w). Attendez 1min. Ouvrir l'emballage.  Attention, le produit est très chaud. Micro-ondes uniquement. Ne pas réutiliser cet emballage. Viande cuite décongelée, ne pas recongeler. || Préparation à base de viande hachée cuite assaisonnée 37,9% : viande de boeuf 99,6%, sel, arômes. Pain spécial 37,9% : farine de blé, eau, levure, dextrose de blé, huile de colza, huile de soja, graines de sésame, sucre, sel, gluten de blé, farine defève, émulsifiants : E471, E472e, conservateurs : E282, farine de soja, vinaigre, antioxygène : E300. Sauce 10,3% : eau, condiments au vinaigre (eau, vinaigre, graines de moutarde, sel, acidifiant : E330, sucre, curcuma, antioxygène : E224, extraitsd'épices), sucre, huile de colza, concentré de tomate, oignons, amidon transformé de maïs, cornichons, vinaigre, sel, épaississant : E415, E412, arômes, conservateurs : E202. Fromage fondu 9,8% : fromage, eau, beurre, poudre de lait écrémé, sels defonte : E331, E339, protéines de lait, arômes, poudre de lactosérum, sel, colorants : E160a, E160e. Cornichons 4% (dont saumure : eau, vinaigre, sel, conservateur : E224, affermissant : E509). Contient aussi : sulfites. || Valeur énergétique en Joules :  1139 || Valeur énergétique en Kcal : 272 || Glucides : 22,5g || Lipides : 14g || Protides :14g || Tenir au froid : 0 +4°C. || 
21,31€ / Kg || 
3,09 € || 
Cheeseburger maxi || La barquette de 220g || Origine : FRANCE || Le Maxi Cheese Charal Snack est préparé à partir d'un pain spécial aux graines de sésame garnie d'une préparation de viande bovine française hachée cuite, de sauce, de fromage fondu et de cornichons. Il a été élaboré à partir d'ingrédients rigoureusement sélectionnés pour un plus grand plaisir gustatif. Un effet 'doré et moelleux' garanti : cet emballage micro-ondable a été conçu pour vous apporter tout le moelleux et le doré d'un produit qui sortirait du four traditionnel. || Placer l'emballage dans le micro-ondes sans l'ouvrir ni le percer. Réchauffer : 70 sec. (four 1000w). Attendez 1min. Ouvrir l'emballage.  Attention, le produit est très chaud. Micro-ondes uniquement. Ne pas réutiliser cet emballage. Viande cuite décongelée, ne pas recongeler. || Pain spécial 38.6% : farine de blé, eau, levure, dextrose de blé, huile de colza, graines de sésame, sucre, sel, gluten de blé, farine de fève, émulsifiants : E471, E472e, conservateurs : E282, vinaigre, antioxygène : E300. Préparation de viande hachée cuite assaisonnée 36.3% : Viande de boeuf 70%, protéines de soja réhydratées 26%, chapelure (farine de blé, sel), fibres de pois, sel, arômes, sucre caramélisé. Fromage fondu 12.9% : Fromage, eau, beurre, poudre de lait écrémé, sels de fonte : E331, E339, protéines de lait, arômes, poudre de lactosérum, sel, colorants : E160a, E160e. Sauce 9% : eau, huile végétale, cornichons, oignons, sucre, vinaigre, amidon transformé de maïs, poudre de lait écrémé, concentré de tomates, fibres végétales, sel, épaississants : E415, E412, poudre de tomate, extraits d'épices, caramel, acidifiant : E330, arômes. Cornichons 3.2% (dont saumure : eau, vinaigre, sel, conservateur : E224, affermissant : E509). Contient aussi : sulfites. || Valeur énergétique en Joules :  1124 || Valeur énergétique en Kcal : 269 || Glucides : 22g || Lipides : 14g || Protides :13g || Tenir au froid : 0 +4°C. || 
18,95€ / Kg || 
4,17 € || 
Croque monsieur au comté fondu || La barquette de 2, 200g || Origine : ALLEMAGNE || Croque-monsieur à base de Comté fondu (27%). || A la poêle (6 min) : 3 minutes de chaque côté à feu moyen sans ajouter de matière grasse.  Au four (8 min) : préchauffage th 7 (220°C) en chaleur traditionnelle. 4 minutes de chaque côté sur la plaque chaude du four. || Farine de blé, eau, jambon cuit standard 18%, comté 18%, huiles et graisses végétales (palme, colza), beurre, amidons modifiés de maïs, sel, dextrose, sels de fonte : E331, E452, stabilisant : polyphosphates, levure, épaississant : E415, gélifiant :E401, E407, arôme (céleri), émulsifiants : E471, E322, conservateurs : propionate de calcium, sorbate de potassium, nitrite de sodium, gluten de blé, anti-oxygènes : iso-ascorbate de sodium, alpha-tocophérol, colorant : béta-carotène, oeuf. || Valeur énergétique en Joules :  1157kj || Valeur énergétique en Kcal : 276kcal || Glucides : 27g || Lipides : 13g || Protides :12g || A conserver à +4°C. Conditionné sous atmosphère protectrice. || 
12,35€ / Kg || 
2,47 € || 
Croque monsieur au jambon et fromage, sans croûte || La barquette de 2, 200g || Origine : FRANCE || Poêle : 4min. de chaque côté à feu doux sans ajouter de matière grasse. Four : préchauffage Th7 (220°C), 4min. de chaque côté sur la plaque chaude du four. || Farine de blé, eau, jambon cuit standard 18%, emmental 8%, fromages, huiles et graisses végétales (palme, colza), beurre, protéines de lait, sel, dextrose, amidon modifié, sels de fontes : E331, E452, stabilisant : polyphosphates, lactosérum, levure,émulsifiants : E471, E322, épaississants : E415, E407, conservateurs : propionate de calcium, sorbate de potassium, nitrite de sodium, gluten de blé, arômes (céleri), anti-oxygène : iso-ascorbate de sodium, alpha-tocophérol, colorant : béta-carotène, oeuf. || Valeur énergétique en Joules :  1218Kj || Valeur énergétique en Kcal : 291kcal || Glucides : 27g || Lipides : 15g || Protides :12g || A conserver à +4°C. || 
8,25€ / Kg || ##
Croque monsieur au jambon et fromage, sans croûte || La barquette de 2, 200g || Origine : FRANCE || Poêle : 4min. de chaque côté à feu doux sans ajouter de matière grasse. Four : préchauffage Th7 (220°C), 4min. de chaque côté sur la plaque chaude du four. || Farine de blé, eau, jambon cuit standard 18%, emmental 8%, fromages, huiles et graisses végétales (palme, colza), beurre, protéines de lait, sel, dextrose, amidon modifié, sels de fontes : E331, E452, stabilisant : polyphosphates, lactosérum, levure,émulsifiants : E471, E322, épaississants : E415, E407, conservateurs : propionate de calcium, sorbate de potassium, nitrite de sodium, gluten de blé, arômes (céleri), anti-oxygène : iso-ascorbate de sodium, alpha-tocophérol, colorant : béta-carotène, oeuf. || Valeur énergétique en Joules :  1218Kj || Valeur énergétique en Kcal : 291kcal || Glucides : 27g || Lipides : 15g || Protides :12g || A conserver à +4°C. || 
8,25€ / Kg || ##
Croque monsieur au jambon et fromage, sans croûte || La barquette de 2, 200g || Origine : FRANCE || Poêle : 4min. de chaque côté à feu doux sans ajouter de matière grasse. Four : préchauffage Th7 (220°C), 4min. de chaque côté sur la plaque chaude du four. || Farine de blé, eau, jambon cuit standard 18%, emmental 8%, fromages, huiles et graisses végétales (palme, colza), beurre, protéines de lait, sel, dextrose, amidon modifié, sels de fontes : E331, E452, stabilisant : polyphosphates, lactosérum, levure,émulsifiants : E471, E322, épaississants : E415, E407, conservateurs : propionate de calcium, sorbate de potassium, nitrite de sodium, gluten de blé, arômes (céleri), anti-oxygène : iso-ascorbate de sodium, alpha-tocophérol, colorant : béta-carotène, oeuf. || Valeur énergétique en Joules :  1218Kj || Valeur énergétique en Kcal : 291kcal || Glucides : 27g || Lipides : 15g || Protides :12g || A conserver à +4°C. || 
11,00€ / Kg || 
2,20 € || 
Croque monsieur au jambon fumé et au fromage || La barquette de 2, 200g || Origine : FRANCE || 2 croque monsieur au pain de mie spécial de campagne, avec du fromage fondu  et du jambon fumé, de 100g chacun, conditionnés en barquette rigide avec film imprimé. || Farine de blé, eau, jambon de porc 18%, fromages 16%, farine complète de blé 9%, huiles et matières grasses végétales (palme, colza), beurre, protéines de lait, sel, dextrose, amidons modifiés de maïs, sels de fonte, stabilisants : polyphosphate, levain de seigle désactivé, lactosérum, farine de malt torréfié, levure, conservateurs : propionate de calcium, sorbate de potassium, nitrite de sodium, gélifiant, gluten de blé, arômes (céleri), émulsifiant, antioxygène : iso-ascorbate de sodium, alpha-tocophérol, colorant : béta-carotène, fumée. || Valeur énergétique en Joules :  1244Kj || Valeur énergétique en Kcal : 297Kcal || Glucides : 26,9g || Lipides : 15,6g || Protides :12,3g || A conserver à +4°C. || 
13,90€ / Kg || 
2,78 € || 
Croque monsieur maxi au fromage et au jambon || La barquette de 2, 300g || Origine : FRANCE || Poêle : 8 minutes : 4 minutes des chaque côté à feu doux sans ajouter de matière grasse. Four : 8 minutes : préchauffage th 7 (220°C), 4 minutes de chaque côté sur la plaque chaude du four. || Farine de blé, eau, jambon cuit standard 20%, emmental 8%, fromages, huiles et graisses végétales (palme, colza), beurre, protéines de lait, sel, dextrose, amidons modifiés, stabilisant : polyphosphates : sels de fontes : E331, E452, lactosérum, levure, émulsifiants : E471, E322, épaississants : E415, E407, conservateurs : propionate de calcium, sorbate de potassium, nitrite de sodium, gluten de blé, arômes (céleri), anti oxygène : iso-ascorbate de sodium, alpha-tocophérol, colorant : béta-carotène, oeuf. || Valeur énergétique en Joules :  1172 || Valeur énergétique en Kcal : 280 || Glucides : 26 || Lipides : 14 || Protides :12,5 || A conserver à +4°C. Conditionné sous atmosphère protectrice. || 
11,00€ / Kg || 
3,30 € || 
Pain aux céréales, cantal, jambon et chutney aux oignons || La barquette de 2, 220g || Origine : FRANCE || 
14,91€ / Kg || 
3,28 € || 
Tendre Croque classique, sel réduit de 25% || Le paquet de 2 croques, 200g || Origine : FRANCE || Poêle (8mn) : 4mn de chaque côté à feu doux sans ajouter de matière grasse. Four (8mn) : Préchauffage th 7 (220°C). 4mn de chaque côté sur la plaque chaude du four. || Farine de blé, eau, jambon cuit standard 18%, emmental 13%, huile et graisse végétale (colza, palme), fromages, beurre, poudre de lait écrémé, sel, protéines de lait, dextrose, stabilisant : polyphosphate, levure, épaississants : E415, E410, émulsifiants : E471, E322, conservateurs : propionate de calcium, sorbate de potassium, nitrite de sodium, gluten de blé, arômes (céleri), antioxydant : iso-ascorbate de sodium, tocopherol, acidifiant : acide lactique, colorant béta-carotène, oeuf. Sel réduit de 25% par rapport à la moyenne du marché. || Valeur énergétique en Joules :  1160kj || Valeur énergétique en Kcal : 277kcal || Glucides : 27g || Lipides : 13g || Protides :12g || A conserver à +4°C. A consommer rapidement après ouverture. Conditionné sous atmosphère protectrice. || 
13,65€ / Kg || 
2,73 € || 
Mini Cheese Burgers || Le paquet de 6, 270g || Origine : FRANCE || Pains burger 25%: farine, beurre, sel, sucre, crÈme Ípaisse, eau, levure, oeufs, gluten, farine de seigle, acide ascorbique, E471, E481, sÍsame  Garnitures 75%: steak hachÍ(22g) 55% origine UE, cheddar (fromage cheddar 66%, lait ÍcrÍmÍ, beurre, laitÍcrÍmÍ en poudre, sel de fonte  E331 ? E339 , protÍine de lait, sel, extrait de paprika, agent sÍparateur, lÍcithine d?huile de tournesol),  cornichons, ketchup (tomates, sirop de glucose, fructose, sucre, vinaigre d?alcool, amidon de maÕs modifiÍ,sel, ar«me naturel, Ípices) sel,  poivre  ALLERGENES GLUTEN, OEUFS, PRODUITS LAITIERS, SESAME || Valeur énergétique en Joules :  1353.1 || Valeur énergétique en Kcal : 324.2 || Glucides : 10.9 || Lipides : 19.8 || Protides :25.6 || 
25,71€ / Kg || 
6,17 € || 
Galette de blé noir jambon supérieur, emmental, mozzarella || La barquette de 2 galettes, 300g || Origine : FRANCE || Pour garnir nos galettes de blé noir fines et moelleuses et vous proposer cette savoureuse recette, nous avons sélectionné un jambon supérieur coupé en tranches comme à la crêperie, de généreuses tranches d'emmental et de la mozzarella fondante. Nousn'avons ajouté aucun conservateur, pour plus de plaisir et de naturel. Nous vous souhaitons un bon repas ! || A la poêle, notre préférence : faites fondre une noisette de beurre et réchauffez la galette 6 minutes à feu doux sans la retourner. Au four, du croustillant sans matières grasses : préchauffez le four à 200°C, puis placez la galette sur la plaque pendant 7 minutes. Au micro-ondes, le plus rapide : les galettes peuvent être réchauffées sur une assiette 2 minutes au micro-ondes (750W).  Poêle. Four. Micro-ondes. || A conserver entre 0°C et +4°C. A consommer rapidement après ouverture. || 
12,53€ / Kg || 
3,76 € || 
Galettes au sarrasin, fromage frais et tomate || Les 2 galettes, 300g || Origine : FRANCE || 
13,40€ / Kg || 
4,02 € || 
Galettes de sarrasin chèvre lardons || Les 2 galettes, 300g || Origine : FRANCE || 
13,40€ / Kg || 
4,02 € || 
Galettes au son d'avoine, goût sucré || Le sachet de 280g || Origine : FRANCE || Eau-Son d'avoine 44%-Blanc d'oeufs en poudre-lait écrémé en poudre-Graines de lin brun-Edulcorant: E951-Poudre à lever: E450, E500-Sel-Arôme naturel de vanille. Contient une source de phénylalanine, || Valeur énergétique en Joules :  591kj || Valeur énergétique en Kcal : 140kcal || Glucides : 16g || Lipides : 2,9g || Protides :10g || 
17,64€ / Kg || 
4,94 € || 
Galettes de son d'avoine au cacao dégraissé || La barquette de 2 pièces, 140g || Origine : FRANCE || Galettes de son d'avoine au cacao dégraissé avec édulcorants. || A déguster froid ou réchauffé (15 secondes au micro-ondes (850 watts) ou 30 secondes au grille-pain). || Eau, son d'avoine 39%, édulcorant : E951, poudre de cacao dégraissé 10%, lait écrémé en poudre, blanc d'oeuf en poudre, poudres à lever : E450, E500. Contient une source de phénylalanine. Contient : gluten, lait, oeuf. || Valeur énergétique en Joules :  833kj || Valeur énergétique en Kcal : 197,8kcal || Glucides : 27,17g || Lipides : 3,3g || Protides :11,4g || A conserver entre 0°C et +4°C. Après ouverture, tenir au frais recouvert d'un film alimentaire et consommer rapidement. Conditionné sous atmosphère protectrice. || 
22,79€ / Kg || 
3,19 € || 
Galettes au son d'avoine, goût salé || Le sachet de 280g || Origine : FRANCE || Eau, son d'avoine46%, blanc d'oeufs en poudre, lait écrémé en poudre,, graines de lin brun, poudre à lever, E450,E500, sel 0,8% || Valeur énergétique en Joules :  566kj || Valeur énergétique en Kcal : 135kcal || Glucides : 15g || Lipides : 2,8g || Protides :10g || 
18,00€ / Kg || 
5,04 € || 
3 sandwiches blanc de poulet et tomate concassée et un cookie || Le bag de 250g || Origine : FRANCE || Garniture 50% : blanc de poulet cuit supÍrieur 47% (viande de poulet 42%, eau, sel, ar«me naturel, dextrose, bouillon de volaille, gÍlifiant : E407, conservateur : E316), sauce au yaourt (yaourt 0% de matiÈre grasse, huile de colza, eau, jaune d'oeuf, moutarde de Dijon (eau, graines de moutarde, vinaigre d'alcool, sel), oignon,  amidon de maÕs, semoule de blÍ, vinaigre d'alcool, sel, poivre), tomate concassÍ cuisinÍe 16% (tomate et concentrÍ de tomate 14%, oignon, amidon modifiÍ de manioc, ar«menaturel, ail, sel, sucre, basilic, origan), salade 9%. (% exprimÍs sur la garniture)  Pain de mie 50% : farine de blÍ, eau, gluten de blÍ, lactose, levure boulangÈre, farine d orge maltÍ, sel, sucre, Ímulsifiant : E471,  agent de traitement de la farine : E300.  Cookie aux pÍpites de chocolat 20g : farine de blÍ, sucre roux, pÍpites de chocolat 17% (sucre, pÇte de cacao, beurre de cacao, cacao maigre en poudre, Ímulsifiant : lÍcithine de tournesol, ar«me vanille), beurre, blanc d'oeuf, jaune d'oeuf, sel, poudre Å lever : E450i, E500ii, amidon de blÍ. (% exprimÍ sur le gÇteau) || 
13,16€ / Kg || 
3,29 € || 
Galettes de jambon emmental et mozzarella || La barquette de deux galettes, 350g || Origine : FRANCE || Garniture 53%: jambon cuit 43% (jambon de porc, eau, sel, lactose, dextrose, stabilisant : E451, gÍlifiant : E407, bouillon de porc, ar«me naturel de porc, sirop de glucose, conservateurs : E250, E316, ferments), sauce blanche Å la crÈme fraÓche lÍgÈre (lait, crÈme fraÓche lÍgÈre, eau, emmental 2%, farine de blÍ, protÍines de lait, sel, poivre), mozzarella 12%, emmental 11%. (% exprimÍs sur la garniture) Galette au blÍ noir et au blÍ 47% : eau, farine de blÍ noir 25%, huile de colza, jaune d'oeuf, lait, farine de blÍ 1%, sel. (% exprimÍs sur la galette) || Valeur énergétique en Joules :  803kj || Valeur énergétique en Kcal : 192kcal || Glucides : 14,3g || Lipides : 10g || Protides :10,3g || 
11,63€ / Kg || 
4,07 € || 
Sandwich bacon, Cheddar et oeuf mimosa || Le sachet de 2 wraps, 190g || Origine : FRANCE || Galette de blé garnie d'oeuf mimosa, de bacon cuit fumé et de cheddar fondu. || Garniture 54% : oeuf mimosa 47.5% (oeuf 27%, mayonnaise allÍgÍe en matiÈre grasse (huile de colza 9%, eau, jaune d'oeuf, moutarde de Dijon (eau, graines de moutarde, vinaigre d'alcool, sel), vinaigre d'alcool, amidon de maÕs, sel, poivre), ciboulette, ar«me naturel, poivre), bacon cuit fumÍ 27% jambon de porc, eau, sel, dextrose, lactose, stabilisant : E451, ar«me de fumÍe, conservateurs : E316, E250), cheddar fondu 25.5% (cheddar 12%, eau, amidon modifiÍ de pomme de terre, beurre, protÍines delait, sel de fonte : E331, sel, colorant : extrait de paprika). (% exprimÍs sur la garniture) Galette de blÍ 46% : farine de blÍ 68%, eau, huile de colza, sucre, Ímulsifiant : E471, poudres Å lever : E500, E450, sel, acidifiant : acide malique. (% exprimÍ sur galette) || Valeur énergétique en Joules :  1115kj || Valeur énergétique en Kcal : 267kcal || Glucides : 23,5g || Lipides : 13,2g || Protides :12,3g || A conserver entre 0°C et +4°C. Conditionné sous atmosphère protectrice. || 
17,37€ / Kg || 
3,30 € || 
Sandwich Bagel, saumon, concombre et sauce fromage || Le bagel de 210g || Origine : FRANCE || 
18,38€ / Kg || 
3,86 € || 
Sandwich duo de saumon || Le sandwich de 135g || Origine : FRANCE || 
20,37€ / Kg || 
2,75 € || 
Sandwiches jambon, emmental et salade et un cookie || Le bag de 250g || Origine : FRANCE || Garniture 50% : jambon cuit supÍrieur 40% (jambon de porc, eau, sel, bouillon de porc, lactose, dextrose, conservateurs : E250, E316), sauce au yaourt (yaourt 0% de matiÈre grasse, huile de colza, eau, jaune d'oeuf, moutarde de Dijon (eau, graines demoutarde, vinaigre d'alcool, sel), oignon, amidon de maÕs, semoule de blÍ, vinaigre d'alcool, sel, poivre), emmental 23%, salade 9%. (% exprimÍs sur la garniture)  Pain de mie 50% : farine de blÍ, eau, gluten de blÍ, lactose, levure boulangÈre, farine d'orge maltÍ, sel, sucre, Ímulsifiant : E471,  agent de traitement de la farine : E300.  Cookie aux pÍpites de chocolat 20g : farine de blÍ, sucre roux, pÍpites de chocolat 17% (sucre, pÇte de cacao, beurre de cacao, cacao maigre en poudre, Ímulsifiant : lÍcithine de tournesol, ar«me vanille), beurre, blanc d'oeuf, jaune d'oeuf, sel, poudre Å lever : E450i, E500ii, amidon de blÍ. (% exprimÍ sur le gÇteau) || 
13,16€ / Kg || 
3,29 € || 
Sandwich jambon cheddar fondu || Le sandwich de 135g || Origine : FRANCE || 
16,81€ / Kg || 
2,27 € || 
Sandwich jambon et Cheddar, sauce ciboulette || Le sachet de 2 wraps, 190g || Origine : FRANCE || Galette de blé garnie d'une sauce ciboulette, de jambon cuit choix et de cheddar fondu. || Garniture 54% : sauce ciboulette 43.5% (yaourt 0% de matiÈre grasse, huile de colza, eau, moutarde de Dijon (eau, graines de moutarde, vinaigre d'alcool, sel), ciboulette 0.8%, jaune d'oeuf, fÍcule de manioc, amidon de maÕs, sucre, vinaigre d'alcool,sel, poivre), jambon cuit choix 31.5% (jambon de porc, eau, acidifiant : E326, sel, sirop de glucose, ar«mes naturels, dextrose, lactose, conservateurs : E316, E250, ferments), cheddar fondu 25% (cheddar 12%, eau, amidon modifiÍ de pomme de terre, beurre, protÍines de lait, sel de fonte : E331, sel, colorant : extrait de paprika). (% exprimÍs sur la garniture) Galette de blÍ 46% : farine de blÍ 68%, eau, huile de colza, sucre, Ímulsifiant : E471, poudres Å lever : E500, E450, sel, acidifiant :acide malique. (% exprimÍ sur galette) || A conserver entre 0°C et +4°C. Conditionné sous atmosphère protectrice. || 
17,37€ / Kg || 
3,30 € || 
Carottes râpées, avec sauce salade || La barquette de 200g || Origine : FRANCE || Monoprix a sélectionné pour vous, avec des entreprises partenaires, des produits issus de l'agriculture biologique. Leurs modes de production et de transformation sont contrôlés et certifiés par un organisme indépendant, conformément à la réglementation en vigueur. Les producteurs emploient des fertilisants respectueux de l'environnement et pratiquent la rotation des cultures afin de garder des sols vivants et une fertilité durable. || Carottes 83%*, sauce salade 17% [huile de tournesol*, eau, vinaigre d'alcool*, échalote*, moutarde de Dijon* (eau, graines de moutarde*, vinaigre de cidre*, sel), sel, arômes naturels de citron 0,5%, poivre*]. *ingrédients issus de l'agriculture biologique. || Valeur énergétique en Joules :  382Kj || Valeur énergétique en Kcal : 92KCal || Glucides : 5,8g || Lipides : 7,3g || Protides :0,7g || A conserver entre 0° C et + 4° C. || 
11,05€ / Kg || 
2,21 € || 
Carottes râpées, avec sauce salade || La barquette de 200g || Origine : FRANCE || Monoprix a sélectionné pour vous, avec des entreprises partenaires, des produits issus de l'agriculture biologique. Leurs modes de production et de transformation sont contrôlés et certifiés par un organisme indépendant, conformément à la réglementation en vigueur. Les producteurs emploient des fertilisants respectueux de l'environnement et pratiquent la rotation des cultures afin de garder des sols vivants et une fertilité durable. || Carottes 83%*, sauce salade 17% [huile de tournesol*, eau, vinaigre d'alcool*, échalote*, moutarde de Dijon* (eau, graines de moutarde*, vinaigre de cidre*, sel), sel, arômes naturels de citron 0,5%, poivre*]. *ingrédients issus de l'agriculture biologique. || Valeur énergétique en Joules :  382Kj || Valeur énergétique en Kcal : 92KCal || Glucides : 5,8g || Lipides : 7,3g || Protides :0,7g || A conserver entre 0° C et + 4° C. || 
11,05€ / Kg || 
2,21 € || 
Carottes rapées, vinaigrette allégée || La barquette de 300g || Origine : FRANCE || Carottes râpées avec vinaigrette allégée en matières grasses (15%). || Carottes 85%, huile de colza 5,5%, eau, vinaigre d'alcool, moutarde (eau, graines de moutarde, vinaigre d'alcool, sel, acidifiant : acide citrique), jus concentré de citron (jus de citron, acidifiant : acide citrique), sel, purée de citron (citron, sucre semoule, acidifiant : acide citrique), sucre, poivre, épaississants : gomme guar, gomme xanthane. || Valeur énergétique en Joules :  332Kj || Valeur énergétique en Kcal : 80Kcal || Glucides : 5,7g || Lipides : 5,3g || Protides :0,9g || A conserver entre 0°C et +4°C. Consommer immédiatement après ouverture. || 
2,97€ / Kg || 
0,89 € || 
Carottes râpées, vinaigrette allégée || La barquette de 500g || Origine : FRANCE || Carottes 85%, huile de colza, eau, vinaigre d'alcool, moutarde (eau, graines de moutarde, vinaigre d'alcool, sel, acidifiant : acide citrique), jus de citron concentré (jus de citron, acidifiant : acide citrique), sel, purée de citron (citron, sucresemoule, acidifiant : acide citrique), sucre, poivre, épaississants : gomme guar, gomme xanthane. || Valeur énergétique en Joules :  316Kj || Valeur énergétique en Kcal : 076Kcal || Glucides : 6,2g || Lipides : 5,0g || Protides :1,5g || A conserver entre 0°C et +4°C. A consommer rapidement après ouverture. || 
2,48€ / Kg || 
1,24 € || 
Céleri rémoulade || La barquette de 300g || Origine : FRANCE || Céleri rave frais râpé 71%, sauce rémoulade 29% : eau, huile de colza, moutarde (eau, graines de moutarde, vinaigre d'alcool, sel, acidifiant : acide citrique), vinaigre d'alcool, sucre, sel, jaune d'oeuf, amidon transformé de pomme de terre, concentré de citron (jus de citron, acidifiant : acide citrique), amidon transformé de maïs, épaississants : gomme guar et gomme xanthane, poivre, colorant : lutéine. || Valeur énergétique en Joules :  345Kj || Valeur énergétique en Kcal : 84KCal || Glucides : 0,9g || Lipides : 8,4g || Protides :1,1g || A conserver entre 0°C et +4°C. || 
4,23€ / Kg || 
1,27 € || 
Choux, carottes râpées et raisons secs || La barquette de 200g || Origine : FRANCE || Monoprix a sélectionné pour vous, avec des entreprises partenaires, des produits issus de l'agriculture biologique. Leurs modes de production et de transformation sont contrôlés et certifiés par un organisme indépendant, conformément à la réglementation en vigueur. Les producteurs emploient des fertilisants respectueux de l'environnement et pratiquent la rotation des cultures afin de garder des sols vivants et une fertilité durable. || Chou blanc* 41%, carotte* 31%, sauce* [huile de tournesol*, eau, vinaigre d'alcool*, moutarde* 1,4% (eau, graines de moutarde*, vinaigre d'alcool*, sel), sel], raisins secs* 5% (raisins*, huile de tournesol*). *ingrédients issus de l'agriculture biologique. || Valeur énergétique en Joules :  425Kj || Valeur énergétique en Kcal : 102KCal || Glucides : 13g || Lipides : 5,2g || Protides :1g || A conserver entre 0°C et + 4°C. || 
13,50€ / Kg || 
2,70 € || 
Choux, carottes râpées et raisons secs || La barquette de 200g || Origine : FRANCE || Monoprix a sélectionné pour vous, avec des entreprises partenaires, des produits issus de l'agriculture biologique. Leurs modes de production et de transformation sont contrôlés et certifiés par un organisme indépendant, conformément à la réglementation en vigueur. Les producteurs emploient des fertilisants respectueux de l'environnement et pratiquent la rotation des cultures afin de garder des sols vivants et une fertilité durable. || Chou blanc* 41%, carotte* 31%, sauce* [huile de tournesol*, eau, vinaigre d'alcool*, moutarde* 1,4% (eau, graines de moutarde*, vinaigre d'alcool*, sel), sel], raisins secs* 5% (raisins*, huile de tournesol*). *ingrédients issus de l'agriculture biologique. || Valeur énergétique en Joules :  425Kj || Valeur énergétique en Kcal : 102KCal || Glucides : 13g || Lipides : 5,2g || Protides :1g || A conserver entre 0°C et + 4°C. || 
13,50€ / Kg || 
2,70 € || 
Coleslaw, chou blanc et carottes || La barquette de 300g || Origine : FRANCE || Salade de chou blanc et de carottes râpés en mayonnaise (11%) allégée en matière grasse. || Chou blanc 41%, carotte 32%, eau, huile de colza, oignon 4%, concentré d'orange, sucre, condiment balsamique (vinaigre de vin blanc, moût de raisin, conservateur : disulfite de potassium), vinaigre de vin blanc, sel, miel, purée et concentré de citron* (citron, sucre, acidifiant : acide citrique), moutarde de Dijon (eau, graines de moutarde, vinaigre d'alcool, sel, acidifiant : acide citrique, antioxydant : disulfite de potassium), jaune d'oeuf, vinaigre d'alcool, amidon transformé de pomme de terre, épaississants : gomme guar et gomme xanthane, poivre, colorant : lutéine. (*décongelé, ne pas recongeler). || Valeur énergétique en Joules :  303kj || Valeur énergétique en Kcal : 73kcal || Glucides : 6,2g || Lipides : 4,4g || Protides :0,8g || A conserver entre 0°C et + 4°C. A consommer immédiatement après ouverture. || 
5,67€ / Kg || 
1,70 € || 
Duo de tomates mozzarella au basilic || La barquette de 225g || Origine : FRANCE || Valeur énergétique en Joules :  534kj || Valeur énergétique en Kcal : 129kcal || Glucides : 4,5g || Lipides : 9,7g || Protides :5,8g || 
12,71€ / Kg || 
2,86 € || 
Lentilles et tofu fumé en vinaigrette || La barquette de 200g || Origine : FRANCE || Lentilles vertes cuites 43%, spécialité végétale à base de soja* 26% (tofu* 23%, eau, soja* 7%, gélifiants : E509 et E511 ), sauce soja* (eau, soja*, blé*, sel, ferments), ail*, épices*, sel), sauce vinaigrette* 16% (huile de tournesol*, eau, vinaigre*, moutarde* (eau, graines de moutarde, vinaigre d'alcool*, sel), sel), oignons rouges* 13%, sel, poivre*, vinaigre d'alcool*. *Ingrédients issus de l'agriculture biologique. || Valeur énergétique en Joules :  585 || Valeur énergétique en Kcal : 140 || Glucides : 6,8g || Lipides : 8,2g || Protides :9,7g || A conserver entre 0°C et +4°C. || 
13,10€ / Kg || 
2,62 € || 
Lentilles et tofu fumé en vinaigrette || La barquette de 200g || Origine : FRANCE || Lentilles vertes cuites 43%, spécialité végétale à base de soja* 26% (tofu* 23%, eau, soja* 7%, gélifiants : E509 et E511 ), sauce soja* (eau, soja*, blé*, sel, ferments), ail*, épices*, sel), sauce vinaigrette* 16% (huile de tournesol*, eau, vinaigre*, moutarde* (eau, graines de moutarde, vinaigre d'alcool*, sel), sel), oignons rouges* 13%, sel, poivre*, vinaigre d'alcool*. *Ingrédients issus de l'agriculture biologique. || Valeur énergétique en Joules :  585 || Valeur énergétique en Kcal : 140 || Glucides : 6,8g || Lipides : 8,2g || Protides :9,7g || A conserver entre 0°C et +4°C. || 
13,10€ / Kg || 
2,62 € || 
Mini farfalles au poulet, pignons au pesto || La barquette de 225g || Origine : FRANCE || Avec fourchette. || Pâtes mini farfalles cuites 43,8% (eau, semoule de blé dur), poulet rôti traité en salaison décongelé 15% (aiguillettes de poulet 93%, eau, fécule de maïs, sel, maltodextrine de maïs, dextrose de blé, sirop de glucose de maïs, huile de colza), tomates 10%, sauce pesto 11,5% (fromage : parmesan 35%, pignons de pin grillés 22%, basilic 22%, huile d'olive vierge extra 17%, ail 4%), huile de colza, eau, vinaigre d'alcool, moutarde de Dijon (eau, graines de moutarde, vinaigre d'alcool, sel, conservateur : disulfite de potassium, acidifiant : acide citrique), sel, amidon transformé de pomme de terre, poivre blanc, épaississant : gomme guar, épices. || Valeur énergétique en Joules :  831kj || Valeur énergétique en Kcal : 199kcal || Glucides : 12g || Lipides : 13g || Protides :7,9g || A conserver entre 0°C et +4°C. A consommer dans les 24h après ouverture. Ne pas congeler. Conditionné sous atmosphère protectrice. || 
12,93€ / Kg || 
2,91 € || 
Quinoa aux raisins, noisettes et amandes || La barquette de 200g || Origine : FRANCE || Monoprix a sélectionné pour vous, avec des entreprises partenaires, des produits issus de l'agriculture biologique. Leurs modes de production et de transformation sont contrôlés et certifiés par un organisme indépendant, conformément à la réglementation en vigueur. Les producteurs emploient des fertilisants respectueux de l'environnement et pratiquent la rotation des cultures afin de garder des sols vivants et une fertilité durable. || Quinoa* cuit 71%, sauce* [eau, huile d'olive*, vinaigre d'alcool*, huile de tournesol*, moutarde de Dijon* (eau, graines de moutarde*, vinaigre*, sel), sel, sucre*, épaississants : gomme de xanthane et farine de guar, poivre*], raisins* 5,6%, noisettes* 3,7%, amandes* 3,7%, sel, coriandre*, épices*, poivre*. * ingrédients issus de l'agriculture biologique. || Valeur énergétique en Joules :  891Kj || Valeur énergétique en Kcal : 213KCal || Glucides : 21g || Lipides : 12g || Protides :5,5g || A conserver entre 0°C et + 4°C. || 
16,35€ / Kg || 
3,27 € || 
Quinoa aux raisins, noisettes et amandes || La barquette de 200g || Origine : FRANCE || Monoprix a sélectionné pour vous, avec des entreprises partenaires, des produits issus de l'agriculture biologique. Leurs modes de production et de transformation sont contrôlés et certifiés par un organisme indépendant, conformément à la réglementation en vigueur. Les producteurs emploient des fertilisants respectueux de l'environnement et pratiquent la rotation des cultures afin de garder des sols vivants et une fertilité durable. || Quinoa* cuit 71%, sauce* [eau, huile d'olive*, vinaigre d'alcool*, huile de tournesol*, moutarde de Dijon* (eau, graines de moutarde*, vinaigre*, sel), sel, sucre*, épaississants : gomme de xanthane et farine de guar, poivre*], raisins* 5,6%, noisettes* 3,7%, amandes* 3,7%, sel, coriandre*, épices*, poivre*. * ingrédients issus de l'agriculture biologique. || Valeur énergétique en Joules :  891Kj || Valeur énergétique en Kcal : 213KCal || Glucides : 21g || Lipides : 12g || Protides :5,5g || A conserver entre 0°C et + 4°C. || 
16,35€ / Kg || 
3,27 € || 
Salade de tortis, à la dinde, tomate et édam || La barquette de 300g || Origine : FRANCE || Salade de pâtes cuites, tomates, viande blanche de dinde traitée en salaison cuite et fromage Edam avec vinaigrette allégée en matière grasse (9%). || Pâtes 3 couleurs cuites 49% (eau, semoule de blé dur, oeuf, tomate déshydratée, épinard déshydraté et betterave déshydratée, blanc d'oeuf), tomate 12%, mais 10%, viande blanche de dinde cuite traitée en salaison 10% (viande de dinde, eau, sirop de glucose de blé, sel, gélifiant : E407, protéines de lait, farine de moutarde, extrait de levure (dont lait), isolat protéique de pois (dont gluten), poivre, conservateurs : E250 et E316), fromage : edam 7% (lait pasteurisé, sel, ferments lactiques, présure, conservateur : E251, colorant : E160b), huile d'olive vierge extra 2%, huile de colza, vinaigre d'alcool, purée et concentré de citron (jus de citron, sucre, acidifiant : E330), eau, sel, sucre, basilic, vinaigre balsamique (vinaigre balsamique, colorant : E150d, antioxydant : disulfite de potassium), poivre, épaississants : E412, E415. || Valeur énergétique en Joules :  600kj || Valeur énergétique en Kcal : 143kcal || Glucides : 15,4g || Lipides : 5,8g || Protides :6,5g || A conserver entre 0°C et +4°C. || 
8,23€ / Kg || 
2,47 € || 
Salade piémontaise, au jambon || La barquette de 300g || Origine : FRANCE || Pomme de terre cuites 50% (pommes de terre, eau, sel, stabilisant : diphosphate disodique), jambon cuit choix 15% (jambon de porc 77%, eau, sel, dextrose et sirop de glucose de blé, arôme, antioxydant : érythorbate de sodium, stabilisants : triphosphates, conservateur : nitrite de sodium), tomate 10%, huile de colza, eau, oeuf dur saumuré 4% (oeuf, eau, sel, acidifiants : citrate de sodium, acide citrique, conservateur : benzoate de sodium), cornichon saumuré 3.3% (cornichon, eau, sel, acidifiant : acide acétique, conservateur : disulfite de potassium, affermissant : chlorure de calcium), moutarde (eau, graines de moutarde, vinaigre d'alcool, sel, acidifiant : acide citrique, antioxydant : disulfite de potassium), vinaigre d'alcool, sel, jaune d'oeuf, persil, fécule de manioc, amidon transformé de pomme de terre, sucre, épaississants : gomme guar, gomme xanthane, colorant : lutéine. || Valeur énergétique en Joules :  524Kj || Valeur énergétique en Kcal : 126Kcal || Glucides : 9,4g || Lipides : 7,6g || Protides :4,2g || A conserver entre 0° et 4°C. || 
4,80€ / Kg || 
1,44 € || 
Salade poulet parmesan crôutons ail et fines herbes, sauce caesar || La barquette de 200g || Origine : FRANCE || Avec fourchette et serviette. Ouvrir les sachets. Verser les ingrédients dans la verrine. Verser la sauce. Mélanger avec la fourchette. || Crudités 45% (salade mélangée 37,5% (frisée, mâche, chicorée rouge en proportions variables), tomates cerise 7,5%). Sauce 25% (eau, huile de colza, huile d'olive, parmesan 1,7%, moutarde (eau, graines de moutarde, vinaigre, sel, acidifiant : acide citrique, conservateur : disulfite de potassium), jaune d'oeuf (jaune d'oeuf, sel, sirop de glucose), jus de citron et d'orange à base de concentré (eau, jus concentrés de citron et d'orange, acidifiant : acide citrique, extrait naturel de citron), amidon transformé de pomme de terre, ail, sel, basilic, épaississant : gomme xanthane, conservateur : sorbate de potassium). Emincés de poulet traités en salaison décongelés* 15% (filet de poulet 11%, huile de tournesol, sel, stabilisants : E407a, E451i, amidon de pomme de terre, dextrose, sucre roux). Parmesan 7,5%. Croûtons ail et fines herbes 7,5% (farine de blé, huile de tournesol, lactose, sel, levure, fines herbes 0,06%, ail 0,02%, poivre, oignon, huile de colza, sucre, arômes (contient moutarde), extrait de romarin). *Ne pas congeler. Parmesan et croûtons conditionnés sous atmosphère protectrice. Elaboré en France. || Valeur énergétique en Joules :  725kj || Valeur énergétique en Kcal : 174kcal || Glucides : 7,1g || Lipides : 12g || Protides :7,8g || A conserver entre +1°C et +4°C. || 
20,55€ / Kg || 
4,11 € || 
Salades,jambon sec,tomates,au vinaigre balsamique,avec fourchette et serviette || La barquette de 165g || Origine : FRANCE || Valeur énergétique en Joules :  870kj || Valeur énergétique en Kcal : 209kcal || Glucides : 9,7g || Lipides : 15g || Protides :8,8g || A conserver entre +1°C et +4°C. Ne pas congeler. || 
23,09€ / Kg || 
3,81 € || 
Saumon aux lentilles vertes, biologique || Le bol de 200g || Origine : FRANCE || Lentilles vertes cuites 65% -sauce vinaigrette 22% huile de tournesol, eau,    vinaigre d'alcool, moutarde (vinaigre d'alcool, graines de moutarde, eau,      sel), sel - saumon Atlantique (salmo salar) 12% - vinaigre d'alcool - sel.     Ingridients issus de l'agriculture biologique. || Valeur énergétique en Joules :  847kj || Valeur énergétique en Kcal : 202kcal || Glucides : 13g || Lipides : 12g || Protides :11g || 
16,15€ / Kg || 
3,23 € || 
Saumon aux lentilles vertes, biologique || Le bol de 200g || Origine : FRANCE || Lentilles vertes cuites 65% -sauce vinaigrette 22% huile de tournesol, eau,    vinaigre d'alcool, moutarde (vinaigre d'alcool, graines de moutarde, eau,      sel), sel - saumon Atlantique (salmo salar) 12% - vinaigre d'alcool - sel.     Ingridients issus de l'agriculture biologique. || Valeur énergétique en Joules :  847kj || Valeur énergétique en Kcal : 202kcal || Glucides : 13g || Lipides : 12g || Protides :11g || 
16,15€ / Kg || 
3,23 € || 
Taboulé à l'orientale, menthe et raisins || La barquette de 300g || Origine : FRANCE || Semoule réhydratée 64,3% (eau, semoule de blé dur 32%), légumes 21% (tomates*, oignons, poivrons verts* et rouges*), huile de colza, raisins secs 2%, épices et plantes aromatiques* (dont menthe 0,5%), vinaigre de tomates, sel, jus de citron concentré(jus de citron, acidifiant : acide citrique), jus d'orange concentré*, sucre, arôme naturel menthe avec autres arômes naturels, épaississant : gomme xanthane. (*décongelé, ne pas recongeler). || Valeur énergétique en Joules :  771Kj || Valeur énergétique en Kcal : 184KCal || Glucides : 22g || Lipides : 8,1g || Protides :4,5g || A conserver entre 0°C et + 4°C. A consommer immédiatement après ouverture. || 
3,60€ / Kg || 
1,08 € || 
Taboulé à l'orientale, menthe et raisins || La barquette de 500g || Origine : FRANCE || Semoule réhydratée 64,3% (eau, semoule de blé dur 32%), légumes 21% (tomates*, oignons, poivrons verts* et rouges*), huile de colza, raisins secs 2%, épices et plantes aromatiques* (dont menthe 0,5%), vinaigre de tomates, sel, jus de citron concentré(jus de citron, acidifiant : acide citrique), jus d'orange concentré*, sucre, arôme naturel menthe avec autres arômes naturels, épaississant : gomme xanthane. (*décongelé, ne pas recongeler). || Valeur énergétique en Joules :  711kj || Valeur énergétique en Kcal : 170kcal || Glucides : 21,6g || Lipides : 7,0g || Protides :4,2g || A conserver entre 0°C et + 4°C. A consommer rapidement après ouverture. Ingrédients décongelés, ne pas recongeler. || 
4,30€ / Kg || 
2,15 € || 
Taboulé au poulet || La barquette de 300g || Origine : FRANCE || Taboulé à base de semoule de blé dur, légumes et viande de poulet saumurée, reconstituée, cuite et rôtie. || Semoule de blé dur 23%, eau, maïs 12%, préparation de viande de poulet 10% (viande de poulet 9.5%, eau, sel, protéines de blé, amidon de pomme de terre, dextrose de blé, stabilisant : algues Eucheuma transformées, arômes), tomate 9%, poivron rouge 7%, huile de colza 5,5%, poivron vert 4%, huile d'olive vierge extra 1.4%, vinaigre d'alcool, concentré de citron et purée de citron (citron, sucre, acidifiant : acide citrique), tomato ketchup (purée de tomates, vinaigre, sucre, sel, extrait d'épiceset de plantes aromatiques (dont céleri), épice, poudre d'ail), sel, persil, ail, sucre, cumin, poivre, fenouil, coriandre, piment de Cayenne, épaississant : gomme xanthane, curcuma. || Valeur énergétique en Joules :  700kj || Valeur énergétique en Kcal : 67kcal || Glucides : 21g || Lipides : 7,1g || Protides :5,7g || A conserver entre 0°C et +4°C. || 
5,80€ / Kg || 
1,74 € || 
Taboulé boulghour à la menthe || La barquette de 225g || Origine : FRANCE || Avec fourchette. || Eau, boulghour fin (blé) 25%, vinaigrette allégée en matière grasse (huile de colza 46%, eau, vinaigre d'alcool, sel, moutarde de Dijon (eau, graines de moutarde, vinaigre d'alcool, sel, antioxydant : acide citrique), amidon transformé de pomme de terre, arôme poivre, épaississant : gomme de guar), tomates 11%, courgettes 7,2%, menthe 4%, persil, huile d'olive vierge extra, oignons, sucre. || Valeur énergétique en Joules :  753kj || Valeur énergétique en Kcal : 180kcal || Glucides : 22g || Lipides : 8,2g || Protides :3,8g || A conserver entre 0°C et +4°C. A consommer dans les 24h après ouverture. Ne pas congeler. Conditionné sous atmosphère protectrice. || 
10,89€ / Kg || 
2,45 € || 
Taboulé de légumes et raisins secs || La barquette de 200g || Origine : FRANCE || Semoule de blé* 25%, eau, tomates* 16%, sauce vinaigrette* (huile de tournesol*, eau, vinaigre d'alcool*, échalote*, moutarde de Dijon* (eau, graines de moutarde*, vinaigre de cidre*, sel), sel, arômes naturels de citron, poivre*), poivrons verts* 6.2%, poivrons rouges* 4.6%, oignons* 2.6%, raisins secs* 2%, menthe déshydratée 0.3%*. *Ingrédients issus de l'agriculture biologique. || Valeur énergétique en Joules :  685 || Valeur énergétique en Kcal : 163 || Glucides : 2,4g || Lipides : 5,9g || Protides :3,8g || A conserver entre 0°C et +4°C. || 
11,05€ / Kg || 
2,21 € || 
Taboulé de légumes et raisins secs || La barquette de 200g || Origine : FRANCE || Semoule de blé* 25%, eau, tomates* 16%, sauce vinaigrette* (huile de tournesol*, eau, vinaigre d'alcool*, échalote*, moutarde de Dijon* (eau, graines de moutarde*, vinaigre de cidre*, sel), sel, arômes naturels de citron, poivre*), poivrons verts* 6.2%, poivrons rouges* 4.6%, oignons* 2.6%, raisins secs* 2%, menthe déshydratée 0.3%*. *Ingrédients issus de l'agriculture biologique. || Valeur énergétique en Joules :  685 || Valeur énergétique en Kcal : 163 || Glucides : 2,4g || Lipides : 5,9g || Protides :3,8g || A conserver entre 0°C et +4°C. || 
11,05€ / Kg || 
2,21 € || 
Carottes maraîchères || Le pot de 200g || Origine : FRANCE || 
13,15€ / Kg || 
2,63 € || 
Taboulé || Le pot de 200g || Origine : FRANCE || 
13,15€ / Kg || 
2,63 € || 
Carottes, surimi, oeuf sauce cocktail || La barquette de 240g || Origine : FRANCE || Valeur énergétique en Joules :  397kj || Valeur énergétique en Kcal : 96kcal || Glucides : 6g || Lipides : 6,5g || Protides :2,5g || 
14,25€ / Kg || 
3,42 € || 
Carottes rapées à la coriandre || La barquette de 300g || Origine : FRANCE || Salade de carottes râpées à la coriandre assaisonnée. || Carottes (81%), eau, huile de colza, jus concentré de citron, sucre, purée d'ail, sel, moutarde (eau, graines de moutarde, vinaigre d'alcool, sel, acidifiant : acide citrique), coriandre (0,5%), vinaigre d'alcool, amidon transformé de pomme de terre,acidifiant : acide citrique, régulateurs d'acidité : citrate de calcium, ascorbate de sodium, antioxygène : acide ascorbique, conservateur : sorbate de potassium, épaississants : gomme de xanthane, gomme de guar, arôme naturel de poivre. Traces possibles de : gluten, céleri, lait, crustacés, oeuf, poisson, soja. || Valeur énergétique en Joules :  310kj || Valeur énergétique en Kcal : 75kcal || Glucides : 6g || Lipides : 4,5g || Protides :1g || A conserver entre 0°C et +4°C. A consommer rapidement après ouverture. Conditionné sous atmosphère protectrice. || 
5,23€ / Kg || 
1,57 € || 
Carottes rapées à la moutarde à l'ancienne || La barquette de 300g || Origine : FRANCE || Salade de carottes râpées à la moutarde assaisonnée. || Carottes (79%), eau, huile de colza, moutarde à l'ancienne (2%) (eau, vinaigre d'alcool, graines de moutarde, téguments, sel, acidifiant : acide citrique, arômes naturels, épices), vinaigre de vin rouge (conservateur : bisulfite de sodium), vinaigred'alcool, purée d'ail, sel, arômes naturels (céleri), moutarde (eau, graines de moutarde, vinaigre d'alcool, sel acidifiant : acide citrique), amidon transformé de pomme de terre, acidifiant : acide citrique, régulateur d'acidité : citrate de calcium, antioxygène : acide ascorbique, épaississants : gomme de xanthane, gomme de guar, glucose. Traces possibles de : gluten, céleri, lait, crustacés, oeuf, poisson, soja. || Valeur énergétique en Joules :  290kj || Valeur énergétique en Kcal : 70kcal || Glucides : 4g || Lipides : 5g || Protides :1g || A conserver entre 0°C et +4°C. A consommer rapidement après ouverture. Conditionné sous atmosphère protectrice. || 
5,37€ / Kg || 
1,61 € || 
Carottes râpées au jus de citron de Sicile || La barquette de 180g || Origine : FRANCE || Fourchette incluse. || Carottes (81%), eau, huile de colza, vinaigre d'alcool, sucre, jus de citron de Sicile (0,6%), sel, amidon transformé de pomme de terre, extrait de zeste de citron, épaississants : gomme xanthane, gomme guar, conservateur : sorbate de potassium, acidifiant : acide citrique, régulateurs d'acidité : citrate de calcium, ascorbate de sodium, antioxygène : acide ascorbique, purée d'ail, arôme naturel de poivre. Traces possibles de : gluten, céleri, moutarde, lait, crustacés, oeuf, poisson, soja. || Valeur énergétique en Joules :  320kj || Valeur énergétique en Kcal : 77kcal || Glucides : 5,5g || Lipides : 5g || Protides :1g || A conserver entre 0°C et +4°C. A consommer rapidement après ouverture. Ne pas congeler. Conditionné sous atmosphère protectrice. || 
7,89€ / Kg || 
1,42 € || 
Carottes râpées au jus de citron de Sicile || La barquette de 300g || Origine : FRANCE || Salade de carottes râpées au citron assaisonnée. || Carottes (81%), eau, huile de colza, vinaigre d'alcool, sucre, sel, jus de citron de Sicile (0,5%), épaississants : gomme de xanthane, gomme guar, concentré de jus de citron, conservateur : sorbate de potassium, acidifiant : acide citrique, régulateur d'acidité : citrate de calcium, antioxygène : acide ascorbique, ail (ail réhydraté, sel, conservateur : anhydride sulfureux), concentré de jus de carotte, arôme naturel. Traces possibles de : gluten, céleri, moutarde, lait, crustacés, oeuf, poisson, mollusques, soja, fruits à coques, graines de sésame. || Valeur énergétique en Joules :  320kj || Valeur énergétique en Kcal : 77kcal || Glucides : 5,5g || Lipides : 5g || Protides :1g || A conserver entre 0°C et +4°C. A consommer rapidement après ouverture. Conditionné sous atmosphère protectrice. || 
5,07€ / Kg || 
1,52 € || 
Carottes râpées au jus de citron de Sicile || Le barquette de 500g || Origine : FRANCE || Salade de carottes râpées au citron assaisonnée. || Carottes (81%), eau, huile de colza, vinaigre d'alcool, sucre, jus de citron de Sicile (0,7%), sel, amidon transformé de pomme de terre, extrait de zeste de citron, épaississants : gomme xanthane, gomme guar, anti-oxydant : acide ascorbique, purée d'ail, arôme naturel de poivre. Traces possibles de : gluten, céleri, moutarde, lait, crustacé, oeuf, poisson. Sans conservateur. || Valeur énergétique en Joules :  320kj || Valeur énergétique en Kcal : 77kcal || Glucides : 5,5g || Lipides : 5g || Protides :1g || A conserver entre 0°C et +4°C. A consommer rapidement après ouverture. Ne pas congeler. Conditionné sous atmosphère protectrice. || 
4,92€ / Kg || 
2,46 € || 
Céleri rémoulade au fromage blanc || La barquette de 300g || Origine : FRANCE || Salade de céleri rémoulade au fromage blanc. || Céleri (72%), huile de colza, fromage blanc (6,5%) (lait), eau, jaune d'oeuf en poudre, moutarde de Dijon (eau, graines de moutarde, vinaigre d'alcool, sel, acidifiant : acide citrique), vinaigre d'alcool, sucre, sel, épaississants : gomme guar, gomme xanthane, sirop de glucose. Traces possibles de : gluten, crustacés, poissons mollusque. || Valeur énergétique en Joules :  694kj || Valeur énergétique en Kcal : 145kcal || Glucides : 3,5g || Lipides : 15g || Protides :2g || Conserver entre 0°C et +4°C. A consommer rapidement après ouverture. Conditionné sous atmosphère protectrice. || 
6,83€ / Kg || 
2,05 € || 
Coleslaw, carotte et chou blanc || La barquette de 300g || Origine : FRANCE || Salade de choux blancs et carottes assaisonnée. || Choux blancs (50%), carottes (22%), huile de colza, oignons (3%), vinaigre d'alcool, sucre, sel, moutarde de Dijon (eau, graines de moutarde, vinaigre d'alcool, sel, acidifiant : acide citrique), poudre d'oeuf, concentré d'orange, acidifiant : acidecitrique, régulateur d'acidité : citrates de calcium, antioxygène : acide ascorbique, épaississants : farine de graine de caroube, gomme xanthane, conservateur : sorbate de potassium, arôme naturel. Traces possibles de : gluten, lait, céleri, poisson, crustacés, soja, sulfites, graines de sésame, fruits à coque. || Valeur énergétique en Joules :  492kj || Valeur énergétique en Kcal : 119kcal || Glucides : 5g || Lipides : 10g || Protides :1g || Conserver entre 0°C et +4°C. A consommer rapidement après ouverture. Conditionné sous atmosphère protectrice. || 
6,73€ / Kg || 
2,02 € || 
Piémontaise au poulet grillé, pommes de terre, maïs, tomates et oeuf || La barquette de 320g || Origine : FRANCE || Pommes de terre (45%) (antioxygène : métabisulfite de sodium, stabilisant : E450i), maïs doux (11%), tomates (9,4%), poulet grillé (9,4%) (viande de poulet, matière grasse de poulet, protéines de blé, sel, amidon de pomme de terre, stabilisants : E407a, E451i, dextrose, arôme), eau, huile de colza, vinaigre d'alcool, oeufs (1,8%), moutarde de Dijon (eau, graines de moutarde, vinaigre d'alcool, sel, acidifiant : acide citrique), sel, poudre d'oeuf entier, basilic (0,2%), conservateur : E202, épaississants : E412, E415, poudre de jaune d'oeuf, arôme naturel. Traces possibles de : céleri, lait, crustacés, poisson, soja. || Valeur énergétique en Joules :  512Kj || Valeur énergétique en Kcal : 123Kcal || Glucides : 7g || Lipides : 9g || Protides :3,5g || A conserver entre 0°C et +4°C. A consommer rapidement après ouverture. Ne pas congeler. || 
9,75€ / Kg || 
3,12 € || 
Poulet grillé, pâtes serpentini, légumes du soleil grillés + dessert || Le plateau de 400g || Origine : FRANCE || Ingr?Í?dients`salade`?(?67?%)`:`?P?Ç?tes`alimentaires`?(?39?%)(?semoule`de`bl?Í`?dur,`?oe?ufs?)?,`courgettes`?(?23?%)?,`aiguillettes`de`? || Valeur énergétique en Joules :  642 || Valeur énergétique en Kcal : 154 || Glucides : 15 || Protides :5.5 || 
12,58€ / Kg || 
5,03 € || 
Riz à la provençale au thon, tomates, petits pois, olives, maïs et poivrons || La barquette de 300g || Origine : FRANCE || Riz (52%), tomates (11%), thon (7%), petits pois (4%), olives noires (4%), mais doux (4%), poivrons rouges (2%), vinaigre de vin rouge (conservateur : bisulfite de sodium), huile de colza, huile d'olive vierge extra (1.8%), vinaigre d'alcool, basilic(0.9%), sel, moutarde de Dijon (eau, graines de moutarde, vinaigre d'alcool, sel, acidifiant : E330), acidifiant : acide lactique, conservateur : sorbate de potassium, sucre, échalote liquide (stabilisant : E413, acidifiant : E330), épaississants :gomme guar, gomme xanthane, arôme naturel. Traces possibles de : gluten, céleri, lait, crustacé, oeuf, poisson, soja, fruits à coques, graines de sésame. || Valeur énergétique en Joules :  515Kj || Valeur énergétique en Kcal : 123KCal || Glucides : 18,5g || Lipides : 4,5g || Protides :3,5g || Conserver entre 0°C et +4°C. Ne pas congeler. || 
8,20€ / Kg || 
2,46 € || 
Salade de betteraves à la moutarde || La barquette de 300g || Origine : FRANCE || Salade de betteraves assaisonnée. || Betteraves rouges (85%), oignons (6%), moutarde à l'ancienne (1%) (eau, vinaigre d'alcool, graines de moutarde, téguments, sel, acidifiant : acide citrique, arômes naturels, épices), huile de colza, purée d'ail, vinaigre d'alcool, ciboulette (0,6%),persil (0,3%), sel, moutarde de Dijon (eau, graines de moutarde, vinaigre d'alcool, sel), épaississants : gomme guar, gomme xanthane, arôme naturel de poivre. Traces possibles de : céleri, gluten, crustacés, lait, oeuf, poisson. Sans conservateur. || Valeur énergétique en Joules :  219kj || Valeur énergétique en Kcal : 52kcal || Glucides : 8g || Lipides : 1g || Protides :1,5g || A conserver entre 0°C et +4°C. A consommer rapidement après ouverture. Conditionné sous atmosphère protectrice. || 
6,37€ / Kg || 
1,91 € || 
Salade de concombres au fromage blanc || La barquette de 300g || Origine : FRANCE || Salade de concombres en sauce au fromage blanc. || Concombre (76%), sauce (huile de colza, eau, vinaigre d'alcool, sel, poudre d'oeuf, moutarde de Dijon (eau, graines de moutarde, vinaigre d'alcool, sel, acidifiant : acide citrique), sucre, épaississant : gomme xanthane, gomme guar, gomme tara, conservateur : sorbate de potassium, maltodextrine de blé, arôme naturel), fromage blanc (6.7%) (lait), ciboulette (0.5%). Traces possibles de : gluten, céleri, poisson, crustacés, soja, sulfites. || Valeur énergétique en Joules :  245Kj || Valeur énergétique en Kcal : 84kcal || Glucides : 2,5g || Lipides : 7,5g || Protides :1,0g || Conserver entre 0°C et +4°C. A consommer rapidement après ouverture. Conditionné sous atmosphère protectrice. || 
8,23€ / Kg || 
2,47 € || 
Salade de pâtes, poivrons et aiguillettes de poulet || La barquette de 300g || Origine : FRANCE || 
9,70€ / Kg || 
2,91 € || 
Taboulé à la menthe douce || La barquette de 300g || Origine : FRANCE || Semoule de blé dur réhydratée ?(?61?%)?, ?poivrons ?(?11?%)?, ?tomates ?(?6?%)?, ?huile de colza?, ?oignons?, concombres ?(?3?%)?, ?vinaigre d?'?alcool?, ?menthe douce ?(?1?%)?, ?raisins ?(?1?%) (?raisin?, ?huile de colza?)?, ?persil?, ?huile d?'?olive vierge extra?, ?sucre?, ?sel?, ?arômes naturels?, ?épices ?(?0,?3?%)?, ?conservateur ?: ?sorbate de potassium?.? Traces possibles de ?: ?céleri?, ?lait?, ?crustacé?, ?moutarde?, ?oeuf?, ?poisson?. ? || Valeur énergétique en Joules :  748kj || Valeur énergétique en Kcal : 178kcal || Glucides : 25g || Lipides : 6g || Protides :5g || Conserver entre 0°C et +4°C. A consommer rapidement après ouverture. Conditionné sous atmosphère protectrice. || 
6,37€ / Kg || 
1,91 € || 
Taboulé à la menthe douce || La barquette de 500g || Origine : FRANCE || Semoule de blé dur réhydratée (61%), poivrons (11%), tomates (6%), huile de colza, oignons, concombre (3%), vinaigre d'alcool, menthe douce (1%), raisins (1%) (raisin, huile de colza), persil, huile d'olive vierge extra, sucre, sel, arômes naturels,épices (0,3%), conservateur : sorbate de potassium. Traces possibles de : céleri, lait, crustacé, moutarde, oeuf, poisson. || Valeur énergétique en Joules :  704kj || Valeur énergétique en Kcal : 167kcal || Glucides : 25,5g || Lipides : 5g || Protides :5g || Conserver entre 0°C et +4°C. A consommer rapidement après ouverture. Ne pas congeler. Conditionné sous atmosphère protectrice. || 
5,58€ / Kg || 
2,79 € || 
Taboulé au poulet grillé || La barquette de 180g || Origine : FRANCE || Fourchette incluse. || Semoule de blé dur réhydratée (57%), poulet grillé (8%) (viande de poulet, matière grasse de poulet, protéines de blé, sel, amidon de pomme de terre, stabilisants : E407a, A451i, dextrose, arôme), poivrons (8%), huile de colza, maïs (5%), tomates (5%), petits pois (4%), vinaigre d'alcool, ciboulette (1,3%), sel, sucre, arômes naturels, épices, conservateur : sorbate de potassium. Traces possibles de : céleri, lait, crustacé, moutarde, oeuf, poisson. || Valeur énergétique en Joules :  741kj || Valeur énergétique en Kcal : 177kcal || Glucides : 19g || Lipides : 8g || Protides :6g || A conserver entre 0°C et +4°C. A consommer rapidement après ouverture. Conditionné sous atmosphère protectrice. || 
11,56€ / Kg || 
2,08 € || 
Taboulé au poulet grillé || La barquette de 500g || Origine : FRANCE || ?Semoule de blé dur réhydraté ?(?57?%)?, ?poulet grillé traité en salaison ?(?8?%)(?viande de poulet?, ?matière grasse de poulet?, ?protéines de blé?, ?sel?, ?amidon de pomme de terre?, ?stabilisant ?: ?E?407?a?-?E?451?i?, ?dextrose?, ?arôme?)?, ?poivrons (?8?%)?, ?huile de colza?, ?maïs ?(?5?%)?, ?tomates ?(?5?%)?, ?petits pois ?(?4?%)?,?vinaigre d?'?alcool?, ?ciboulette?, ?sel?, ?sucre?, ?arômes naturels?, ?épices ?(?0?,?2?%)?, ?conservateur ?: ?sorbate de potassium?. Traces possibles de ?: ?céleri?, ?lait?, ?crustacé?, ?moutarde?, ?oeuf?, ?poisson?, ?soja.? || Valeur énergétique en Joules :  741kj || Valeur énergétique en Kcal : 177kcal || Glucides : 19,0g || Lipides : 8,0g || Protides :6,0g || A conserver entre 0°C et +4°C. A consommer rapidement après ouverture. Conditionné sous atmosphère protectrice. || 
6,48€ / Kg || 
3,24 € || 
Feuilles de brik || Le sachet de 8, 136g || Origine : FRANCE || Feuilles de brick gourmandes pour créer vos idées sucrées et salées. || Faciles et rapides à mettre en oeuvre, les feuilles de brick Monoprix vous permettront de créer des entrées et des desserts de toutes les formes : samossa, demi-lune, aumônière, nem  Ne pas utiliser les feuilles de papier paraffiné. Ne jamais les mettre au four. || Farine de blé, eau, huile de tournesol, sel, conservateurs : propionate de calcium, acide sorbique, émulsifiant : lécithine de soja. || Valeur énergétique en Joules :  1263kj || Valeur énergétique en Kcal : 299kcal || Glucides : 57g || Lipides : 4,2g || Protides :7,2g || A conserver au réfrigérateur entre 0° et +8°C. Pour une bonne conservation au réfrigérateur, bien refermer le paquet après ouverture. Pour la conservation des feuilles de brick après ouverture du paquet : ne jamais excéder 2 ou 3 jours, les placer idéalement sur un torchon humide pour conserver leur malléabilité. Vous pouvez congeler les feuilles de brick. || 
10,00€ / Kg || 
1,36 € || 
Pâte à pizza fine, prête à dérouler || Le paquet de 260g || Origine : FRANCE || Pâte à pizza pour 4 personnes. Sortez votre pâte du réfrigérateur 5min. Avant de l'utiliser, elle sera beaucoup plus facile à manipuler. || Farine de blé, eau, margarine (graisses et huiles végétales de palme et tournesol non hydrogénées, sel, eau, émulsifiant: mono et diglycérides d'acides gras de palme, correcteur d'acidité: acide citrique), sel, alcool, poudres à lever: diphosphate disodique et carbonate de sodium, levure boulangère 0,3%, antioxygène: acide ascorbique. || Valeur énergétique en Joules :  1153Kj || Valeur énergétique en Kcal : 273Kcal || Glucides : 46g || Lipides : 5,6g || Protides :8,8g || A conserver entre 0°C et +4°C. || 
5,88€ / Kg || 
1,53 € || 
Pâte brisée, prête à dérouler || Le paquet de 230g || Origine : FRANCE || Sortez votre pâte du réfrigérateur 5 min. avant de l'utiliser, elle sera beaucoup plus facile à manipuler. Tarte pour 6 personnes. Moule de 28 à 30 cm de diamètre. || Farine de blé, margarine (huiles et graisses végétales en l'état et hydrogénées (palme, colza), eau, sel, émulsifiant : mono et diglycérides d'acides gras, acidifiant : acide citrique, colorant : bêta-carotène), eau, sel, alcool, sucre, jus de citronconcnetré (jus de citron, conservateur : anhydre sulfureux). Traces de lait, de soja et d'amandes. || Valeur énergétique en Joules :  1620 || Valeur énergétique en Kcal : 388 || Glucides : 39,9g || Lipides : 23g || Protides :5,3g || A conserver entre 0°C et +4°C. || 
4,48€ / Kg || 
1,03 € || 
Pâte feuilletée, prête à dérouler || Le paquet de 230g || Origine : FRANCE || Pour éviter les problèmes de cassure, cette pâte est enroulée dans sa feuille de papier cuisson.Spécialement étudiée pour résister à la cuisson, cette feuille de papier évite de graisser le moule et permet de démouler facilement la tarte. Cette pâteest idéale pour réaliser des tartes et tourtes, salées ou sucrées, chaudes ou tièdes. || Sortez votre pâte du réfrigérateur 5 min. avant de l'utiliser, elle sera beaucoup plus facile à manipuler. Tarte pour 6 personnes. Moule de 28 à 30 cm de diamètre. Préchauffer votre four à 210°C (th7). Déroulez la pâte dans un moule avec sa feuille de cuisson. Piquez la pâte avec une fourchette. Garnissez avec votre préparation salée ou sucrée. Laissez cuite 25 à 30 minutes selon la recette sur une grille à mi-hauteur. || Farine de blé, margarine (huiles et graisses végétales non hydrogénées (palme, colza), eau, sel,  émulsifiant : mono et diglycérides d'acides gras, acidifiant :acide citrique, colorant : bêta-carotène), eau, alcool éthylique, sel, sucre, jus de citron concentré (jus de citron, conservateur : anhydride sulfureux),  agent de traitement de la farine : L-cystéine. Traces de lait, d'oeuf, de soja, et d'amandes. || Valeur énergétique en Joules :  1638kj || Valeur énergétique en Kcal : 392kcal || Glucides : 39g || Lipides : 23g || Protides :6,5g || A conserver entre 0°C et +4°C. || 
3,96€ / Kg || 
0,91 € || 
Pâte sablée, prête à dérouler || Le paquet de 230g || Origine : FRANCE || Pour éviter les problèmes de cassure, cette pâte est enroulée dans sa feuille de papier cuisson.Spécialement étudiée pour résister à la cuisson, cette feuille de papier évite de graisser le moule et permet de démouler facilement la tarte. || Cette pâte est idéale pour réaliser des tartes et tourtes, salées ou sucrées, chaudes ou tièdes. Tarte pour 6 personnes. Moule de 28 à 30cm de diamètre. Sortez votre pâte du réfrigérateur 5 minutes avant de l'utiliser, elle sera beaucoup plus facileà manipuler. || Farine de blé, margarine (huiles et graisses végétales non hydrogénées (palme, colza), eau, sel, émulsifiant : mono- et diglycérides d'acides gras, acidifiant : acide citrique, colorant : bêta-carotène), sucre, eau, oeuf entier pasteurisé en poudre,alcool, jus de citron concentré (jus de citron, conservateur : anhydride sulfureux). Traces de lait, soja et d'amandes. || Valeur énergétique en Joules :  1703 || Valeur énergétique en Kcal : 407 || Glucides : 48,7g || Lipides : 20,8g || Protides :6,2g || A conserver entre 0°C et +4°C. || 
5,91€ / Kg || 
1,36 € || 
Kit pizza pâte épaisse rectangulaire || La boite de 600g || Origine : FRANCE || Une pâte épaisse et moelleuse : son emballage à la technologie unique assure une durée de conservation et une fraîcheur plus longue. Sauce aux tomates de Provence : cuisinée uniquement avec des ingrédients naturels. || 6 à 8 parts. Préchauffez le four à 200°C (th 6/7) pour un four classique ou 180°C (th 5/6) pour un four à chaleur tournante. Ouvrez la boîte à pizza en déroulant le papier tout autour. Sous la pression de la levure, il se peut que la boîte éclate légèrement. Déroulez la pâte sur la plaque du four. Si vous voulez une pâte plus fine et encore plus grande, étirez-la. Répartissez la sauce tomate sur la pâte en une couche uniforme. Ajouter la garniture que vous souhaitez. Faites cuire 15 à 20min. || Pâte à pizza (67%) : farine de blé, eau, huile d'olive, gluten de blé, poudres à lever : glucono-delta-lactone, bicarbonate de sodium, alcool éthylique, dextrose, sel, huile végétale (colza). Fabriquée dans un atelier utilisant du lait et des oeufs.Sauce tomate cuisinée (33%) : purée de tomates 94,3%, huile de tournesol, oignons, sel, herbes aromatiques (origan, basilic), poivre. || Valeur énergétique en Joules :  773kj || Valeur énergétique en Kcal : 183kcal || Glucides : 29,4g || Lipides : 3g || Protides :6,7g || A conserver entre 0°C et +4°C. Ne pas congeler. Ne pas faire cuire au four à micro-ondes. || 
4,78€ / Kg || 
2,87 € || 
Mes 4 carrés de pâte feuilletée || La boîte de 200g || Origine : FRANCE || Sortez vos carrés du réfrigérateur 5 à 10min. avant de les utiliser, ils seront plus faciles à manipuler. Préchauffez votre four à 210°C (Th7) 10min. environ. Garnissez vos carrés avec la recette de votre choix (salée ou sucrée). Faites cuire 15 à 20min. à 210°C (Th7). || Farine de blé, margarine (matières grasses végétales en l'état et hydrogénées, eau, sel, émulsifiant : mono et diglycérides d'acides gras, correcteurs d'acidité : acide citrique, citrate de sodium), eau, beurre concentré 5% (beurre, colorant : béta-carotène), sel, alcool, sucre, colorant : béta-carotène, jus de citron concentré, arômes, agent de traitement de la farine : L-cystéine.  Peut contenir des traces d'oeuf. || Valeur énergétique en Joules :  1646Kj || Valeur énergétique en Kcal : 394KCal || Glucides : 35,6g || Lipides : 25g || Protides :4,8g || A conserver entre 0°C et +4°C. || 
6,45€ / Kg || 
1,29 € || 
Cookies aux pépites de chocolat || Le paquet de 350g || Origine : SUISSE || Pâte pour biscuit avec pépites de chocolat. || Préchauffez votre four traditionnel 15 min. Détachez les carrés de cookies. Disposez-les à mi-hauteur sur la plaque du four avec du papier sulfurisé. Cuire 10-12 min à 180°C. Sortir les cookies encore mous et les retirer de la plaque du four. En refroidissant, les cookies deviennent croquants à l'extérieur et moelleux à l'intérieur. C'est prêt ! Pâte crue. Ne pas consommer avant cuisson. || Pépites de chocolat73% (sucre, pâte de cacao, beurre de cacao, émulsifiant : lécithine de soja, vanilline), Farine de blé, Margarine (huile de palme, eau, huile de colza, émulsifiant : mono-et diglycéride d'acides gras, acidifiant : acide citrique :colorant : bêta carotène), Sucre, Sucre de canne, Amidon de blé, Oeuf en poudre, Sriop de glucose en poudre Poudres à lever : carbonates de sodium, E450, Sel, Arôme vanille. Peut contenir des traces de lait et fruits àcoque. A consommer jusqu'au : voir sur le côté du paquet || Valeur énergétique en Joules :  1847Kj || Valeur énergétique en Kcal : 441Kcal || Glucides : 59,6g || Lipides : 20,2g || Protides :4,3g || A conserver à +4°C || 
8,54€ / Kg || 
2,99 € || 
Pâte à pizza, ronde et fine || Le paquet de 260g || Origine : SUISSE || La pâte à pizza Herta est élaborée à partir d'une levure boulangère sélectionnée pour son aptitude à lever et développer le goût de pain caractéristique de la pâte à pizza. || Diamètre 24 cm. Plat principal : 2/4 personnes. Déroulez votre pâte à pizza sur la plaque de votre four, en conservant la feuille de cuisson 15 minutes avant de la garnir. Découpez l'excédant de papier et préchauffez votre four th.7 (220°C). 2.Etalezdeux cuillerées à soupe de coulis de tomates puis ajoutez vos ingrédients (jambon, champignons, fromage, olives). Pâte crue, ne pas consommer avant cuisson. 3.Faites cuire dans le bas de votre four 14 à 16 minutes selon vos préférences de cuisson. Dégustez votre délicieuse pizza à la texture crousti-moelleuse ! || Farine de blé, eau, matières grasses végétales (palme, colza), gluten de blé, sel, amidon de blé, alcool, levure boulangère. Sans additif. || Valeur énergétique en Joules :  1108kj || Valeur énergétique en Kcal : 263kcal || Glucides : 43,8g || Lipides : 6,3g || Protides :8,9g || Conservation à  +4°C. Conditionné sous atmosphère protectrice. || 
6,85€ / Kg || 
1,78 € || 
Pate à tarte brisée || Le paquet de 230g || Origine : SUISSE || 
4,07€ / Kg || ##
Pate à tarte brisée || Le paquet de 230g || Origine : SUISSE || 
4,07€ / Kg || ##
Pate à tarte brisée || Le paquet de 230g || Origine : SUISSE || 
5,43€ / Kg || 
1,25 € || 
Pâte à tarte feuilletée || Le paquet de 230g || Origine : SUISSE || 
5,48€ / Kg || 
1,26 € || 
Pâte brisée, sans additif || Le sachet de 320g || Origine : SUISSE || Valeur énergétique en Joules :  1616kj || Valeur énergétique en Kcal : 387kcal || Glucides : 40,7g || Lipides : 20,9g || Protides :6,2g || 
6,57€ / Kg || 
1,84 € || 
Pate feuilletée, fabriquée à partir de farine complète || La pièce de 230g || Origine : ITALIE || La pâte à tarte 'Tarte en Or' Feuilletée Herta à la farine complète est naturellement source de fibres et élaborée à partir de blé complet sélectionné. || Pâte crue, ne pas consommer avant cuisson. || Farine de blé, huiles végétales (palme, colza), eau, farine de blé complète (4,8%), gluten de blé, fibres de chicorée 1,5%, sel, alcool, son de blé 0,5%, jus de citron concentré, extraits de fruits et légumes (carotte, pomme, citron), levure. Sans matière grasse hydrogénée. || Valeur énergétique en Joules :  1635kj || Valeur énergétique en Kcal : 392kcal || Glucides : 35,9g || Lipides : 23,5g || Protides :7,7g || A conserver à +4°C. || 
9,61€ / Kg || 
2,21 € || 
Pâte pour maxi pizza, rectangulaire et fine || Le sachet de 385g || Origine : FRANCE || Filet de poulet, sel, bouillons (eau, os de poulet, carottes, oignon, poireau, plantes aromatiques, épices, condiment), dextrose, extrait de levure, céleri. Conservateur: nitrite de sodium. Colorant : caramel ordinaire. Contient : céleri. || Valeur énergétique en Joules :  1200kj || Valeur énergétique en Kcal : 285kcal || Glucides : 42,8g || Lipides : 8,5g || Protides :6,6g || 
7,09€ / Kg || 
2,73 € || 
Pâte sablée, sans additif || Le sachet de 320g || Origine : SUISSE || Pâte crue, ne pas consommer avant cuisson. Préchauffez votre four th 7 (200°C) environ 15 minutes. Déroulez la pâte dans votre moule en conservant la feuille de cuisson. Pressez les bords et le fond de tarte contre le moule. Découpez la feuille de papier sulfurisé qui dépasse. Piquez les bords et le fond de tarte avec une fourchette afin d'éviter que la pâte ne gonfle trop. Pour cuire votre pâte à blanc : recouvrez le fond de pâte d'une feuille de papier sulfurisé et déposez sur le dessus des haricots secs, grains de riz ou du gros sel. Faites cuire dans le bas de votre four environ 20 à 25 minutes (four traditionnel) ou 15 à 20 minutes (four à chaleur tournante), puis retirez la feuille de papier sulfurisé et prolongez la cuisson de 3 à 5minutes en surveillant la coloration. Pour cuire votre pâte garnie : répartissez votre préparation sucrée et faites cuire dans le bas de votre four de 40 à 45 minutes (four traditionnel) ou de 30 à 35 minutes (four à chaleur tournante). || Farine de blé, huiles végétales (palme, colza, tournesol), sucre, eau, jus de citron concentré, alcool, fruits et légumes concentrés (carotte, pomme, citron), sel. Sans additif. || Valeur énergétique en Joules :  1772kj || Valeur énergétique en Kcal : 423kcal || Glucides : 52,5g || Lipides : 20,4g || Protides :5,4g || A conserver à +4°C. || 
7,84€ / Kg || 
2,51 € || 
Pâte brisée || Le sachet de 230g || Origine : FRANCE || Farine de blÍ, beurre concentrÍ (22%), eau,glucose, sel, vinaigre, gluten, germe de blÍ, cystÍine. MatiÈre grasse en provenance du lait 22 g pour 100 g de produit. Formule A - Article 4 - RÈglement CE n¢ 2571/97 Contient : blÍ, lait || Valeur énergétique en Joules :  1554kj || Valeur énergétique en Kcal : 371kcal || Glucides : 42,7g || Lipides : 19,2g || Protides :7g || 
6,04€ / Kg || 
1,39 € || 
Pâte brisée, pur beurre || Le paquet de 230g || Origine : FRANCE || 100% d'ingrédients naturels. || Pour un déroulage plus facile, sortir la pâte du réfrigérateur 10 min avant utilisation. Piquer le fond de la tarte avant de la garnir. Recouvrir le fond de la pâte. Cuire jusqu'à ce que les bords commencent à dorer. Retirer les légumes secs, garnirla tarte et continuer la préparation. || Farine de blé, eau, beurre pâtissier 18%, vinaigre (un trait : conservateur naturel), sucre, sel. || Valeur énergétique en Joules :  1587kj || Valeur énergétique en Kcal : 379kcal || Glucides : 45,9g || Lipides : 19,2g || Protides :5,6g || A conservation entre 0°C et +8°C. Conditionné sous atmosphère protectrice. || 
8,00€ / Kg || 
1,84 € || 
Pâte feuilletee || Le sachet de 230g || Origine : FRANCE || Farine de blÍ, beurre concentrÍ (22%), eau,glucose, sel, vinaigre, gluten, germe de blÍ, cystÍine. MatiÈre grasse en provenance du lait 22 g pour 100 g de produit. Formule A - Article 4 - RÈglement CE n¢ 2571/97 Contient : blÍ, lait || Valeur énergétique en Joules :  1516kj || Valeur énergétique en Kcal : 363kcal || Glucides : 38,3g || Lipides : 20,3g || Protides :6,7g || 
5,57€ / Kg || 
1,28 € || 
Pâte feuilletée, pur beurre || Le paquet de 230g || Origine : FRANCE || 100% d'ingrédient naturels. || Pour un déroulage plus facile, sortir la pâte du réfrigérateur 10 min avant utilisation. Piquer le fond de la tarte avant de la garnir. Cuisson à blanc : recouvrir le fond de la pâte avec des légumes secs. Cuire à 180°C (th 6) jusqu'à ce que les bords commencent à dorer. Retirer les légumes secs, garnir la tarte et continuer la préparation. || Farine de blé, eau, beurre pâtissier 19%, vinaigre (un trait : conservateur naturel), une pincée de sel. Sans matière grasses hydrogénées. || Valeur énergétique en Joules :  1557Kj || Valeur énergétique en Kcal : 373KCal || Glucides : 38,0g || Lipides : 21,2g || Protides :6,6g || A conserver entre 0°C et +8°C. Conditionné sous atmosphère protectrice. || 
7,70€ / Kg || 
1,77 € || 
Feuilles de brick || Les 10 bricks, 170g || Origine : FRANCE || 
9,35€ / Kg || 
1,59 € || 
Gnocchi, à poêler || Le paquet de 300g || Origine : FRANCE || Gnocchi à la semoule de blé dur et aux flocons de pommes de terre. || A la poêle : faites fondre une noisette de beurre dans une poêle anti-adhésive ou ajouter 2 cuillères à soupe d'huile d'olive. Saisissez les Gnocchi pendant 2 minutes tout en les remuant. Couvrez et laissez cuire à feu moyen pendant 4 minutes en lesretournant régulièrement. Servez aussitôt. || Eau, semoule de blé dur de qualité supérieure 27%, flocons de pommes de terre déshydratés 15% (flocons de pommes de terre, émulsifiants : mono et diglycérides d'acides gras, diphosphate de sodium, acidifiant : acide citrique, curcuma), sel, huile detournesol. Enrobage : farine de riz. || Valeur énergétique en Joules :  745kj || Valeur énergétique en Kcal : 176kcal || Glucides : 35g || Lipides : 1,2g || Protides :5g || A conserver entre 0°C et 4°C. || 
5,20€ / Kg || 
1,56 € || 
Gnocchi à la semoule de blé dur || La barquette de 400g || Origine : FRANCE || Semoule de blé dur de qualité supérieure 46%, eau, huile de tournesol, sel. Enrobage : farine de riz. || 2 personnes. Plongez les gnocchi dans 2 litres d'eau bouillante salée. Remuez délicatement et attendez qu'ils remontent à la surface. Laissez cuire 1 minute. Egouttez, servez dans un plat chaud et accommodez selon votre goût. || Valeur énergétique en Joules :  860kj || Valeur énergétique en Kcal : 204kcal || Glucides : 38g || Lipides : 3,4g || Protides :6,5g || A conserver entre 0°C et +4°C. || 
4,15€ / Kg || 
1,66 € || 
Gnocchi de pommes de terre bio || Le paquet de 300g || Origine : FRANCE || Eau- flocons de pomme de terre 17% (pomme de terre déshydratée*, extrait de romarin*)- semoule de blé dur* 13,7%- amidon de pomme de terre*- lait partiellement écrémé en poudre* 1%- sel- curcuma. Ingrédients issus de l'agriculture biologique. || Valeur énergétique en Joules :  682kj || Valeur énergétique en Kcal : 161kcal || Glucides : 34g || Lipides : 0,5g || Protides :3,4g || 
6,50€ / Kg || 
1,95 € || 
Gnocchi de pommes de terre bio || Le paquet de 300g || Origine : FRANCE || Eau- flocons de pomme de terre 17% (pomme de terre déshydratée*, extrait de romarin*)- semoule de blé dur* 13,7%- amidon de pomme de terre*- lait partiellement écrémé en poudre* 1%- sel- curcuma. Ingrédients issus de l'agriculture biologique. || Valeur énergétique en Joules :  682kj || Valeur énergétique en Kcal : 161kcal || Glucides : 34g || Lipides : 0,5g || Protides :3,4g || 
6,50€ / Kg || 
1,95 € || 
Ravioles au basilic || La barquette de 240g || Origine : FRANCE || Pour mieux apprècier les ravioles, ouvrez l'emballage et laissez-les 20min au réfrigérateur avant de les faire cuire. Portez à ébullition 2 litres d'eau salée dans laquelle vous aurez préalablement fait fondre un morceau de beurre ou un bouillon cubede volaille. Plongez les plaques de ravioles entières débarrassées de leur papier de protection, et remuez délicatement à l'aide d'une écumoire jusqu'à ce qu'elles soient détachées. Ne pas faire bouillir les ravioles. Dés qu'elles remontent à la surface, soit après une minute maximum,    retirez-les avec une écumoire et servez-les immédiatement dans un plat chaud. || Pâte 50% : farine de blé tendre, eau, oeufs frais, huile de tournesol. Farce 50% : fromage blanc frais, fromage fondu (fromage, amidon transformé de pomme de terre, lactosérum, sel, arôme naturel), fromage ricotta de vache( lactosérum et crème de lait, sel, acidifiant : acide citrique), basilic de Provence 15%, emmental, flocons de pomme de terre (pommes de terre déshydratées 99%, émulsifiant : E471, antioxydants : E304, E300, correcteur d'acidité : E330), sel, beurre. Pourcentages exprimés surla farce. || Entre 0°c et +4°C. || 
13,88€ / Kg || 
3,33 € || 
Ravioles du Dauphinois || La barquette de 240g || Origine : FRANCE || Monoprix Gourmet a sélectionné pour vous ces Ravioles du Dauphiné pour leurs qualités gustatives. Leur farce au goût typé sera appréciée des plus fins gourmets. || Portez à ébullition une grande quantité d'eau (2 à 3 Litres), légèrement salée dans laquelle on aura fait fondre une noix de beurre ou un bouillon cube de volaille. Débarrassez les plaques de leur papier et les plonger entières dans l'eau. Renouez délicatement afin de détacher les carrés. Lorsque les ravioles remontent à la surface, soit après 1 minute maximun, les sortir à l'aide d'une écumoire en les égouttant brièvement et servir dans un plat chaud. Nappez d'un peu de beurre fondu ou de crèmefraîche épaisse tiède qui pourra être aromatisée de ciboulette ou de basilic. Ne pas faire bouillir les ravioles. les ravioles ne se réchauffent pas. || Pâte 50% : farine de blé tendre 72% , eau ,oeufs frais , huile de palme('Pourcentage exprimé sur la pâte).Farce 50% : comté 46%, fromage blanc,persil, sel, oeufs frais, beurre.('Pourcentage exprimé sur la farce) || Valeur énergétique en Joules :  1212kj || Valeur énergétique en Kcal : 289kcal || Glucides : 30g || Lipides : 13g || Protides :13g || A conserver entre 0°C et +4°C || 
13,88€ / Kg || 
3,33 € || 
Ravioli aux oeufs frais, au jambon et fromage || La barquette de 300g || Origine : FRANCE || Pour 2 personnes. Plongez les ravioli dans 2 litres d'eau salée en ébullition. Laissez cuire 6 minutes après reprise de l'ébullition. Egouttez et servez chaud accommodé selon votre goût de beurre, crème fraîche, sauce tomate ou d'un filet d'huile d'olive. || Pâte 60% : semoule de blé dur de qualité supérieure, eau, oeufs frais pasteurisés 10,5% (soit 140g par kg de semoule). Farce 40% : jambon cuit 17% (jambon de porc, eau, sirop de glucose de blé, sel, dextrose de blé, arômes naturels, conservateurs : érythorbate de sodium, nitrite de sodium), chapelure (farine de blé, eau, levure, sel), épaule cuite (épaule de porc, eau, sirop de glucose de blé, sel, dextrose, arômes naturels, conservateurs : érythorbate de sodium, nitrite de sodium), ricotta 13%(sérum du lait, lait, crème, sel, correcteur d'acidité : acide citrique), eau, fromage frais 7.5%, huile de palme, amidon de tapioca, arôme naturel, semoule de blé dur, sel. Traces de soja, sésame et fruits à coques. || Valeur énergétique en Joules :  1028Kj || Valeur énergétique en Kcal : 243Kcal || Glucides : 42g || Lipides : 3,9g || Protides :10g || A conserver entre 0°C et +4°C. || 
5,73€ / Kg || 
1,72 € || 
Ravioli aux oeufs frais, pur boeuf || La barquette de 300g || Origine : FRANCE || Pâte 60% : semoule de blé dur de qualité supérieure, eau, oeufs frais pasteurisés 10,8% (soit 140g d'oeufs frais par kg de semoule). Pourcentage exprimé sur la pâte. Farce 40% : viande bovine 41%, chapelure (farine de blé, eau, levure, sel), mortadelle pur boeuf 14% (viande bovine et gras de boeuf, eau, sel, protéines de pois), semoule de blé dur, préparation pour farce (fibre de pois, arôme, protéine et lactose du lait, oignon rissolé 1,8% (oignons, huile de palme, extrait de romarin), ail (dont blé et malt)), céleri, huile de tournesol, oignon frit déshydraté (oignons, huile de palme, extrait de romarin), carotte, sel, épices et herbes aromatiques, lait écrémé en poudre, arôme naturel (dont céleri). Pourcentages exprimés sur la farce. || 2 personnes. Plongez les ravioli dans un grand volume d'eau bouillante salée. Laissez cuire 8 minutes dans l'eau frémissante en remuant de temps en temps. Egouttez et accommodez selon votre goût. || Valeur énergétique en Joules :  1259kj || Valeur énergétique en Kcal : 299kcal || Glucides : 43g || Lipides : 7,7g || Protides :13g || A conserver entre 0°C et +4°C. || 
7,33€ / Kg || 
2,20 € || 
Tagliatelles aux oeufs frais || La barquette de 350g || Origine : FRANCE || Semoule de blé dur de qualité supérieure, eau, oeufs frais pasteurisés 10,8% (soit 140g/kg de semoule). || 3 personnes. Plongez les tagliatelles dans un grand volume d'eau bouillante salée. Laissez cuire 3 minutes après reprise de l'ébullition. Egouttez et accommodez selon votre goût. || Valeur énergétique en Joules :  1163kj || Valeur énergétique en Kcal : 275kcal || Glucides : 52g || Lipides : 1,9g || Protides :11g || A conserver entre 0°C et +4°C. || 
4,91€ / Kg || 
1,72 € || 
Tortellini aux oeufs frais, à la ricotta et épinards || La barquette de 300g || Origine : FRANCE || 2 personnes. Plongez les tortellini dans un grand volume d'eau bouillante salée. Laissez cuire 6 minutes dans l'eau frémissante en remuant de temps en temps. Egouttez et accommodez selon votre goût. || Pâte 60% : semoule de blé dur de qualité supérieure, eau, oeufs frais 10,8% (soit 140g/kg de semoule). Pourcentage exprimé sur la pâte. Farce 40% : flocons de pomme de terre déshydratés (pomme de terre déshydratée, émulsifiant : mono- et diglycéridesd'acides gras, stabilisant : diphosphate disodique, antioxydant : palmitate d'ascorbyle) ricotta de vache 18% (sérum de lait de vache, crème, sel, acidifiant : acide citrique), semoule de blé dur, épinards 14%, fromage blanc, basilic, huile de tournesol, persil, sel, arôme naturel (dont lait), ail. Pourcentages exprimés sur la farce. Traces de céleri. || Valeur énergétique en Joules :  11101kj || Valeur énergétique en Kcal : 263kcal || Glucides : 45g || Lipides : 4,3g || Protides :9,4g || A conserver entre 0°C et +4°C. Conditionné sous atmosphère protectrice. || 
7,33€ / Kg || 
2,20 € || 
Tortellini aux oeufs frais, au jambon cru || La barquette de 300g || Origine : FRANCE || Pour 2 personnes. Plongez les tortellini dans 2 litres d'eau salée en ébullition. Laissez cuire 8 à 9 minutes après reprise de l'ébullition. Egouttez et servez chaud accommodé selon votre goût de beurre, crème fraîche, sauce tomate ou d'un filet d'huile d'olive. || Pâte 65% : semoule de blé dur de qualité supérieure, eau, oeufs frais pasteurisés 10,5% (soit 140g par kg de semoule). Farce 35% : jambon cru 25% (jambon de porc, sel, sucre, conservateur : E252, épices), chapelure (farine de blé, eau, levure, sel),ricotta 20,6% (sérum de lait, lait, crème, sel, correcteur d'acidité : E330), mortadelle (viande et gras de porc, viande de boeuf, protéine de blé, sel, dextrose de maïs, lactose, arômes naturels, fibre de blé), huile de palme, eau, flocons de pommede terre (pommes de terre déshydratées, émulsifiant : E471, antioxydants : E304, E300, correcteur d'acidité : E330), arômes, sel. Traces de soja, sésame et fruits à coques. || Valeur énergétique en Joules :  1127Kj || Valeur énergétique en Kcal : 267Kcal || Glucides : 41g || Lipides : 6,1g || Protides :12g || A conserver entre 0°C et +4°C. || 
6,90€ / Kg || 
2,07 € || 
Délices soufflés au brochet sauvage || La barquette de 480g || Origine : FRANCE || Georges Ecochard vous invité à partager de bons moments en dégustant en famille, entre amis ou tout simplement en tête à tête, ses savoureux délices soufflés. || Au four préchauffé 10 min à 180°C ou Th6 et nappés d'une sauce de votre choix: 55 min. A la casserole, nappés d'une sauce de votre choix : 30 min. A la poêle, coupés en rondelles : 10 min à feu moyen et sans couvercle. || Conservation entre 0 et +4°c maximum. || 
8,25€ / Kg || 
3,96 € || 
Délices soufflés natures || La barquette de 480g || Origine : FRANCE || Georges Ecochard vous invité à partager de bons moments en dégustant en famille, entre amis ou tout simplement en tête à tête, ses savoureux délices soufflés. || Au four préchauffé 10 min à 180°C ou Th6 et nappés d'une sauce de votre choix: 55 min. A la casserole, nappés d'une sauce de votre choix: 30 min. A la poêle, coupés en rondelles : 10 min à feu moyen et sans couvercle. || Conservation entre 0 et +4°c maximum. || 
7,35€ / Kg || 
3,53 € || 
Quenelles lyonnaises natures || Le paquet de 240g || Origine : FRANCE || Au four : préchauffez votre four pendant 10min. à 180°C (ou Th. 6). Disposez les quenelles dans un plat à gratin sans les serrer. Nappez-les d'une sauce de votre choix (Nantua, béchamel, financière, tomate) et laissez-les gonfler pendant 25 à 30 minà la même température. Retirez du four et servez aussitôt. A la casserole : disposez les quenelles dans une casserole sans les serrer. Nappez-les d'une sauce de votre choix (Nantua, béchamel, financière, tomate), couvrez-les et laissez-les mijoter àfeu doux pendant 25 à 30 minutes. A la poêle : coupez les quenelles en rondelles et disposez-les dans une poêle anti-adhésive. Laissez-les dorer à feu moyen pendant 10 min en prenant soin de les retourner de temps en temps.  Four. Casserole. Poêle. || Oeufs frais 29%, farine de blé, eau, huile de palme non hydrogénée, blancs d'oeufs, sel et arome naturel. Présence possible de poisson et de protéines de lait. || Valeur énergétique en Joules :  891 || Valeur énergétique en Kcal : 214 || Glucides : 16,6g || Lipides : 13,2g || Protides :7,1g || A conserver entre 0°c et 4°C. || 
6,50€ / Kg || 
1,56 € || 
Quenelles brochet, pur beurre || La barquette de 200g || Origine : FRANCE || La quenelle bressane naît en 1880 de l'heureux mariage d'ingrédients du terroir : semoule de blé dur, oeufs et beurre frais, brochet. En 1910, Henri Giraudet dote la quenelle de nouvelles saveurs dans le respect d'un savoir-faire fait de simplicité,de raffinement, d'authenticité. Une tradition cultivée avec patience et passion : chez Giraudet, on moule encore certaines quenelles à la cuillères ! Aux écrevisses ou aux morilles, à la volaille ou nature, les quenelles Giraudet participent à un artde vivre empreint de saveurs et de convivialité. || Oeufs frais, brochet (20.5%), semoule de blé dur, beurre (12.5%), eau, lait frais écrémé, sel. || Valeur énergétique en Joules :  1061,5kj || Valeur énergétique en Kcal : 4437kcal || Glucides : 16,8g || Lipides : 17,8g || Protides :8g || Conservation de 0 à +4°C. || 
16,40€ / Kg || 
3,28 € || 
Quenelles natures, pur beurre || La barquette de 200g || Origine : FRANCE || La quenelle bressane naît en 1880 de l'heureux mariage d'ingrédients du terroir : semoule de blé dur, oeufs et beurre frais, brochet. En 1910, Henri Giraudet dote la quenelle de nouvelles saveurs dans le respect d'un savoir-faire fait de simplicité,de raffinement, d'authenticité. Une tradition cultivée avec patience et passion : chez Giraudet, on moule encore certaines quenelles à la cuillère ! Aux écrevisses ou aux morilles, à la volaille ou nature, les quenelles Giraudet participent à un artde vivre empreint de saveurs et de convivialité. || Pour des quenelles bien gonflées et moelleuses, votre sauce devra être liquide, peu salée et abondante (le poids de la sauce à peu près équivalent au poids des quenelles). Au four: préchauffez votre four 10 mn à 220°C (Th 7-8). Disposez les quenellesdans un plat à gratin sans les serrer. Recouvrir avec la sauce de votre choix. Laissez gonfler et gratiner les quenelles pendant environ 20 minutes. Servir immédiatement après la sortie du four. A la casserole: disposez les quenelles sans les serreret les recouvrir avec la sauce de votre choix. Laissez gonfler les quenelles à couvert sur feu doux et à petite ébullition pendant environ 12 minutes.  Four. Casserole. || Oeufs frais, semoule de blé dur, beurre (17%), eau, lait frais écrémé, sel. || Valeur énergétique en Joules :  1061,5 || Valeur énergétique en Kcal : 254,7 || Glucides : 17,8g || Lipides : 16,8g || Protides :8g || Conservation de 0°C à +4°C. || 
16,75€ / Kg || 
3,35 € || 
Sauce nantua, écrevisses || Le pot de 250g || Origine : FRANCE || Au four traditionnel : ajoutez 2 à 3 cuillerées à soupe de crème ou d'eau pour compenser l'évaporation à la cuisson. Au four micro-ondes : 2 minutes sans le couvercle. A la casserole : feu doux en remuant régulièrement.  Four. Micro-ondes. Casserole. || Fumet d'écrevisses (eau, écrevisses : 10%), lait frais écrémé, crème fraîche, beurre, vin blanc, concentré de tomates, farine de blé, amidon transformé, queues d'écrevisses décortiquées (1%), sel, madère, oignons, épices. || A conserver de 0°C à +4°C. A consommer de préférence 48h après ouverture. || 
13,44€ / Kg || 
3,36 € || 
Polenta nature, galettes de farine de maïs || Les 6 galettes, 250g || Origine : ITALIE || Micro-ondes: 3minutes. Poele: frire à l'huile ou au beurre 4 minutes de chauqe côté. || Eau, farine de maïs, sel, correcteur d'acidité: acide tartrique, conservateur: acide ascorbique. || A conserver au frais entre 0 et +4°C. || 
11,96€ / Kg || 
2,99 € || 
Mezzaluna aux oeufs frais, ricotta et basilic, fabrication artisanale || La barquette de 250g || Origine : ITALIE || Préparation : porter a ébullition 1 litre d'eau pour 100g de pâtes et ajouter une cuillère de gros sel. Lorsque l'eau bout, immerger les pâtes et les laisser cuire pendant 5 minutes pour obtenir une cuisson ferme ('al dente').  Ne pas percer l'emballage.  Casserole. || Pâte : semoule de blé dur, farine de blé tendre type '0', oeufs entiers pasteurisés (17.4% de la pâte, 8.7% sur le total du produit), eau, gluten. Farce : ricotta (74.8% sur la farce, 37.4 sur le total du produit), basilic (10.4% sur la farce, 5.2% sur le total du produit), crème de riz, sérum de lait en poudre, sel, arômes, fromage 'grana' (lait, sel, présure), poivre, noix de muscade. Allergènes : gluten, oeuf, produits dérivés du lait. Sans colorant, ni conservateur. || Valeur énergétique en Joules :  1030Kj || Valeur énergétique en Kcal : 243KCal || Glucides : 43,7g || Lipides : 3,9g || Protides :8,3g || Conserver au réfrigérateur entre 0°C et +4°C. Une fois ouvert le produit doit être conservé au réfrigérateur et consommé dans les 3 jours. || 
16,80€ / Kg || 
4,20 € || 
Mezzaluna aux oeufs frais, ricotta et cèpes, fabrication artisanale || La barquette de 250g || Origine : ITALIE || Préparation : porter a ébullition 1 litre d'eau pour 100g de pâtes et ajouter une cuillère de gros sel. Lorsque l'eau bout, immerger les pâtes et les laisser cuire pendant 5 minutes pour obtenir une cuisson ferme ('al dente').  Ne pas percer l'emballage.  Casserole. || Pâte : semoule de blé dur, farine de blé tendre type '0', oeufs entiers pasteurisés (17.4% de la pâte, 8.7% sur le total du produit), eau, gluten. Farce : ricotta, crème de riz, sérum de lait en poudre, eau, sel, extrait de champignon, fromage 'grana' (lait, sel, présure), cèpes déshydratés (0.83% sur la farce, 0.41% sur Ie total du produit), cèpes en poudre (0.83% sur la farce, 0.41% sur le total du produit), huile de tournesol, poivre, noix de muscade. Allergènes : gluten, oeuf, produits dérivés du lait. Sans colorant, ni conservateur. || Valeur énergétique en Joules :  969Kj || Valeur énergétique en Kcal : 229KCal || Glucides : 39,1g || Lipides : 3,5g || Protides :10,3g || Conserver au réfrigérateur entre 0°C et +4°C. Une fois ouvert le produit doit être conservé au réfrigérateur et consommé dans les 3 jours. || 
16,80€ / Kg || 
4,20 € || 
Mezzaluna Bella Lodi & tomates séchées || La barquette de 250g || Origine : ITALIE || Pâtes fraîches farcies de fabrication artisanale aux oeufs et à la semoule de blé dur. || Pour 2/3 personnes. Porter à ébullition 1 litre d'eau salée pour 100 g de pâtes. Immerger les pâtes et les laisser cuire pendant 4 minutes pour obtenir une cuisson al dente. Egoutter et condimenter à votre gré. || Conserver au réfrigérateur à max +4°C et consommer dans les 3 jours suivant l'ouverture. || 
17,00€ / Kg || 
4,25 € || 
Spaghettis aux oeufs frais, fabrication artisanale || Le paquet de 250g || Origine : ITALIE || Pâtes fraîches de fabrication artisanale aux oeufs frais. Tréfilées en moule en bronze. || 2/3 personnes. Porter à ébullition 1 litre d'eau pour 100g de pâtes et ajouter une cuillère de gros sel. Quand l'eau bout, immerger les pâtes et les laisser cuire pendant 5 minutes pour obtenir une cuisson ferme ('al dente'). Egoutter et accommoder àvotre gré. || Semoule de blé dur, oeufs pasteurisés (20%), eau. Informations sur les allergènes : oeufs. || Valeur énergétique en Joules :  1226,1Kj || Valeur énergétique en Kcal : 288,7KCal || Glucides : 56,7g || Lipides : 2,3g || Protides :10,3g || Conserver au réfrigérateur à la température max de +4°C. Conditionné sous atmosphère protectrice. Ne pas percer l'emballage. Une fois ouvert, le produit doit être conservé au réfrigérateur et consommédans les 3 jours. || 
8,84€ / Kg || ##
Spaghettis aux oeufs frais, fabrication artisanale || Le paquet de 250g || Origine : ITALIE || Pâtes fraîches de fabrication artisanale aux oeufs frais. Tréfilées en moule en bronze. || 2/3 personnes. Porter à ébullition 1 litre d'eau pour 100g de pâtes et ajouter une cuillère de gros sel. Quand l'eau bout, immerger les pâtes et les laisser cuire pendant 5 minutes pour obtenir une cuisson ferme ('al dente'). Egoutter et accommoder àvotre gré. || Semoule de blé dur, oeufs pasteurisés (20%), eau. Informations sur les allergènes : oeufs. || Valeur énergétique en Joules :  1226,1Kj || Valeur énergétique en Kcal : 288,7KCal || Glucides : 56,7g || Lipides : 2,3g || Protides :10,3g || Conserver au réfrigérateur à la température max de +4°C. Conditionné sous atmosphère protectrice. Ne pas percer l'emballage. Une fois ouvert, le produit doit être conservé au réfrigérateur et consommédans les 3 jours. || 
8,84€ / Kg || ##
Spaghettis aux oeufs frais, fabrication artisanale || Le paquet de 250g || Origine : ITALIE || Pâtes fraîches de fabrication artisanale aux oeufs frais. Tréfilées en moule en bronze. || 2/3 personnes. Porter à ébullition 1 litre d'eau pour 100g de pâtes et ajouter une cuillère de gros sel. Quand l'eau bout, immerger les pâtes et les laisser cuire pendant 5 minutes pour obtenir une cuisson ferme ('al dente'). Egoutter et accommoder àvotre gré. || Semoule de blé dur, oeufs pasteurisés (20%), eau. Informations sur les allergènes : oeufs. || Valeur énergétique en Joules :  1226,1Kj || Valeur énergétique en Kcal : 288,7KCal || Glucides : 56,7g || Lipides : 2,3g || Protides :10,3g || Conserver au réfrigérateur à la température max de +4°C. Conditionné sous atmosphère protectrice. Ne pas percer l'emballage. Une fois ouvert, le produit doit être conservé au réfrigérateur et consommédans les 3 jours. || 
11,80€ / Kg || 
2,95 € || 
Tagliatelles aux oeufs frais, fabrication artisanale || Le paquet de 250g || Origine : ITALIE || Pâtes fraîches de fabrication artisanale aux oeufs frais. Tréfilées en moule en bronze. || Porter à ébullition 1 litre d'eau pour 100g de pâtes et ajouter une cuillère de gros sel. Quand l'eau bout, immerger les pâtes et les laisser cuire pendant 5 minutes pour obtenir une cuisson ferme ('al dente'). Egoutter et accommoder à votre gré. || Semoule de blé dur, oeufs pasteurisés (20%), eau. Informations sur les allergènes : oeufs. || Valeur énergétique en Joules :  1226,1Kj || Valeur énergétique en Kcal : 288,7KCal || Glucides : 56,7g || Lipides : 2,3g || Protides :10,3g || Conserver au réfrigérateur à la température max de +4°C. Conditionné sous atmosphère protectrice. Ne pas percer l'emballage. Une fois ouvert, le produit doit être conservé au réfrigérateur et consommédans les 3 jours. || 
12,60€ / Kg || 
3,15 € || 
Tortelloni artichauts & speck || La barquette de 250g || Origine : ITALIE || Pâtes fraîches farcies de fabrication artisanale aux oeufs et à la semoule de blé dur. || Pour 2/3 personnes. Porter à ébullition 1 litre d'eau salée pour 100 g de pâtes. Immerger les pâtes et les laisser cuire pendant 4 minutes pour obtenir une cuisson al dente. Egoutter et condimenter à votre gré. || Pâte 60% : farine de blé, semoule de blé dur 14%, oeufs 14%, eau. Farce 40% : fromage ricotta (lactosérum, crème de sérum), purée d'artichauts 21% (artichauts, huile de tournesol, sel, extrait de levure, ail en poudre), jambon speck 17% (viande de porc, sel, dextrose, saccharose, arômes, épices, antioxydant : E301, conservateurs : E250, E262), chapelure (farine de blé, levure, sel), farine de riz, fromage râpé, lactosérum en poudre, sel, huile de tournesol, fibre végétale. Allergènes : oeufs, gluten, lait. Peut contenir des traces de fruits à coques, soja, céleri. || Conserver au réfrigérateur à max +4°C et consommer dans les 3 jours suivant l'ouverture. || 
16,80€ / Kg || 
4,20 € || 
Cubes à poêler à la pomme de terre, croustillants & fondants || Le sachet de 300g || Origine : FRANCE || Valeur énergétique en Joules :  703kj || Valeur énergétique en Kcal : 168kcal || Glucides : 30g || Lipides : 3,3g || Protides :2,3g || 
7,47€ / Kg || 
2,24 € || 
Demi-Lune, tomate, basilic et mozzarella || La barquette de 300g || Origine : FRANCE || Des Demi-Lune extra fondantes et généreuses en farce au bon goût de Tomate et de Mozzarella pour un plaisir ultra-gourmand ! || - Plongez vos demi-lunes dans l'eau bouillante salée.                          - Baissez alors à feu moyen et faites cuire dans l'eau frémissante pendant 3 minutes, en remuant de temps en temps. || Pâte (50%) : semoule de blé dur de qualité supérieure, eau, oeuf frais 10.3% soit 140g d'oeufs frais/kg de semoule), tomate déshydratée 0.5%.                 Farce (50%) : Tomates (pulpe et purée) 39%, mozzarella 10%, crème fraîche, ricotta, huile d'olive vierge extra 5%, basilic 5%, semoule de blé dur de qualité supérieure, flocons de pomme de terre, lactose et protéines de lait, amidon transformé, ail 1.5%, oignons déshydratés, sel, sucre, blanc d'oeufs en poudre, thym (feuilles et fleurs), extrait d'épice, arôme.                                Produit dans un atelier utilisant du poisson, des crustacés et des noix. || Valeur énergétique en Joules :  1080kj || Valeur énergétique en Kcal : 237kcal || Glucides : 34g || Lipides : 6,7g || Protides :9g || A conserver entre 0°C et 4°C. || 
9,33€ / Kg || 
2,80 € || 
Demi-lune aubergine mozarellaa || La barquette de 250g || Origine : FRANCE || Des Demi-Lune extra fondantes et généreuses en farce au bon goût d'Aubergine et de Mozzarella pour un plaisir ultra-gourmand ! || - Plongez vos demi-lunes dans l'eau bouillante salée.                          - Baissez alors à feu moyen et faites cuire dans l'eau frémissante pendant 3 m en remuant de temps en temps. || Pâte (50%) : semoule de blé dur de qualité supérieure, eau, oeufs frais 10,3% (soit 140g d'oeufs frais/kg de semoule). Farce (50%) : aubergines 41%, tomates 20% (purée et pulpe), mozzarella 7%, oignons, lactose et protéines de lait, flocons de pommede terre, semoule de blé dur de qualité supérieure, huile d'olive vierge extra 3%, amidon transformé, sel, ail, thym 0,7% (feuilles et fleurs), extrait d'épice 0,35% d'arôme.                                                  Produit dans un atelier utilisant du poisson, des crustacés et des noix. || Valeur énergétique en Joules :  970kj || Valeur énergétique en Kcal : 227Kcal || Glucides : 34g || Lipides : 6g || Protides :7g || A conserver entre 0°C et 4°C. || 
11,20€ / Kg || 
2,80 € || 
Fettuccini, oeufs frais || la barquette de 350g || Origine : FRANCE || Des fettuccini fermes & fondantes aux bons oeufs frais qui régaleront toute la famille !                                                            Mention "Lustucru fabrique en France" || Plongez directement vos fettuccini dans l'eau bouillante salée. Baissez à feu doux et faites cuire, sans bouillir, 3 min en remuant de temps en temps. || Semoule de blé dur de qualité supérieure, eau, oeufs frais 10,3% (soit 140g par kg de semoule), sel (0.8%). || Valeur énergétique en Kcal : 270kcal || Glucides : 51g || Protides :10g || A conserver entre 0°C et +4°C. || 
6,46€ / Kg || 
2,26 € || 
Frites fraîches || Le paquet de 750g || Origine : FRANCE || 
5,32€ / Kg || 
3,99 € || 
Gnocchi à poêler || Le sachet de 305g || Origine : FRANCE || Laissez-vous tenter par les Gnocchi à poêler de Lustucru Sélection : des Gnocchi à la fois savoureux et faciles à préparer ! Leur recette unique les rend délicieusement croustillants à l'extérieur et moelleux à l'intérieur ! || 2/3 assiettes. A déguster en plat principal ou en accompagnement. Etape 1 (à la poêle 2 minutes sans couvercle) : faire fondre une noix de beurre dans une poêle antiadhésive. Saisir les gnocchi à feu vif tout en les remuant pour un résultat croustillant à l'extérieur. Etape 2 (à la poêle 3 minutes avec couvercle) : couvrir ensuite les gnocchi pour les rendre moelleux à l'intérieur. Laisser cuire à feu doux sans oublier de retourner de temps en temps. Servir aussitôt. || Flocons de pomme de terre réhydratés (lait) 60%, semoule de blé dur, huile de colza, sel, farine de blé.                                                      Peut contenir des traces de lait et d'oeufs. || Valeur énergétique en Joules :  771kj || Valeur énergétique en Kcal : 183kcal || Glucides : 33g || Lipides : 2,7g || Protides :5g || A conserver entre 0°C et +4°C. || 
6,75€ / Kg || 
2,06 € || 
Gnocchi à poêler || Le sachet de 500g || Origine : FRANCE || Laissez-vous tenter par les Gnocchi à Poêler de Lustucru Sélection : des gnocchi à la fois savoureux et faciles à préparer !Leur recette unique les rend délicieusement croustillants à l'extérieur et moelleux à l'intérieur ! || - ETAPE 1 : 2 min SANS couvercle : Faire fondre une noix de beurre dans une poêle anti-adhésive. Saisir les gnocchi à feu vif tout en les remuant pour un résultat croustillant à l'extérieur. || Flocons de pomme de terre réhydratées 60%, semoule de blé dur de qualité supérieure, huile de colza, farine de blé. Peut contenir des traces de lait et d'oeufs. || Valeur énergétique en Kcal : 183kcal || Glucides : 33g || Protides :5g || A conserver entre 0° et +4°C. Conditionné sous atmosphère protectrice. || 
6,24€ / Kg || 
3,12 € || 
Gnocchi aux pommes de terre || Le sachet de 650g || Origine : FRANCE || Des gnocchi moelleux au bon goût de pomme de terre qui séduiront petits et grands ! || 5-6 personnes. Plongez directement vos gnocchi dans l'eau bouillante salée. A reprise de l'ébullition, faites cuire 2 min pour des gnocchi moelleux. || Flocons de pomme de terre réhydratés (lait) 60%, semoule de blé dur, huile de colza, sel, farine de blé.                                                      Peut contenir des traces de lait et d'oeufs. || Valeur énergétique en Joules :  740kj || Valeur énergétique en Kcal : 183kcal || Glucides : 33g || Lipides : 0,7g || Protides :5g || A conserver entre 0 et +4°C. Conditionné sous atmosphère protectrice. || 
5,23€ / Kg || 
3,40 € || 
Gnocchi balls à poêler, sans conservateur || Le sachet de 300g || Origine : FRANCE || Laissez-vous tenter par les Gnocchi Balls à Poêler Lustucru Sélection : des billes de gnocchi à poêler croustillantes et moelleuses pour varier les plaisirs et toujours aussi faciles à préparer ! || Pour des Gnocchi Balls croustillants et moelleux !u à l'apéritif sur des pics e- ETAPE 1 : 2 min SANS couvercle : Faire fondre une noix de beurre dans une poêle anti-adhésive. Saisir les gnocchi balls à feu vif tout en les remuant pour un résultat croustillant à l'extérieur.                                        - ETAPE 2 : 3 min AVEC couvercle : Couvrir ensuite les gnocchi balls pour les rendre moelleux à l'intérieur. Laisser cuire à feux doux sans oublier de retourner de temps en temps. Servir aussitôt. || Flocons de pommes de terre déshydratés (60%), semoule de blé dur de qualité supérieure, huile de colza, sel, farine de blé. || Valeur énergétique en Joules :  771kj || Valeur énergétique en Kcal : 183kcal || Glucides : 33g || Lipides : 2,7g || Protides :5g || A conserver entre 0°C et +4°C. || 
7,67€ / Kg || 
2,30 € || 
Gnocchi pommes de terre || Le sachet de 380g || Origine : FRANCE || Des gnocchi moelleux au bon goût de pomme de terre qui séduiront petits et et grands ! || Plongez les Gnocchi dans 2,5 litres d'eau bouillante salée. Remuez délicatement et laissez cuire 2 minutes. Egouttez et accommodez à votre goût. || Flocons de pomme de terre réhydratés (lait) 60%, semoule de blé dur, huile de colza, sel, farine de blé.                                                      Peut contenir des traces de lait et d'oeufs. || Valeur énergétique en Kcal : 183kcal || Glucides : 33g || Protides :5g || A conserver entre 0°C et +4°C. Conditionné sous atmosphère protectrice. || 
5,95€ / Kg || 
2,26 € || 
Mini quenelles natures, à poêler || Le paquet de 250g || Origine : FRANCE || Laissez-vous tenter par les Mini Quenelles à Poêler Nature Lustucru Sélection pour un plaisir extra fondant ! || Pour des Mini Quenelles à Poêler PARFAITES !                                                                                                                 ETAPE 1 : 2 min SANS couvercle : Faire fondre une noix de beurre dans une poêle anti-adhésive. Saisir les Mini Quenelles à feu vif tout en les remuant jusqu'à ce qu'elles soient bien dorées.                                               ETAPE 2 : 3 min AVEC couvercle : Couvrir ensuite les Mini Quenelles pour les faire gonfler. Laisser cuireà feux doux sans oublier de retourner de temps en temps. Servir aussitôt. || Oeufs frais entiers 27%, eau, farine de blé, huile de tournesol ou de colza, lactose et protéines de lait, sel, semoule de blé dur, arôme, lait écrémé en poudre, extraits d'épices.Produit fabriqué dans un atelier utilisant du poisson et des crustacés.                                                                                       Sans colorant*, sans conservateur*                                             *Conformément à la réglementation || Valeur énergétique en Joules :  1148Kj || Valeur énergétique en Kcal : 252Kcal || Glucides : 19g || Lipides : 20g || Protides :5,7g || A conserver entre 0°C et + 4°C. Conditionné sous atmosphère protectrice. || 
9,56€ / Kg || 
2,39 € || 
Pommes de terre noisettes à poêler || Le sachet de 300g || Origine : FRANCE || Des noisettes de pomme de terre garanties sans huile de palme pour révéler leur saveur ! || 2/3 personnes. Pour des noisettes fondantes et croustillantes : étape 1 : mettre un peu d'huile dans une poêle anti-adhésive, saisir les noisettes à feu vif (2 minutes) tout en remuant pour bien les dorer. Etape 2 : baisser l'intensité à feu moyen etlaisser dorer les noisettes (3-4 minutes) tout en les retournant de temps en temps. Servir bien chaud. || Flocons de pomme de terre réhydratés 67%, semoule de blé dur de qualité supérieure 15%, oeufs frais 13%, huile végétale (tournesol ou colza), sel, farine de blé, arôme (lait). Sans conservateur. || Valeur énergétique en Joules :  744kj || Valeur énergétique en Kcal : 177kcal || Glucides : 26g || Lipides : 6,2g || Protides :2,9g || A conserver entre 0°C et 4°C. Conditionné sous atmosphère protectrice. || 
7,53€ / Kg || 
2,26 € || 
Ravioles à poeler || Le sachet de 280g || Origine : FRANCE || Découvrez la saveur raffinée des Ravioles à Poêler de Lustucru Sélection ! Des ravioles à la pâte dorée légèrement croustillante, et à la face fondante si savoureuse ! En apéritif ou accompagnées d'une salade, elles raviront vos papilles ! Faciles etrapides à préparer, faites-vous plaisir en toute simplicité ! || 2/3 personnes. Faire chauffer une cuillère à soupe d'huile dans une poêle anti-adhésive. Verser le contenu de la barquette et faire dorer légèrement les Ravioles à feu moyen pendant 5 minutes en les retournant régulièrement. Servir aussitôt. || Pâtes fraîches farcies cuites : (pâtes farcies (pâte 59% (semoule de blé dur, eau, oeufs frais), farce 41% (crème fraîche, fromages 34% (ricotta 20%, emmental 10%, fromage frais), persil 8%, flocon de pomme de terre, semoule de blé dur, huile de colza ou tournesol, arômes, sel, basilic, citron concentré, ciboulette, extrait d'épice, extrait de levure, échalote)), eau, crème uht, arôme, sel, émulsifiant : lécithine de soja). Produit fabriqué dans un atelier utilisant du poisson, des crustacés etdes fruits à coques. || Valeur énergétique en Joules :  816kj || Valeur énergétique en Kcal : 194kcal || Glucides : 25g || Lipides : 7g || Protides :6,8g || A conserver entre 0°C et +4°C. Conditionné sous atmosphère protectrice. || 
10,68€ / Kg || 
2,99 € || 
Ravioli aux oeufs frais, 4 fromages || La barquette de 300g || Origine : FRANCE || Des ravioli fondants au bon goût de fromage à déguster en toute simplicité pour le plus grand plaisir de toute la famille ! || - Plongez vos ravioli dans l'eau bouillante salée.                            - Baissez alors à feu moyen et faites cuire dans l'eau frémissante pendant 3 min, en remuant de temps en temps. || Pâte (50%) : semoule de blé dur de qualité supérieure, eau, oeufs frais 10,3% (soit 140g d'oeufs frais/kg de semoule). Farce (50%) : ricotta 21%, fromage frais 20%, crème fraîche, semoule de blé dur, flocons de pomme de terre, emmental fondu 7% (emmental, fromages, protéines de lait, épaississant E1412, beurre, sel), fromage à pâte dure râpée 7%, riz cuit, lactose et protéines de lait, arômes, huile végétale (tournesol ou colza), persil 1%, sel, amidon transformé, extraits de levure, extrait d'épice. Produit dans un atelier utilisant du poisson, des crustacés et des noix. || Valeur énergétique en Joules :  1101 || Valeur énergétique en Kcal : 245kcal || Glucides : 34g || Lipides : 7,1g || Protides :11g || A conserver entre 0°C et +4°C. Conditionné sous atmosphère protectrice. || 
9,63€ / Kg || 
2,89 € || 
Ravioli aux oeufs frais, jambon || La barquette de 300g || Origine : FRANCE || Des ravioli fondants associés à une farce savoureuse à déguster en toute simplicité pour le plus grand plaisir de toute la famille !                                                                                          Mention "Qualité Jambon de Paris garantie" || - Plongez vos ravioli dans l'eau bouillante salée.                            - Baissez alors à feu moyen et faites cuire dans l'eau frémissante pendant 3 minutes, en remuant de temps en temps. || Pâte (50%) : semoule de blé dur de qualité supérieure, eau, oeufs frais 7%.    Farce (50%) : Jambon cuit de Paris de qualité supérieure 24% (jambon de porc, arôme), semoule de blé dur, fromage frais, riz cuit, eau, huile de colza ou tournesol, lardons de porc fumés cuits, crème fraîche 5%, flocons de pomme de terre, arômes, oignons, sucre, extraits d'épices, sel, extraits de levure.                                                                                         Produit dans un atelier utilisant du poisson, des crustacés et des noix. || Valeur énergétique en Joules :  1039 || Valeur énergétique en Kcal : 240kcal || Glucides : 36g || Lipides : 5,9g || Protides :10g || A conserver entre 0 et +4°C. || 
8,50€ / Kg || 
2,55 € || 
Pizza au speck et mozzarella, cuite au feu de bois || Le paquet de 400g || Origine : FRANCE || Valeur énergétique en Joules :  2135g || Valeur énergétique en Kcal : 509kcal || Glucides : 60g || Lipides : 19g || Protides :22g || 
13,53€ / Kg || 
5,41 € || 
Pizza aux légumes grillés, cuite au feu de bois || Le paquet de 435g || Origine : ITALIE || Monoprix Gourmet a sélectionné pour vous une gamme de pizza fabriquée en Italie. || Préchauffez votre four pendant 10 minutes à 220°C (th. 7). Retirez le film de la pizza et placez-la dans le four sans son support carton. Laissez cuire la pizza sur une grille à mi-hauteur pendant 8 à 10 minutes, jusqu'à l'obtention d'une pâte légèrement dorée. || Garniture 55% : sauce tomate 29% (purée de tomate, pulpe de tomate, huile d'olive vierge extra, basilic, oignon, sel, aromates, origan), mozzarella 20%, courgettes grillées 15%, aubergines grillées 15%, artichauts assaisonnés 8,3% (artichauts 7,8%, huile de tournesol, sel, arômes naturels, persil, ail, oignon, antioxydant : ascorbate de sodium, acidifiant : acide citrique), poivrons jaunes grillés 4,6%, poivrons rouges grillés 4,6%, huile de tournesol, sel, ail. Pâte 45% : farine de blé, eau, huile de tournesol, levure, sel. Traces de soja. || Valeur énergétique en Joules :  1763kj || Valeur énergétique en Kcal : 419kcal || Glucides : 62g || Lipides : 11g || Protides :15g || A conserver entre 0°C et 4°C. Ne pas congeler. Conditionné sous atmosphère protectrice. || 
12,18€ / Kg || 
5,30 € || 
Pizza quatre fromages, cuite au feu de bois || Le paquet de 400g || Origine : FRANCE || Valeur énergétique en Joules :  2185kj || Valeur énergétique en Kcal : 520kcal || Glucides : 59g || Lipides : 20g || Protides :24g || 
13,78€ / Kg || 
5,51 € || 
Quiche lorraine, pâte pur beurre || La boite de 400g || Origine : FRANCE || Valeur énergétique en Joules :  983kj || Valeur énergétique en Kcal : 235kcal || Glucides : 21g || Lipides : 13g || Protides :8,5g || 
7,45€ / Kg || 
2,98 € || 
Quiches Lorraines, pâte pur beurre || La barquette de 2 pièces, 260g || Origine : FRANCE || Valeur énergétique en Joules :  1464kj || Valeur énergétique en Kcal : 351kcal || Glucides : 26g || Lipides : 22g || Protides :11g || 
9,46€ / Kg || 
2,46 € || 
Tarte au fromage de chèvre et aux épinards, pâte feuilleté || Le paquet de 350g || Origine : FRANCE || Valeur énergétique en Joules :  994kj || Valeur énergétique en Kcal : 238kcal || Glucides : 26g || Lipides : 16g || Protides :7g || 
10,71€ / Kg || 
3,75 € || 
Tarte aux poireaux, pâte pur beurre || La boite de 350g || Origine : FRANCE || Valeur énergétique en Joules :  871kj || Valeur énergétique en Kcal : 208kcal || Glucides : 23g || Lipides : 14g || Protides :5,9g || 
10,17€ / Kg || 
3,56 € || 
Tartes aux fromages, pâte pur beurre || La barquette de 2 pièces, 260g || Origine : FRANCE || Valeur énergétique en Joules :  1507kj || Valeur énergétique en Kcal : 362kcal || Glucides : 23g || Lipides : 23g || Protides :14g || 
9,85€ / Kg || 
2,56 € || 
Piccante, véritable pizza napolitaine étirée à la main cuite sur la pierre au feu de bois || La boîte de 400g || Origine : ITALIE || Chez Antico Forno, nous cuisons encore nos pizzas selon les anciennes règles de l'association véritable pizza napolitaine. Naturellement pour nos pizzas on n'utilise que des vraies tomates italiennes et que de la vraie mozzarella ! Vous allez faire la différence. || Farine de bli tendre, sauce tomate 19% (pulpe de tomate, huile d'olive, sel, ipices, oignons, conservateur. E202), mozzarella 16% (lait, sel, prisure, acidifiant : acide citrique), eau speck 10% (cuisse de porc, sel, dextrose, sucre, ipices, artmes naturels, antioxidant : E301, conservateurs : E250 - E251), salami piquant 7% (viande de porc, sel dextrose, sucre, artmes naturels, ipices, antioxidant : E300, conservateurs : E250- E252) farine de bli dur, huile d'olive, sel, levure naturelle. || Valeur énergétique en Joules :  954kj || Valeur énergétique en Kcal : 227kcal || Glucides : 28,7g || Lipides : 7,3g || Protides :11,5g || 
13,90€ / Kg || 
5,56 € || 
Quiche lorraine, à la crème fraîche légère || La boîte de 400g || Origine : FRANCE || De bonnes recettes, que tout le monde aime ! || 2 personnes. Simple à préparer. Préchauffage : préchauffez votre four th 6/7 (210°C) pendant 10 minutes. Démoulage : retirez le moule en aluminium, pour une meilleure cuisson de la pâte. Cuisson au four : placez la tarte sur une grille à mi-hauteur,laissez chauffer 20 minutes. Evitez l'utilisation du four micro-ondes car il entraîne un ramollissement de la pâte. || Pâte brisée 33% : farine de blé, margarine végétale (huiles de palme et de tournesol non hydrogénées, eau, sel, émulsifiant : E471, correcteurs d'acidité : acide citrique et E331), eau, fibre de chicorée, dextrose de blé, sel, agent de traitement dela farine : L cystéine. Garniture 67% : eau, oeufs frais, jambon 10,5% (jambon de porc, sel, dextrose, sucre, arômes naturels, conservateurs : E316, E250), fromage frais, blanc d'oeuf, lardons fumés 6,5% (poitrine de porc, eau, sel, acidifiant : E325, dextrose, antioxygène : E316, conservateur : E250), crème fraîche, lait écrémé en poudre, emmental, amidon transformé, moutarde de Dijon 1,5% (eau, graines de moutarde, vinaigre d'alcool, sel, antioxygène : disulfite de potassium, acidifiant : acide citrique), arômes naturels, fécule de pommes de terre (pourcentages exprimés sur la garniture). Fabriqué dans un atelier qui utilise : poisson, crustacés, mollusques, céleri. Sans colorant. Sans arôme artificiel. || Valeur énergétique en Joules :  1123 || Valeur énergétique en Kcal : 268,3 || Glucides : 21,8 || Lipides : 16,3 || Protides :8,8 || Conservation entre 0 et +4°c maximum. Conditionné sous atmosphère protectrice. || 
9,03€ / Kg || 
3,61 € || 
Tarte aux noix de St Jacques au Noilly || La boîte de 350g || Origine : FRANCE || Au four : préchauffez votre four à 210°C (th6/7) pendant 10 min. Retirez le moule en aluminium pour une meilleur cuisson de la pâte. Placez la tarte sur une grille à mi-hauteur, laissez chauffer 20 min. Eviter l'utilisation du micro-ondes car il entraine un ramollissement de la pâte. || Pâte feuilletée 38% : farine de blé, margarine végétale (huiles de palme et de colza, eau, sel, émulsifiants : E471, correcteur d'acidité : acide citrique), eau, fibre de chicorée, sel, agent de traitement de la farine : L cystéine. Garniture 62% : eau, noix de Saint Jacques (Zygochlamys patagonica d'Argentine) 15,5%, carottes 11%, oeufs frais, poivrons jaunes 8,5%, fromage blanc, crème fraîche, emmental, poireaux 2,5%, huile de colza, vermouth, amidon transformé,  grana padano, ail, persil, sel, arôme naturel (crustacés), poudre de tomate, fécule de pomme de terre, extrait d'épice. (pourcentages exprimés sur la garniture). Fabriqué dans un atelier qui utilise : poisson, moutarde, céleri. || Valeur énergétique en Joules :  985Kj || Valeur énergétique en Kcal : 236Kcal || Glucides : 21,2g || Lipides : 12,8g || Protides :8,2g || Conservation entre 0 et +4°C maximum. Conditionné sous atmosphère protectrice. || 
13,17€ / Kg || 
4,61 € || 
Tarte aux tomates, au thym et à l'emmental || La boîte de 400g || Origine : FRANCE || De bonnes recettes que tout le monde aime! || Préchauffage: préchauffez votre four thermostat 6-7 (210°C) pendant 10mn. Démoulage: retirez le moule en aluminium, pour une meilleure cuisson de la pâte. Cuisson au four: placez la tarte sur une grille à mi-hauteur, laissez chauffer 20mn. Evitez l'utilisation du four micro-ondes car il entraîne un ramollissement de la pâte. || Pâte brisée 30%: farine de blé, margarine végétale (huile de palme et de tournesol non hydrogénées, eau, sel, émulsifiant: E471, correcteurs d'acidité: acide citrique et E331), eau, fibre de chicorée, dextrose, sel, agent de traitement de la farine:E920. Garniture 70%: tomates 25% (tomates pelées et jus de tomates, acidifiant: acide citrique), tomate cerise 20%, eau, fromage frais 8%, oignons, emmental fondu 3,5% (emmental 1,75%, fromages, beurre, poudre de lait écrémé, amidon transformé, selsde fonte: E331, E339, E452, sel, gélifiant: carraghénanes), oeufs frais, blanc d'oeuf, concentré de tomates, crème fraîche, jaune d'oeuf en poudre, ail, huile d'olive, flocons de pomme de terre (pommes de terre, émulsifiant: E471, stabilisant: E450,extrait d'épices, acidifiant: acide citrique), sucre, amidon transformé, thym 0,3%, arômes naturels, sel. (pourcentage exprimés sur la garniture). Fabriqué dans un atelier qui utilise: poisson, crustacés, mollusques, moutarde, céleri. || Valeur énergétique en Joules :  873kj || Valeur énergétique en Kcal : 209kcal || Glucides : 20,8g || Lipides : 10,7g || Protides :6,4g || Ce produit doit être conservé entre 0°C et +4°C. || 
10,28€ / Kg || 
4,11 € || 
Pizza 4 Stagioni || La boîte de 400g || Origine : FRANCE || 
14,30€ / Kg || 
5,72 € || 
Pizza au jambon et champignons de Paris || La pizza de 200g || Origine : FRANCE || Préchauffez votre four. 6min (au four à chaleur tournante préchauffé à 200°C, th6-7) ou 9min (au four à chaleur traditionnelle préchauffé à 220°C th7-8) en ayant pris soin d'enlever le support sous la pizza. || Garniture 62% : sauce tomate (purée de tomate, sucre, farine de blé, huile d'olive, sel, poudre d'oignon et d'ail, épices, extrait d'épices et d'aromates), jambon cuit (26%) (jambon de porc, sel, sirop de glucose, dextrose, stabilisant : E451, gélifiant : carraghénanes, conservateurs : nitrite de sodium et salpêtre, antioxygène : ascorbate de sodium, ferments), champignons de Paris (19%), emmental (15%), basilic et origan (pourcentages exprimés sur la garniture). Pâte (38%) : farine de blé, levain de pâte (pâte, ferments), eau, sucre, levure, sel, farine de blé malté. Ce produit contient du gluten et du lait. || Valeur énergétique en Joules :  787kj || Valeur énergétique en Kcal : 187kcal || Glucides : 24,8g || Lipides : 5,4g || Protides :8,4g || A conserver entre 0°C et +4°C. || 
9,00€ / Kg || 
1,80 € || 
Pizza au jambon et l'emmental || La barquette de 220g || Origine : FRANCE || 220 g de plaisir  et une pâte délicieusement fine. || Préchauffez votre four. Sortez votre pizza de la barquette. Placez-la directement sur la grille à mi-hauteur. Four à chaleur tournante : 6 min à 200°C ou th 6/7. Four à chaleur traditionnelle : 9 min à 220°C ou th 7/8. L'usage du micro-ondes n'est pas recommandé pour le réchauffage de la pizza car il ne permet pas de restituer le croustillant de la pâte. La pizza sera cuite lorsque le fromage commencera à gratiner. || Nos cuisiniers ont préparé pour vous cette pizza avec les ingrédients suivants : une garniture (65%) composée : de sauce tomate cuisinée dans nos ateliers : purée de tomate, eau, farine de blé, sel, huile d'olive vierge extra, de mozzarella en copeaux (26%) sélectionnée par nos soins, de jambon cuit aromatisé (26%) : jambon de porc, eau, lactose, sirop de glucose, sel, gélifiant : E407, arômes naturels (dont gluten), stabilisant : E451, conservateurs : E316, E250, ferments, d'emmental (6%), de fromage à pâte pressée cuite, de tomates marinées chez nous (6%) : tomates, huile de colza, sel, ail, thym, sucre, romarin, basilic, origan, poivre, de basilic et origan pour la petite touche finale. Une pâte à pain fabriquée chaque matin par nos boulangers (35%) : farine de blé, eau, huile d'olive vierge extra, levure boulangère, sel. Ce produit contient du gluten et du lait. || Valeur énergétique en Joules :  885kj || Valeur énergétique en Kcal : 211kcal || Glucides : 22,3g || Lipides : 7g || Protides :13,3g || A conserver entre 0°C et +4°C. Conditionné sous atmosphère protectrice. || 
15,68€ / Kg || 
3,45 € || 
Pizza aux 3 fromages, mozzarella, emmental, bleu || La barquette de 220g || Origine : FRANCE || 220 g de plaisir  et une pâte délicieusement fine. || Préchauffez votre four. Sortez votre pizza de la barquette. Placez-la directement sur la grille à mi-hauteur. Four à chaleur tournante : 6 min à 200°C ou th 6/7. Four à chaleur traditionnelle : 9 min à 220°C ou th 7/8. L'usage du micro-ondes n'est pas recommandé pour le réchauffage de la pizza car il ne permet pas de restituer le croustillant de la pâte. La pizza sera cuite lorsque le fromage commencera à gratiner. || Nos cuisiniers ont préparé pour vous cette pizza avec les ingrédients suivants : une garniture (65%) composée : de mozzarella en copeaux (29%) sélectionnée par nos soins, de sauce tomate cuisinée dans nos ateliers : purée de tomate, eau, farine de blé, sel, huile d'olive vierge extra, d'emmental (19%), de bleu (9%) et de fromage à pâte pressée cuite, de tomates marinées chez nous (6%) : tomates, huile de colza, sel, ail, thym, sucre, romarin, basilic, origan, poivre, de basilic et origan pour lapetite touche finale. Une pâte à pain fabriquée chaque matin par nos boulangers (35%) : farine de blé, eau, huile d'olive vierge extra, levure boulangère, sel. Ce produit contient du gluten et du lait. || Valeur énergétique en Joules :  1131kj || Valeur énergétique en Kcal : 270kcal || Glucides : 22,1g || Lipides : 12,8g || Protides :15,4g || A conserver entre 0°C et +4°C. Conditionné sous atmosphère protectrice. || 
15,68€ / Kg || 
3,45 € || 
Pizza aux 4 fromages || La boîte de 380g || Origine : FRANCE || 
15,05€ / Kg || 
5,72 € || 
Pizza aux 4 fromages || La part de 200G || Origine : FRANCE || Garniture (62%) : 4 fromages Ýmozzarella 28%, gouda 28% (colorant : bÍta-carotÈne), fromage de chÈvre 7%, fromage Å raclette 7% (conservateur : E235)~, sauce tomate (eau, concentrÍ de tomate, vinaigre d'alcool, blanc d'oeuf en poudre, amidon de maÕs,sucre, farine de blÍ, fibre de carotte), basilic et origan. (% exprimÍs sur la garniture) PÇte (38%) : farine de blÍ, eau, huile de colza, levure boulangÈre, sel, fibres vÍgÍtales, Ímulsifiant : E471, lactosÍrum, Ípaississant : E461, ail. Ne pas congeler ce produit. || 
15,40€ / Kg || 
3,08 € || 
Pizza aux lardons et chèvre affiné || La pièce de 200g || Origine : FRANCE || Valeur énergétique en Joules :  850kj || Valeur énergétique en Kcal : 203kcal || Glucides : 19,3g || Lipides : 9g || Protides :10g || 
8,85€ / Kg || 
1,77 € || 
Pizza aux trois fromages fondants || La pizza de 200g || Origine : FRANCE || Garniture 57%: fromages (mozzarella 24%, emmental 16%, cheddar fondu 12% (cheddar 51%, eau, amidon modifiÍ de pomme de terre, beurre, protÍines de lait, sels de fonte : E331, sel, colorant : extrait de paprika)), sauce tomate Å l'huile d'olive (purÍede tomate, eau, farine de blÍ, sel, huile d'olive vierge extra), basilic et origan. Pourcentages exprimÍs sur la garniture. PÇte 43%: farine de blÍ, eau, huile d'olive vierge extra 2%, levure boulangÈre, sel.Pourcentage exprimÍ sur la pÇte. || Valeur énergétique en Joules :  1018kj || Valeur énergétique en Kcal : 242kcal || Glucides : 26,8g || Lipides : 9,2g || Protides :12,1g || 
9,35€ / Kg || 
1,87 € || 
Pizza bacon et chèvre || La barquette de 220g || Origine : FRANCE || 220 g de plaisir  et une pâte délicieusement fine. || Préchauffez votre four. Sortez votre pizza de la barquette. Placez-la directement sur la grille à mi-hauteur. Four à chaleur tournante : 6 min à 200°C ou th 6/7. Four à chaleur traditionnelle : 9 min à 220°C ou th 7/8. L'usage du micro-ondes n'est pas recommandé pour le réchauffage de la pizza car il ne permet pas de restituer le croustillant de la pâte. La pizza sera cuite lorsque le fromage commencera à gratiner. || Nos cuisiniers ont préparé pour vous cette pizza avec les ingrédients suivants : une garniture (65%) composée : de mozzarella en copeaux (35%) sélectionnée par nos soins, de sauce tomate cuisinée dans nos ateliers : purée de tomate, eau, farine de blé, sel, huile d'olive vierge extra, de bacon cuit fumé (19%) : jambon de porc, eau, sel, dextrose, lactose, stabilisant : E451, arôme de fumée, conservateurs : E250, E316, de fromage de chèvre (9%), de tomates marinées chez nous (6%) : tomates, huilede colza, sel, ail, thym, sucre, romarin, basilic, origan, poivre, de basilic et origan pour la petite touche finale. Une pâte à pain fabriquée chaque matin par nos boulangers (35%) : farine de blé, eau, huile d'olive vierge extra, levure boulangère, sel. Ce produit contient du gluten et du lait. || Valeur énergétique en Joules :  882kj || Valeur énergétique en Kcal : 210kcal || Glucides : 24g || Lipides : 6g || Protides :13,6g || A conserver entre 0°C et +4°C. Conditionné sous atmosphère protectrice. || 
15,68€ / Kg || 
3,45 € || 
Pizza Campanella || La boîte de 380g || Origine : FRANCE || 
14,87€ / Kg || 
5,65 € || 
Pizza jambon emmental || La part de 200g || Origine : FRANCE || Garniture (62%) : jambon cuit (52%) (jambon de porc, eau, sel, sirop de glucose, dextrose, stabilisant : E451, gÍlifiant : E407, lactose, ar«me naturel de porc, bouillon de porc, conservateurs : E250, E316, ferments), sauce tomate (eau, concentrÍ detomate, vinaigre d'alcool, blanc d'oeuf en poudre, amidon de maÕs, sucre, farine de blÍ, fibre de carotte), emmental (18%), basilic et origan. (% exprimÍs sur la garniture) PÇte (38%) : farine de blÍ, eau, huile de colza, levure boulangÈre, sel, fibres vÍgÍtales, Ímulsifiant : E471, lactosÍrum, Ípaississant : E461, ail. || 
15,40€ / Kg || 
3,08 € || 
Pizza jambon et fromages || La pizza de 200g || Origine : FRANCE || Garniture 57%: sauce tomate Å huile d'olive (purÍe de tomate, eau, farine de blÍ, sel, huile d'olive vierge extra), jambon cuit, 28% (jambon de porc, eau, sel, lactose, dextrose, stabilisant : E451, gÍlifiant : E407, bouillon de porc, ar«me naturel de porc, sirop de glucose, conservateurs : E250, E316, ferments), fromages (emmental 16%, gouda 12% (colorant:bÍta-carotÈne)), basilic et origan. Pourcentages exprimÍs sur la garniture. PÇte 43% : farine de blÍ, eau, huile d'olive vierge extra 2%, levure boulangÈre, sel. Pourcentage exprimÍ sur la pÇte. || Valeur énergétique en Joules :  1004kj || Valeur énergétique en Kcal : 239kcal || Glucides : 26,7g || Lipides : 9,1g || Protides :1,5g || 
8,95€ / Kg || 
1,79 € || 
Pizza Prosciutto || La boîte de 400g || Origine : FRANCE || 
12,73€ / Kg || 
5,09 € || 
Flammkueche, tarte flambée d'Alsace || La tarte de 180g || Origine : FRANCE || Derrière ce nom un peu compliqué se cache une recette des plus simples, mais vraiment savoureuse !Conviviale en toute occasion. || Au four : préchauffez votre four à 250°C. Sortez votre flammekueche de son emballage. Déposez-la directement sur la grille ou sur la plaque chaude de votre four. Faire cuire 8 à 10 min jusqu'à ce qu'elle soit dorée. Au barbecue, pour un résultat encore plus croustillant : déposez la flammekueche directement sur la grille du barbecue et faites-la cuire environ 5 min. || Garniture 59% : fromage blanc 42%, lardons fumés 21% (poitrine de porc, eau, sel, dextrose, épices, arômes naturels, arôme de fumée, antioxydants : extraits de romarin, ascorbate de sodium, conservateur : nitrite de sodium), oignons 17%, crème fraîche 17%, huile de colza, sel, amidon modifié, épaississants : gomme xanthane, gomme guar, arômes naturels. Pâte 41% : farine de blé, eau, huile de tournesol, sel. Conditionné sous atmosphère protectrice. || A conserver entre 0 et +4°C || 
8,11€ / Kg || ##
Flammkueche, tarte flambée d'Alsace || La tarte de 180g || Origine : FRANCE || Derrière ce nom un peu compliqué se cache une recette des plus simples, mais vraiment savoureuse !Conviviale en toute occasion. || Au four : préchauffez votre four à 250°C. Sortez votre flammekueche de son emballage. Déposez-la directement sur la grille ou sur la plaque chaude de votre four. Faire cuire 8 à 10 min jusqu'à ce qu'elle soit dorée. Au barbecue, pour un résultat encore plus croustillant : déposez la flammekueche directement sur la grille du barbecue et faites-la cuire environ 5 min. || Garniture 59% : fromage blanc 42%, lardons fumés 21% (poitrine de porc, eau, sel, dextrose, épices, arômes naturels, arôme de fumée, antioxydants : extraits de romarin, ascorbate de sodium, conservateur : nitrite de sodium), oignons 17%, crème fraîche 17%, huile de colza, sel, amidon modifié, épaississants : gomme xanthane, gomme guar, arômes naturels. Pâte 41% : farine de blé, eau, huile de tournesol, sel. Conditionné sous atmosphère protectrice. || A conserver entre 0 et +4°C || 
8,11€ / Kg || ##
Flammkueche, tarte flambée d'Alsace || La tarte de 180g || Origine : FRANCE || Derrière ce nom un peu compliqué se cache une recette des plus simples, mais vraiment savoureuse !Conviviale en toute occasion. || Au four : préchauffez votre four à 250°C. Sortez votre flammekueche de son emballage. Déposez-la directement sur la grille ou sur la plaque chaude de votre four. Faire cuire 8 à 10 min jusqu'à ce qu'elle soit dorée. Au barbecue, pour un résultat encore plus croustillant : déposez la flammekueche directement sur la grille du barbecue et faites-la cuire environ 5 min. || Garniture 59% : fromage blanc 42%, lardons fumés 21% (poitrine de porc, eau, sel, dextrose, épices, arômes naturels, arôme de fumée, antioxydants : extraits de romarin, ascorbate de sodium, conservateur : nitrite de sodium), oignons 17%, crème fraîche 17%, huile de colza, sel, amidon modifié, épaississants : gomme xanthane, gomme guar, arômes naturels. Pâte 41% : farine de blé, eau, huile de tournesol, sel. Conditionné sous atmosphère protectrice. || A conserver entre 0 et +4°C || 
10,83€ / Kg || 
1,95 € || 
Flammkueche, tarte flambée d'Alsace || La tarte de 350g || Origine : FRANCE || Crémeuse à souhait grâce à son fromage blanc, si légère grâce à sa pâte fine. Gourmande et simple à la fois. Conviviale, en toute occasion. || Au four, barbecue, en plat en entrée & apéritif. Au four : préchauffez votre four à 250°C. Sortez la flammekueche de son emballage. Déposez-là directement sur la grille ou sur la plaque chaude de votre four. Faites cuire 8 à 10 minutes jusqu'à ce qu'elle soit dorée. Au barbecue, pour un résultat plus croustillant ! Déposez la flammekueche directement sur la grille du barbecue et faites-la cuire environ 5 minutes. || Garniture 56% : fromage blanc 43%, lardons fumés 23% (poitrine de porc, eau, sel, dextrose, épices, arômes naturels, arôme de fumée, antioxydant : extrait de romarin, ascorbate de sodium, conservateur : nitrite de sodium), crème fraîche 17%, oignons14%, huile de Colza, jaune d'oeuf, sel, amidon modifié, épaississants : gomme xanthane, gomme guar, arômes naturels. Pâte 44% : farine de blé, eau, huile de tournesol, sel. || A conserver entre 0 et +4°C. Conditionné sous atmosphère protectrice. || 
10,74€ / Kg || 
3,76 € || 
Flammkueche, tarte flambée d'Alsace || La tarte de 350g || Origine : FRANCE || La Flammekueche est, pour nous Alsaciens, ce que la pizza est aux Napolitains.Crémeuse à souhait grâce à son fromage blanc, si légère grâce à sa pate fine, c'est un véritable délice qu'on peut manger avec ses doigts après avoir roulé sa part. Goûtez-la, elle vous étonnera et les Napolitains n'auront qu'à bien se tenir ! || Au four : préchauffez votre four à 250°C. Sortez la Flammekueche de son emballage. Déposez-la directement sur la grille ou sur la plaque chaude de votre four. Faites cuire 8 à 10 min jusqu'à ce qu'elle soit dorée. Au barbecue, pour un résultat encoreplus croustillant ! Déposez la Flammekueche directement sur la grille du barbecue et faites-la cuire environ 5 min. || Garniture (58%) : fromage blanc 38%, emmental 18%, crème fraîche 15%, lardons fumés 13% (poitrine de porc, eau, sel, dextrose, épices, arômes naturels, arôme de fumée, antioxydants : extraits de romarin, ascorbate de sodium, conservateur : nitrite desodium), oignons 13%, huile de colza, sel, amidon modifié, épaississants : gomme xanthane, gomme guar, arômes naturels. Pâte (42%) : farine de blé, eau, huile de tournesol, sel. || A conserver entre 0 et +4°C. Conditionné sous atmosphère protectrice. || 
11,03€ / Kg || 
3,86 € || 
Flammkueche, tarte flambée d'Alsace, taille maxi || La tarte de 550g || Origine : FRANCE || La Maxi, c'est le format généreux qu'on retrouve dans nos 'Winstubs', ces fameuses tavernes alsaciennes très conviviales où l'on se retrouve en famille ou entre amis autour d'une flammekueche. || 2 à 6 personnes. Apéritif ou plat. Au four traditionnel : préchauffez-le au moins 15 minutes à 250°C. Retirez la Flammekueche de son support et glissez-la sur la grille chaude. Faite cuire 6 à 8 minutes à 250°C jusqu'à frémissement du centre. Attention : pour conserver le croustillant de la pâte, évitez le réchauffage au micro-ondes. Au barbecue, pour un résultat encore plus croustillant : déposez la Flammekueche directement sur la grille du barbecue et faites-la réchauffer environ 5 minutes. || Garniture 56% : fromage blanc 35%, oignons 20%, crème fraîche 19%, lardons fumés 19% (poitrine de porc sans os, eau, sel, dextrose, arômes naturels, arôme de fumée, antioxydants : E392, E301, conservateur : E250, épices), huile de colza, sel, amidontransformé, épaississant : gomme guar. Pâte 44% : farine de blé, eau, sel, levain de seigle, émulsifiant : E471, farine de blé malté, agent de traitement de la farine : L-cystéine. Traces possibles de moutarde. || A conserver entre 0 et +4°C. || 
9,84€ / Kg || 
5,41 € || 
Flammkueche aux lardons, oignons et emmental || Le paquet de 180g || Origine : FRANCE || Avec Stoeffler, découvrez la version 'gratinée' de la traditionnelle Flammkueche : une pâte fine et croustillante nappée d'un onctueux mélange de fromage blanc et de crème fraîche, de fins lardons fumés, quelques oignons et une couche généreuse d'emmental. Une autre recette incontournable des Winstubs, ces fameuses tavernes alsaciennes. || Garniture (60 %) : fromage blanc 36 %, lardons fumÍs 21 % (poitrine de porc, eau, sel, dextrose, Ípices, ar«mes naturels, ar«me de fumÍe, antioxydants : extraits de romarin, ascorbate de sodium, conservateur : nitrite de sodium), oignons 16 %, crÈmefraÓche 15 %, emmental 10 %, huile de colza, sel, amidon modifiÍ, Ípaississants : gomme xanthane, gomme guar, ar«mes naturels. PÇte (40 %) : farine de blÍ, eau, huile de tournesol, sel. PrÍsence de gluten et de lait. || Valeur énergétique en Joules :  1068 || Valeur énergétique en Kcal : 255 || Glucides : 27.3 || Lipides : 11.7 || Protides :9.1 || 
13,33€ / Kg || 
2,40 € || 
Quiche Lorraine sans pâte || La barquette de 135g || Origine : FRANCE || 5,6% Mat. Gr.Des produits savoureux au quotidien. Les produits Weight Watchers ont été spécialement conçus pour vous aider à faire de meilleurs choix alimentaires. Vous gardez la plaisir de manger des produits savoureux, variés et gourmands, de l'entrée au dessert, quel que soit votre style de vie. || Format individuel. Micro-ondes : 1min30 : retirer la tarte de son emballage, la démouler puis réchauffer la tarte pendant 1min30 à 900 watts (à adapter selon la puissance du micro-ondes). Au four traditionnel : 15 min : retirer la tarte de son emballage, la démouler puis réchauffer la tarte sur une plaque pendant 15 min dans un four préchauffé à 200°C. || Eau, blanc d'oeuf, jambon supérieur fumé 11,5% (jambon de porc, sel, dextrose, sucre, arômes naturels, conservateurs : E316-E250), fromage frais 8%, oeufs frais, emmenthal, lait écrémé en poudre, lardons fumés 3% (poitrine de porc, eau, sel, acidifiant : E325, dextrose, antioxygène : E316, conservateur : E250), flocons de pomme de terre (pommes de terre, émulsifiant : E471, stabilisant : E450, extrait d'épices, acidifiant : acide citrique), amidon transformé, semoule de blé dur, fécule de pommede terre, arômes naturels. Fabriqué dans un atelier qui utilise : poisson, crustacés, mollusques, moutarde, céleri. || Valeur énergétique en Joules :  583Kj || Valeur énergétique en Kcal : 139Kcal || Glucides : 10,7g || Lipides : 3,4g || Protides :11,4g || A conserver entre 0 et +4°C. || 
18,67€ / Kg || 
2,52 € || 
Tarte chèvre et épinard, sans pâtes || La boîte de 135g || Origine : FRANCE || Des produits savoureux au quotidien. Les produits Weight Watchers ont été spécialement conçus pour vous aider à faire de meilleurs choix alimentaires.Vous garder le plaisir de manger des produits savoureux, variés et gourmands, de l'entrée au dessert, quel que soit votre style de vie. || Micro-ondes : retirer la tarte de son emballage, la démouler puis réchauffer la tarte pendant 1min30 à 900 watts (à adapter selon la puissance du micro-ondes). Au four : Retirer la tarte de son emballage, la démouler puis réchauffer la tarte sur uneplaque pendant 15 minutes dans un four préchauffé à 200°C. || Eau, blanc d'oeuf, épinards 13,5%, fromage de chèvre 10%, fromage blanc, crème fraiche, oeufs frais, flocons de pomme de terre (pommes de terre, émulsifiant : E471, stabilisant : E450, extrait d'épices, acidifiant : acide citrique), fibre de chicorée, lait écrémé en poudre, semoule de blé dur, amidon transformé, sel, ail, poudre à lever : E450 et E500, amidon de blé, épaississant : gomme xanthane, extrait de levure, épices (contient moutarde), arôme naturel. Fabriqué dans un atelier qui utilise: poisson, crustacés, mollusque, céleri. || Valeur énergétique en Joules :  639kj || Valeur énergétique en Kcal : 152kcal || Glucides : 15,4g || Lipides : 6,6g || Protides :7,8g || A conserver entre 0°C et +4°C. Conditionné sous atmosphère protectrice. || 
18,67€ / Kg || 
2,52 € || 
Tarte courgettes & tomates, mozzarella || La boite de 135g || Origine : FRANCE || Les produits Weight Watchers ont été spécialement conçus pour vous aider à faire de meilleurs choix alimentaires. Vous gardez le plaisir de manger des produits savoureux et variés. || Micro-ondes : retirer la tarte de son emballage, la démouler puis réchauffer la tarte pendant 1min30 à 900 watts. Au four : retirer la tarte de son emballage, la démouler puis réchauffer la tarte sur une plaque pendant 15 min dans un four préchaufféà 200°C. || Eau, courgettes 15,5%, blanc d'oeuf, fromage blanc, oeufs frais, oignons, fibre de chicorée, flocons de pommes de terre (pommes de terre, émulsifiant : E471, stabilisant : E450, extrait d'épices, acidifiant : acide citrique), tomates 3% (tomates pelées et jus de tomates), concentré de tomates 3%, semoule de blé dur, mozzarella 3%, crème fraîche, lait écrémé en poudre, amidon transformé, huile de colza, ail, moutarde de Dijon (eau, graines de moutarde, vinaigre d'alcool, sel, conservateur : disulfite de potassium, acidifiant : acide citrique), sel, vinaigre de Xérès, thym, extrait d'épice, épaississant : gomme xanthane. Fabriqué dans un atelier qui utilise : poisson, crustacés, mollusques, céleri. || Valeur énergétique en Joules :  542kj || Valeur énergétique en Kcal : 129kcal || Glucides : 14,7g || Lipides : 4,2g || Protides :6,4g || A conserver jusqu'à 4°C. Conditionné sous atmosphère protectrice. || 
17,41€ / Kg || 
2,35 € || 
Knacks, saucisses supérieures de Strasbourg, pur porc || Les 10 pieces, 350g || Origine : FRANCE || Saucisses de Strasbourg sans polyphosphates. || Au bain-marie : plongez les knacks sans leur sachet durant 3 minutes dans l'eau frémissante. || Viande de porc 74%, eau, plasma de porc, sel, dextrose, protéines de lait, lactose, arômes, antioxydant : ascorbate de sodium, colorants : extrait de paprika, carmin, conservateur : nitrite de sodium. Fumage au bois de hêtre. Traces d'oeuf et de moutarde. || Valeur énergétique en Joules :  1209kj || Valeur énergétique en Kcal : 292kcal || Glucides : 1,5g || Lipides : 26g || Protides :13g || A conserver entre 0°C et +4°C. A consommer rapidement après ouverture. || 
4,80€ / Kg || 
1,68 € || 
Knacks, saucisses supérieures de Strasbourg, pur porc || Les 4 saucisses, 140g || Origine : FRANCE || Saucisses de Strasbourg sans polyphosphates. || Au bain-marie : plongez les knacks sans leur sachet durant 3 minutes dans l'eau frémissante. || Viande de porc 74%, eau, plasma de porc, sel, dextrose, protéines de lait, lactose, arômes, antioxydant : ascorbate de sodium, colorants : extrait de paprika, carmin, conservateur : nitrite de sodium. Fumage au bois de hêtre. Traces d'oeuf et de moutarde. || Valeur énergétique en Joules :  1209kj || Valeur énergétique en Kcal : 292kcal || Glucides : 1,5g || Lipides : 26g || Protides :13g || Conserver entre 0°C et +4°C. A consommer rapidement après ouverture. || 
6,71€ / Kg || 
0,94 € || 
Knacks, saucisses supérieures de Strasbourg, pur porc || Les 6 saucisses, 210g || Origine : FRANCE || Saucisses de Strasbourg sans polyphosphates. || Au bain-marie : plonger les knacks sans leurs sachet durant 3 minutes dans l'eau frémissante. || Viande de porc 74%, eau, plasma de porc, sel, dextrose, protéines de lait, lactose, arômes, antioxydant : ascorbate de sodium, colorants : extrait de paprika, carmin, conservateur : nitrite de sodium. Fumage au bois de hêtre. Traces d'oeuf et de moutarde. || Valeur énergétique en Joules :  1209kj || Valeur énergétique en Kcal : 292kcal || Glucides : 1,5g || Lipides : 26g || Protides :13g || Conserver entre 0°C et +4°C. A consommer rapidement après ouverture. || 
6,33€ / Kg || 
1,33 € || 
Mini knacks, saucisses supérieures de Strasbourg, pur porc || Le pot de 200g || Origine : FRANCE || Les mini knacks peuvent se consommer chaudes ou froides. Au micro-ondes (à privilégier) : percez le film transparent, mettez 30 s au micro-ondes, secouez et remettez à nouveau 30 s au micro-ondes (pour un four ayant une puissance restituée de 850 Watts). A la casserole : plongez les saucisses 4 min. dans l'eau frémissante.  Micro-ondes. Casserole. || Valeur énergétique en Joules :  1195kj || Valeur énergétique en Kcal : 289kcal || Glucides : 1,9g || Lipides : 25g || Protides :14g || A conserver entre 0°C et +4°C. || 
9,50€ / Kg || 
1,90 € || 
Saucisse de Morteau fumée et cuite || Le sachet de 250g || Origine : FRANCE || Monoprix Gourmet a sélectionné pour vous cet incontournable de la gastronomie française fabriquée dans le Doubs, cette saucisse est exclusivement à base de viande de porc 100% origine France. Le fumage se fait encore en 'tuyé', ces grandes cheminéestypiques des fermes Franc-comtoises qui servaient autrefois de réserve à viande. Dégustez la chaude accompagnée de salade ou de pommes de terre. || Retirez l'emballage. Plongez la saucisse dans l'eau frémissante pendant 15 min ou 3 min au four à micro-ondes. || Viande de porc, sel, sucre, dextrose de blé, poivre, conservateur : nitrite de sodium. Boyau naturel de porc. Viande de porc origine France. 106,5g de viande de porc mis en oeuvre pour 100g de saucisse de Morteau. || Valeur énergétique en Joules :  1345kj || Valeur énergétique en Kcal : 325kcal || Glucides : 0g || Lipides : 29g || Protides :16g || A conserver entre 0°C et +4°C. || 
20,56€ / Kg || 
5,14 € || 
Saucisses de Francfort || Les 4 saucisses, 240g || Origine : FRANCE || Saucisses de Francfort qualité supérieure issues de l'agriculture biologique. || Viande de porc*, sel, plasma de porc, épices* et plantes aromatiques*, conservateur: nitrite de sodium, boyau naturel de mouton. Fumage au bois de hêtre. *ingrédients issus de l'agriculture biologique. || Sortez les saucisses de leur emballage et plongez-les 5 min dans de l'eau chaude mais non bouillante. || A conserver entre 0°C et +4°C. || 
17,13€ / Kg || 
4,11 € || 
Saucisses de Francfort || Les 4 saucisses, 240g || Origine : FRANCE || Saucisses de Francfort qualité supérieure issues de l'agriculture biologique. || Viande de porc*, sel, plasma de porc, épices* et plantes aromatiques*, conservateur: nitrite de sodium, boyau naturel de mouton. Fumage au bois de hêtre. *ingrédients issus de l'agriculture biologique. || Sortez les saucisses de leur emballage et plongez-les 5 min dans de l'eau chaude mais non bouillante. || A conserver entre 0°C et +4°C. || 
17,13€ / Kg || 
4,11 € || 
Saucisses de Montbéliard, fumées et cuites || Le sachet de 250g || Origine : FRANCE || Monoprix Gourmet a sélectionné pour vous cet incontournable de la gastronomie française fabriquée à Morteau (Doubs), cette saucisse est exclusivement à base de viande de porc 100% origine France. Finement épicée avec une pointe de poivre et de carvi,elle est fumée exclusivement au bois de résineux. || Retirez vos saucisses de leur emballage. Plongez les saucisses dans l'eau frémissante sans les piquer pendant 10 min ou 3 min au four à micro-ondes. || Viande de porc, sel, sucre, dextrose de blé, poivre 0,1%, carvi 0,1%, conservateur : nitrite de sodium. Boyau naturel de porc. Viande de porc origine France. 106g de viande de porc mis en oeuvre pour 100g de saucisse de Montbéliard. || Valeur énergétique en Joules :  1207kj || Valeur énergétique en Kcal : 291kcal || Glucides : 0,6g || Lipides : 25,1g || Protides :16g || A conserver entre 0°C et +4°C. || 
20,56€ / Kg || 
5,14 € || 
Saucisses de volaille cuites et fumées au bois de hêtre || Le sachet de 10 saucisses, 210g || Origine : FRANCE || Valeur énergétique en Joules :  1155kj || Valeur énergétique en Kcal : 279kcal || Glucides : 0,7g || Lipides : 24g || Protides :15g || 
5,49€ / Kg || 
1,92 € || 
Saucisses de volaille cuites et fumées au bois de hêtre || Le sachet de 6 saucisses, 210g || Origine : FRANCE || Alimentation de la volaille garantie 100% végétaux, minéraux et vitamines. || Casserole : plonger 5 minutes le sachet dans l'eau bouillante. Au four à micro-ondes : sortir les saucisses de leur emballage et les placer sur un plat adapté au micro-ondes. Pour 2 saucisses, cuire 30 secondes à 700 watts. || Valeur énergétique en Joules :  1155kj || Valeur énergétique en Kcal : 279kcal || Glucides : 0,7g || Lipides : 24g || Protides :15g || A conserver entre 0°C et + 4°C. || 
6,81€ / Kg || 
1,43 € || 
Saucisse sèche pur porc à l'ancienne, fabrication artisanale || Le paquet de 200g || Origine : FRANCE || Un produit unique aux saveurs authentiques. || Viande de porc, sel, marsala, épices et aromates, sirop de glucose de maïs, lactose, dextrose de blé, sucre, conservateurs : nitrate de potassium, ferments (200g de viande de porc utilisée pour 100g de produit fini). || A conserver dans un endroit sec et frais (température inférieure à 18°C). || 
22,20€ / Kg || 
4,44 € || 
Saucisse de francfort qualité supérieure || La barquette de 320g || Origine : FRANCE || Conditionné sous atmosphère protectrice. || IngrÍdients : Viande de porc 64%, gras de porc, eau, plasma de porc, sel, acidifiant : E575, E326, E262, stabilisant : E451, Ípices, ar«mes, aromates, lÍgumes (oignon, poireau), sucre : dextrose, exhausteur de goÛt : E621, antioxydant : E316, conservateur : E250, enveloppe : boyau naturel de mouton colorÍe E160b. Contient gluten et moutarde.FabriquÍ dans un atelier utilisant : sulfites.Fumage naturel au bois de h²tre. || Valeur énergétique en Joules :  1070 || Valeur énergétique en Kcal : 258 || Glucides : 0.5 || Lipides : 23 || Protides :12.8 || A conserver entre 0°C et +4°C. || 
12,56€ / Pce || 
4,02 € || 
Saucisses Wurst || Les 2 pièces, 250g || Origine : ITALIE || 
18,48€ / Kg || 
4,62 € || 
10 Knacki,100% poulet,- 25% de sel || Le blister de 350g || Origine : FRANCE || Préparation charcutière à base de poulet, sel réduit de 25% par rapport à la moyenne de la catégorie. || A la casserole : plongez les saucisses Knacki 4 min dans l'eau frémissante. Micro-ondes : placez les saucisses Knacki sur une assiette couverte. Faites chauffer : 2 Knacki : 30 sec, 4 Knacki : 1 min, 6 Knacki : 1 min 30, 10 Knacki : 2 min. Recommandations pour les plus jeunes : couper les saucisses Knacki en toutes petites bouchées. || Viande gros grains et peau de poulet 85%, eau, arômes (blé, céleri), lactose, sel, antioxydant : isoascorbate de sodium, conservateur : nitrite de sodium, fumée. Peut contenir des traces de : lait. 100% poulet, sans colorant et sans polyphosphate. || Valeur énergétique en Joules :  884kj || Valeur énergétique en Kcal : 213kcal || Glucides : 1,5g || Lipides : 17g || Protides :13g || A conserver à +4°C. A consommer rapidement après ouverture. || 
7,57€ / Kg || 
2,65 € || 
4 Knacki,100% poulet || Le blister de 140g || Origine : FRANCE || Bain-marie : plongez les saucisses Knacki 4 min dans l'eau frémissante. Micro-ondes : placez les saucisses Knacki sur une assiette couverte : 30 sec à puissance maxi pour 2 Knacki, 1 min à puissance maxi pour 4 Knacki. || Viande gros grains et peau de poulet 85%, eau, arômes (blé, céleri), lactose, sel, antioxydant : isoascorbate de sodium, conservateur : nitrite de sodium, fumée. Peut contenir des traces de : lait. 100% poulet sans colorant et sans polyphosphate. Origine : France. || Valeur énergétique en Joules :  864kj || Valeur énergétique en Kcal : 208kcal || Glucides : 1,5g || Lipides : 16g || Protides :14g || Conservation à +4°C. A consommer rapidement après ouverture. || 
10,64€ / Kg || 
1,49 € || 
Grillée, saucisses de Strasbourg, pur porc || Les 4 saucisses, 280g || Origine : FRANCE || Micro-ondes : placez le sachet légèrement entrouvert 1 minute 30 au four à micro-ondes à 900W. Pour 1 saucisse Knacki Grillée, réchauffez 30 secondes sur une assiette couverte (Pour 2 saucisses : 50 sec). A la casserole : Faites bouillir de l'eau dans une casserole et plongez-les pendant 5 minutes dans l'eau frémissante. Egouttez-les et dégustez. A la poêle : sortir les saucisses Knacki de leur sachet et placez-les dans une poêle bien chaude. Réchauffer 10 min à feu doux en les retournant régulièrement. Recommandation pour les plus jeunes : couper les saucisses Knacki en tout petits morceaux. || Viande de porc, eau, gras de porc, lactose, sel, protéines de lait, arômes (céleri), fibre de blé, levure, protéine de pois, dextrose, colorants : carmins, extrait de paprika, antioxydant : isoascorbate de sodium, conservateur : nitrite de sodium, fumée. Viande de porc : 70%. Fabriqué en France avec de la viande issue d'élevages de porcs rigoureusement sélectionnés dans l'Union Européenne. 100% pur porc. || Valeur énergétique en Joules :  1100kj || Valeur énergétique en Kcal : 266kcal || Glucides : 2g || Lipides : 23g || Protides :12g || A conserver au frais à max +4°C. A consommer rapidement après ouverture. Conditionné sous atmosphère protectrice. || 
8,54€ / Kg || 
2,39 € || 
Knacki, saucisses de Strasbourg fumée au bois de hêtre, 100% pur porc || Le sachet de 4 Knacki, 280g || Origine : FRANCE || Saucisses de Strasbourg. || Micro-ondes : placez le sachet légèrement entrouvert 1 min 30 au four à micro-ondes à 900W. Pour 1 saucisse Knacki Fumée réchauffez 30 sec sur une assiette couverte (pour 2 saucisses : 50 sec). A la casserole : faites bouillir de l'eau dans une casserole. Sortez les saucisses Knacki de leur emballage et plongez-les pendant 5 minutes dans l'eau frémissante. A la poêle : sortir les saucisses Knacki de leur sachet et placez-les dans une poêle bien chaude. Réchauffez 10 minutes à feu doux en les retournant régulièrement. Recommandations pour les plus jeunes : couper les saucisses Knacki en tout petits morceaux. || Viande de porc, eau, gras de porc, lactose, sel, protéines de lait, arôme (céleri), arômes de fumée, fibre de blé, levure, protéine de pois, dextrose, colorants : carmins, extrait de paprika, antioxydant : isoascorbate de sodium, conservateur : nitrite de sodium, fumée. Viande de porc 69%. Peut contenir des traces de moutarde et oeuf. || Valeur énergétique en Joules :  1100kj || Valeur énergétique en Kcal : 266kcal || Glucides : 2g || Lipides : 23g || Protides :12g || A conserver au frais à +4°C max. A consommer rapidement après ouverture. Conditionné sous atmosphère protectrice. || 
10,29€ / Kg || 
2,88 € || 
Knacki Ball 100% poulet || Le pot de 200g || Origine : FRANCE || Préparation charcutière à base de poulet. || 4 pics à l'intérieur. Ne pas donner ni laisser à la portée d'enfants de moins de 4 ans, ils risqueraient d'avaler sans mâcher. Ne pas laisser les enfants jouer avec un pic Knacki Ball. || Viande gros grains et peau de poulet 75%, eau, lactose, arômes (blé, céleri), protéines de pois, sel, dextrose, antioxydant : isoascorbate de sodium, conservateur : nitrite de sodium, ferment, fumée. Peut contenir des traces de : lait. || Valeur énergétique en Joules :  884kj || Valeur énergétique en Kcal : 213kcal || Glucides : 1,5g || Lipides : 17g || Protides :13g || A conserver à +4°C. Conditionné sous atmosphère protectrice. A consommer rapidement après ouverture. || 
14,70€ / Kg || 
2,94 € || 
Knacki original, 100% poulet || Le blister de 210g || Origine : FRANCE || Un fumage traditionnel au bois de hêtre. || Au bain-marie : plongez les saucisses Knacki 4 min dans l'eau frémissante. Micro-ondes : placez les saucisses Knacki sur une assiette couverte (2 Knacki : 30 sec, 4 Knacki : 1 min, 6 Knacki : 1 min 30). Pour les plus jeunes, nous recommandons de couper les saucisses Knacki en petites bouchées. || Viande gros grains et peau de poulet 85%, eau, arômes (blé, céleri), lactose, sel, antioxydant : isoascorbate de sodium, conservateur : nitrite de sodium, fumée. Peut contenir des traces de : lait. 100% poulet, sans colorant et sans polyphosphate. || Valeur énergétique en Joules :  884kj || Valeur énergétique en Kcal : 213kcal || Glucides : 1,5g || Lipides : 17g || Protides :13g || A conserver à +4°C. A consommer rapidement après ouverture. || 
9,43€ / Kg || 
1,98 € || 
Knacki original, 100% pur porc || Le blister de 210g || Origine : FRANCE || Valeur énergétique en Joules :  1099kj || Valeur énergétique en Kcal : 265kcal || Glucides : 2,0g || Lipides : 23g || Protides :12g || 
6,90€ / Kg || 
1,45 € || 
Max, saucisses de strasbourg, pur porc || Les 2 saucisses, 180g || Origine : FRANCE || Ouvrir le sachet. Chauffer 1 minute à 850 W au micro-ondes dans le sachet ou 5 min dans l'eau frémissante. Recommandation pour les plus jeunes : couper les saucisses Knacki en tout petits morceaux. || Viande de porc, eau, gras de porc, lactose, arômes (céleri), sel, protéines de sodium, conservateur : nitrite de sodium, fumée. Porc : 69%. || Valeur énergétique en Joules :  1151kj || Valeur énergétique en Kcal : 278kcal || Glucides : 2g || Lipides : 25g || Protides :11,5g || A conserver au frais à max +4°C. A consommer rapidement après ouverture. Conditionné sous atmosphère protectrice. || 
10,22€ / Kg || 
1,84 € || 
Original, saucisses de Strasbourg, pur porc, 25% de sel || Les 4 saucisses, 140g || Origine : FRANCE || -25% de sel. || Bain-marie : plonger les saucisses Knacki sans leur sachet durant 4 minutes dans l'eau frémissante. Micro-ondes : placez les saucisses Knacki sans leur sachet sur une assiette couverte (2 Knacki : 30 sec) (4 Knacki : 1 min) (6 Knacki : 1,30 min) (10Knacki : 2 min). Pour les plus jeunes, nous recommandons de couper les knacki en petites bouchées. || Viande de porc, eau, gras de porc, lactose, sel, protéines de lait, fibre de blé, levure, protéines de pois, dextrose, arômes (céleri), colorants : carmins, extrait de paprika, chlorure de potassium, antioxydant : isoascorbate de sodium, conservateur: nitrite de sodium, fumée. Porc : 71%. Fabriqué en France avec de la viande issue d'élevages de porcs rigoureusement sélectionnés dans l'Union Européenne. || A conserver à +4°C. A consommer rapidement après ouverture. || 
10,00€ / Kg || 
1,40 € || 
Original, saucisses de Strasbourg, pur porc, sel réduit de 25% || Les 10 saucisses, 350g || Origine : FRANCE || Le goût authentique de knacki avec 25% de sel en moins par rapport à la moyenne de la catégorie. || Bain-marie : plongez les knacki sans leur sachet durant 4 minutes dans l'eau frémissante. Micro-onde : placez les knacki sans leur sachet sur une assiette couverte durée :  2 knacki - 30 sec. 4 knacki - 1 mn. 6 knacki - 1 mn 30. 10 knacki - 2 mn. || Viande de porc, eau, gras de porc, lactose, sel, protéines de lait, fibre de blé, levure, protéine de pois, dextrose, arômes (céleri), colorants : carmins, extrait de paprika , chlorure de potassium, anti-oxygène : isoascorbate de sodium , conservateur : nitrite de sodium , fumée. porc : 70%. || Valeur énergétique en Joules :  1163kj || Valeur énergétique en Kcal : 281kcal || Glucides : 2g || Lipides : 25g || Protides :12g || Conservation +4°c. || 
6,46€ / Kg || 
2,26 € || 
Saucisse sèche droite Label Rouge || La pièce de 250g || Origine : FRANCE || 
20,68€ / Kg || 
5,17 € || 
Saucisse sèche d'Auvergne, pur porc || Le paquet de 300g || Origine : FRANCE || Fabriqué en Auvergne, ce produit est le fruit de traditions savamment conservées. Sachez le déguster et il vous révèlera toutes ses richesses, mais pas ses secrets || Viande de porc, sel, lactose, dextrose de blé, poivre, ail, muscade, conservateur: salpêtre. 164g de viande de porc utilisée pour 100g de produit fini. Garanti sans colorant et sans polyphosphate. || A conserver de préférence à une température inférieure à 18°C. || 
17,47€ / Kg || 
5,24 € || 
Saucisse sec de campagne, pur porc || Le paquet de 200g || Origine : FRANCE || Viande de porc (190g utilisés pour 100g de produit fini), sel, poivre, épices, sucre : sirop de glucose, dextrose de blé, lactose, saccharose. Antioxygène : acide ascorbique. Ascorbate de sodium. Conservateur : salpêtre. Ferments lactique. Trace de fruit à coque. || Température de conservation conseillé : +18°C. Dégustez à température ambiante. Otez l'emballage le protégeant. Placez-le dans un endroit sec et aéré à + 18°C maxi. || 
30,85€ / Kg || 
6,17 € || 
Knack d'Alsace || Les 2 paquets, 260g || Origine : FRANCE || Chaud ou froid. En plat, salade ou apéritif. Chaud : plongez les saucisses dans de l'eau frémissante pendant 5 à 10 minutes. Peuvent accompagner une choucroute ou une potée de légumes : ajoutez-les 10 minutes avant la fin de la cuisson. || Maigre et gras de porc, eau, maigre de boeuf, blanc d'oeuf, sel, protéines de lait, épices et aromates, sucres : lactose, dextrose, stabilisants : polyphosphates (E450, E451, E452), exhausteur de goût : glutamate, acidifiants : glucono-delta-lactone,acide citrique, extrait de levure, antioxygène : acide ascorbique, conservateurs : nitrite de sodium. || A conserver entre 0 et +4°C || 
18,38€ / Kg || 
4,78 € || 
Saucisses de Francfort, pur porc || Les 6 saucisses, 240g || Origine : FRANCE || Besoin d'idées pour vos repas et apéritifs ou pour une petite faim ? Envie de saveur, d'authenticité mais aussi de praticité ? Retrouvez chaque jour les bonnes idées gourmandes de Stoeffler ! || Plongez les saucisses dans l'eau frémissante pendant 5 minutes ou ajoutez les dans vos plats 10 minutes avant la fin de la cuisson. Elles sont délicieuses également froides. || Viande de porc 58%, gras de porc, eau, sel, dextrose, arôme, épices, stabilisants : di et polyphosphates, protéines de lait, acidifiants : glucono-delta-lactone, acide citrique, exhausteur de goût : glutamate, antioxygène : acide ascorbique, conservateur : nitrite de sodium.  Traces possibles de moutarde. || A conserver entre 0°C et + 4°C. A consommer dans les 48h après ouverture. || 
8,58€ / Kg || ##
Saucisses de Francfort, pur porc || Les 6 saucisses, 240g || Origine : FRANCE || Besoin d'idées pour vos repas et apéritifs ou pour une petite faim ? Envie de saveur, d'authenticité mais aussi de praticité ? Retrouvez chaque jour les bonnes idées gourmandes de Stoeffler ! || Plongez les saucisses dans l'eau frémissante pendant 5 minutes ou ajoutez les dans vos plats 10 minutes avant la fin de la cuisson. Elles sont délicieuses également froides. || Viande de porc 58%, gras de porc, eau, sel, dextrose, arôme, épices, stabilisants : di et polyphosphates, protéines de lait, acidifiants : glucono-delta-lactone, acide citrique, exhausteur de goût : glutamate, antioxygène : acide ascorbique, conservateur : nitrite de sodium.  Traces possibles de moutarde. || A conserver entre 0°C et + 4°C. A consommer dans les 48h après ouverture. || 
8,58€ / Kg || ##
Saucisses de Francfort, pur porc || Les 6 saucisses, 240g || Origine : FRANCE || Besoin d'idées pour vos repas et apéritifs ou pour une petite faim ? Envie de saveur, d'authenticité mais aussi de praticité ? Retrouvez chaque jour les bonnes idées gourmandes de Stoeffler ! || Plongez les saucisses dans l'eau frémissante pendant 5 minutes ou ajoutez les dans vos plats 10 minutes avant la fin de la cuisson. Elles sont délicieuses également froides. || Viande de porc 58%, gras de porc, eau, sel, dextrose, arôme, épices, stabilisants : di et polyphosphates, protéines de lait, acidifiants : glucono-delta-lactone, acide citrique, exhausteur de goût : glutamate, antioxygène : acide ascorbique, conservateur : nitrite de sodium.  Traces possibles de moutarde. || A conserver entre 0°C et + 4°C. A consommer dans les 48h après ouverture. || 
11,46€ / Kg || 
2,75 € || 
Saucisses de Strasbourg || Le sachet de 240g || Origine : FRANCE || 
12,83€ / Kg || 
3,08 € || 
Saucisses fumées au bois de hêtre || Les 4 saucisses, 400g || Origine : FRANCE || Découvrez la Saucisse Fumée d'Alsace, une saucisse préparée à partir d'ingrédients soigneusement sélectionnés : pur porc, finement relevée de coriandre et fumée au bois de hêtre. || Cuites, elles sont pratiques à mettre en oeuvre : dégustez-les accompagnées d'une purée de légumes après les avoir simplement réchauffées 12 minutes dans une casserole d'eau frémissante. Elles apportent également tout leur parfum lentement mijotées dans une potée ou une soupe. Froides, en salade ou tranchées en rondelles à l'apéritif, elles vont vous surprendre ! || Viande de porc 85.8%, gras de porc, eau, sel, sirop de glucose, dextrose, épices et aromates (dont moutarde), arômes, stabilisants : di et polyphosphates, antioxygènes : acide ascorbique, ascorbate de sodium, conservateur : nitrite de sodium. Tracespossibles de lactose. || Valeur énergétique en Joules :  1090kj || Valeur énergétique en Kcal : 260kcal || Glucides : 3g || Lipides : 20g || Protides :16,5g || A conserver entre 0 et +4°C.  A consommer dans les 48 heures après ouverture. || 
13,78€ / Kg || 
5,51 € || 
Knacks d'Alsace || La barquette de 4, 240g || Origine : FRANCE || 
18,83€ / Kg || 
4,52 € || 
Saucisses viennoises || La barquette de 4, 240g || Origine : FRANCE || Trophée National de l'Agriculture Durable 2010. || A réchauffer 10 minutes dans de l'eau frémissante. Incontournable dans la choucroute ou en grignotage entre amis. || Maigre et gras de porc et de veau, glace, plasma de porc, épices et sel, conservateur : nitrite de sodium, sucre, dextrose, émulsifiant : E450, E452, acidifiant : E575, exhausteur de goût : glutamate de sodium, anti-oxygène : ascorbate de sodium, boyau naturel. || A conserver entre 0°C et +4°C. || 
19,88€ / Kg || 
4,77 € || 
Saucisse Cervelas || Le paquet de 320g || Origine : ISRAEL || 
18,97€ / Kg || 
6,07 € || 
Saucisses Vienna || Le paquet de 250g || Origine : ISRAEL || 
20,56€ / Kg || 
5,14 € || 
Saucisson Bellevillois || La pièce de 550g || Origine : FRANCE || 
12,35€ / Kg || 
6,79 € || 
Chorizo fort || Les 10 tranches, 70g || Origine : ESPAGNE || Ouvrir 30 minutes avant dégustation. Ce Chorizo se consomme en entrée, en 'tapas' ou pour agrémenter une raclette. || Viande de porc, sel, piments, lactose, protéines de lait, dextrose, ail, antioxydant : érythorbate de sodium, conservateur : nitrite de sodium, carmins, conservateurs de surface : sorbate de potassium, natamycine. 134g de viande de porc mis en oeuvrepour 100g de chorizo. Traces de soja. || Valeur énergétique en Joules :  1299kj || Valeur énergétique en Kcal : 312kcal || Glucides : 2,5g || Lipides : 22g || Protides :26g || A conserver entre 0°C et +8°C. A consommer rapidement après ouverture. || 
20,71€ / Kg || 
1,45 € || 
Mini saucisson aux noix || Le paquet de 75g || Origine : FRANCE || 
30,13€ / Kg || 
2,26 € || 
Mini Saucisson sec || Le paquet de 75g || Origine : FRANCE || Viande de porc, sel, lactose, épices et aromates, rhum (colorant E150b),dextrose de blé, conservateur:nitrate de potassium, ferment de maturation, boyau collagénique.208g  de viande de porc mis en oeuvre pour l'élaboration de 100 g de saucissons. Traces de noix et de noisettes. || Valeur énergétique en Joules :  2214kj || Valeur énergétique en Kcal : 534kcal || Glucides : 2,1g || Lipides : 46g8g || Protides :28g || A conserver à +18°C || 
30,13€ / Kg || 
2,26 € || 
Noix de boeuf séchée || La barquette de 60g || Origine : FRANCE || Noix de boeuf, sel, épices et plantes aromatiques 0,9%, sucre, conservateur: nitrite de potassium, nitrite de sodium, ferment. || 
52,33€ / Kg || 
3,14 € || 
Salame felino, saucisson italien || Les 14 tranches, 70g || Origine : ITALIE || Saucisson italien. || 12 tranches environ. Se consomme à l'apéritif ou dans un assortiment de charcuterie. Ouvrir la barquette une demi-heure avant consommation. || Jambon de porc, sel, dextrose de maïs, arômes, épices (poivre, ail, noix de muscade), antioxygène : ascorbate de sodium, conservateurs : nitrite de sodium et nitrate de potassium. || A conserver entre 0°C et +4°C. || 
42,86€ / Kg || 
3,00 € || 
Saucisse sèche || Le paquet de 250g || Origine : FRANCE || Viande de porc , sel , lactose,dextrose de blé , glucose de blé , ail en poudre, arôme , conservateur : nitrate de potassium , ferments de maturation. 155 g de viande de porc mis en oeuvre pour l'élaboration de 100 g de saucisse sèche. || Valeur énergétique en Joules :  1737Kj || Valeur énergétique en Kcal : 419Kcal || Glucides : 3g || Lipides : 35g || Protides :23g || A conserver à  +18°C || 
12,72€ / Kg || 
3,18 € || 
Saucisse sèche, riche en oméga 3 || La pièce de 150g || Origine : FRANCE || Viande de porc, sel de Guérande, graines de lin 1,2%, lactose, marsala, épices et aromate, dextrose de blé, sucre, conservateur : E252, antioxygènes : E300 et E301, ferments, boyau naturel de porc (195g de viande de porc utilisés pour 100g de produitfini). Présence possible de gluten, fruits à coque et sésame. || Ouvrir 1 heure avant dégustation. Déguster à température ambiante. || A conserver dans un endroit frais et sec (température inférieure à 18°C). || 
28,20€ / Kg || 
4,23 € || 
Saucisse sèche courbe bio || La pièce de 150g || Origine : FRANCE || Saucisse sèche pur porc qualité supérieure. || Viande de porc*, sel, sirop de glucose*, lactose*, épices et plante aromatique*, sucre de canne*, conservateur : nitrate de potassium, ferments, boyau naturel de porc. 171 g de viande de porc mis en oeuvre pour l'élaboration de 100 g de saucisson sec. *Ingrédients issus de l'agriculture biologique. || Valeur énergétique en Joules :  1741kj || Valeur énergétique en Kcal : 420kcal || Glucides : 0,4g || Lipides : 34g || Protides :28g || A conserver dans un endroit sec et frais à une température inférieure à +18°C. Une fois entamé, à conserver emballé au réfrigérateur et à consommer rapidement. || 
27,40€ / Kg || 
4,11 € || 
Saucisse sèche courbe bio || La pièce de 150g || Origine : FRANCE || Saucisse sèche pur porc qualité supérieure. || Viande de porc*, sel, sirop de glucose*, lactose*, épices et plante aromatique*, sucre de canne*, conservateur : nitrate de potassium, ferments, boyau naturel de porc. 171 g de viande de porc mis en oeuvre pour l'élaboration de 100 g de saucisson sec. *Ingrédients issus de l'agriculture biologique. || Valeur énergétique en Joules :  1741kj || Valeur énergétique en Kcal : 420kcal || Glucides : 0,4g || Lipides : 34g || Protides :28g || A conserver dans un endroit sec et frais à une température inférieure à +18°C. Une fois entamé, à conserver emballé au réfrigérateur et à consommer rapidement. || 
27,40€ / Kg || 
4,11 € || 
Saucisse sèche supérieure || Le paquet de 225g || Origine : FRANCE || Viande de porc, sel, lactose, dextrose, poivre blanc, sucre, ail en poudre, rhum, conservateurs : nitrate de potassium, nitrite de sodium, muscade, ferments, boyau naturel de porc. Poudre de fleurage : carbonate de calcium, talc. 176g de viande de porc mis en oeuvre pour l'élaboration de 100g de saucisse sèche. || Valeur énergétique en Kcal : 453Kc || Glucides : 1.2g || Lipides : 36g || Protides :31g || A conserver dans un endroit sec et frais de préférence à une température inférieure à +18°C. Une fois entamé, à conserver emballé au réfrigérateur et à consommer rapidement. || 
22,84€ / Kg || 
5,14 € || 
Saucisse sèche supérieure, pur porc || Le paquet de 300g || Origine : FRANCE || Produit de qualité supérieure, pur porc (épices naturelles,sans colorants , sans polyphosphates ). Conformément au code des usages de la charcuterie. || Viande de porc, sel , lactose , poivre , dextrose de blé,sucre , ail , conservateur : nitrate de potassium , ferments de maturation. Boyau naturel de porc. 162 g de viande de porc mis en oeuvre pour l'élaboration de 100a de saucisse sèche. || Valeur énergétique en Joules :  1728Kj || Valeur énergétique en Kcal : 416Kcal || Glucides : 0,8g || Lipides : 33g || Protides :29g || A conserver à +18°C || 
14,20€ / Kg || 
4,26 € || 
Saucisse sèche supérieure, tranchée sans peau || Le paquet de 100g || Origine : FRANCE || Ouvrez 15 minutes avant de déguster et servez à température ambiante. || Viande et gras de porc, sel, sirop de glucose de maïs, marsala, épices et aromates, conservateur : E252, antioxygènes : E300 et E301, ferments (189g de viande et gras de porc utilisés pour 100g de produit fini). || A conserver entre 0°C et 4°C. || 
26,50€ / Kg || 
2,65 € || 
Saucisson cuit pur porc, à l'ail || Le paquet de 300g || Origine : FRANCE || Conservation entre 0 et +4°c maximum. || 
7,83€ / Kg || 
2,35 € || 
Saucisson cuit pur porc, à l'ail fumé || Le paquet de 300g || Origine : FRANCE || Viande de porc 91%, gras de porc, eau, sel, plantes aromatiques et extraits d'épices, stabilisants : E450, E451, dextrose, ail (0,18%), arôme, sirop de glucose, acidifiant : lactate de potassium, antioxydant : érythorbate de sodium, conservateur : nitrite de sodium, colorant : carmin de cochenille. Enveloppe non comestible. || Valeur énergétique en Joules :  1140kj || Valeur énergétique en Kcal : 275kcal || Glucides : 1g || Lipides : 23g || Protides :16g || A conserver entre 0°C et +4°C. A consommer rapidement après ouverture || 
7,83€ / Kg || 
2,35 € || 
Saucisson du marin fumé à l'ancienne, salé au sel de mer || Le paquet de 60g || Origine : FRANCE || Ouvrir la barquette 15 minutes avant dégustation, et servir à température ambiante. || Echine de porc, sel, épices et aromates, sucre, conservateur : nitrate de potassium, ferments. (200g de viande de porc ont été utilisés pour fabriquer 100g de produit fini). || A conserver entre 0°C et +4°C. || 
51,00€ / Kg || 
3,06 € || 
Saucisson sec || Les 16 tranches, 80g || Origine : FRANCE || Viande de porc, sel, lactose, épices et plantes aromatiques, glucose de blé, dextrose de blé, antioxygène : érythorbate de sodium, conservateur : nitrate de potassium, ferments de maturation. 146g de viande de porc mis en oeuvre pour 100g de saucisson sec.  Traces d'oeufs, de lait, de moutarde, et de fruits à coque. || Valeur énergétique en Joules :  1539kj || Valeur énergétique en Kcal : 371kcal || Glucides : 2,4g || Lipides : 29g || Protides :25g || A consommer rapidement après ouverture. || 
16,00€ / Kg || 
1,28 € || 
Saucisson sec, 100% jambon || La pièce de 200g || Origine : FRANCE || Saucisson sec. || Viande de porc (100% jambon), sel, lactose, dextrose, lait écrémé en poudre, sucre, épices, conservateurs : nitrate de potassium, nitrite de sodium, ferments. 189 g de viande de porc mis en oeuvre pour l'élaboration de 100 g de spécialité de saucisson sec. Boyau non comestible. Elaboré en France à partir de porc origine UE. || Valeur énergétique en Joules :  1037kj || Valeur énergétique en Kcal : 246kcal || Glucides : 2,9g || Lipides : 7,4g || Protides :42g || A conserver dans un endroit sec et frais de préférence à une température inférieure à +18°C. Une fois entamé, à conserver emballé au réfrigérateur et à consommer rapidement. Conditionné sous atmosphère protectrice. || 
17,45€ / Kg || 
3,49 € || 
Saucisson sec à l'ancienne, pur porc, fabrication artisanale || Le paquet de 220g || Origine : FRANCE || Un produit unique aux saveurs authentiques. || Viande de porc, sel, marsala, épices et aromates, sirop de glucose de maïs, lactose, dextrose de blé, sucre, conservateurs : nitrate de potassium, ferments (200g de viande de porc utilisée pour 100g de produit fini). || A conserver dans un endroit sec et frais (température inférieure à 18°C). || 
22,55€ / Kg || 
4,96 € || 
Saucisson sec bio || La pièce de 150g || Origine : FRANCE || Saucisson sec pur porc qualité supérieure. || Viande de porc*, sel, sirop de glucose*, lactose*, épices et plante aromatique*, sucre de canne*, conservateur : nitrate de potassium, ferments, boyau naturel de porc. 160 g de viande de porc mis en oeuvre pour l'élaboration de 100 g de saucisson sec. *Ingrédients issus de l'agriculture biologique. || Valeur énergétique en Joules :  1741kj || Valeur énergétique en Kcal : 420kcal || Glucides : 0,4g || Lipides : 34g || Protides :28g || A conserver dans un endroit sec et frais à une température inférieure à +18°C. Une fois entamé, à conserver emballé au réfrigérateur et à consommer rapidement. || 
27,40€ / Kg || 
4,11 € || 
Saucisson sec bio || La pièce de 150g || Origine : FRANCE || Saucisson sec pur porc qualité supérieure. || Viande de porc*, sel, sirop de glucose*, lactose*, épices et plante aromatique*, sucre de canne*, conservateur : nitrate de potassium, ferments, boyau naturel de porc. 160 g de viande de porc mis en oeuvre pour l'élaboration de 100 g de saucisson sec. *Ingrédients issus de l'agriculture biologique. || Valeur énergétique en Joules :  1741kj || Valeur énergétique en Kcal : 420kcal || Glucides : 0,4g || Lipides : 34g || Protides :28g || A conserver dans un endroit sec et frais à une température inférieure à +18°C. Une fois entamé, à conserver emballé au réfrigérateur et à consommer rapidement. || 
27,40€ / Kg || 
4,11 € || 
Saucisson sec qualité supérieure || La pièce de 250g || Origine : FRANCE || Saucisson sec pur porc qualité supérieure. || Viande de porc, sel, lactose, poivre, sucre, dextrose, ail, muscade, antioxydant : acide ascorbique, conservateurs : nitrite de sodium, nitrate de potassium, ferments, boyau naturel de porc. Poudre de fleurage : talc, carbonate de calcium. 144g de viande de porc mis en oeuvre pour l'élaboration de 100g de saucisson sec. || Valeur énergétique en Joules :  1808kj || Valeur énergétique en Kcal : 436kcal || Glucides : 3,2g || Lipides : 10,5g || Protides :27g || A conserver dans un endroit sec et frais de préférence à une température inférieure à +18°C. Une fois entamé, à conserver emballé au réfrigérateur et à consommer rapidement. || 
12,72€ / Kg || 
3,18 € || 
Saucisson sec supérieur || Le paquet de 225g || Origine : FRANCE || Viande de porc, sel, lactose, dextrose, poivre blanc, sucre, ail en poudre, conservateur : nitrate de potassium, muscade, ferments, boyau naturel de porc. Poudre de fleurage : carbonate de calcium, talc. 165g de viande de porc mis en oeuvre pour l'élaboration de 100g de saucisson sec. || Valeur énergétique en Kcal : 420Kc || Glucides : 1.4g || Lipides : 34g || Protides :27g || A conserver dans un endroit sec et frais de préférence à une température inférieure à +18°C. Une fois entamé, à conserver emballé au réfrigérateur et à consommer rapidement. || 
23,07€ / Kg || 
5,19 € || 
Saucisse sèche, à l'ancienne, fabriquée en Cévennes d'Ardèche || Le paquet de 250g || Origine : FRANCE || 100% porc frais. Attachée à la ficelle. Seulement 20% de matière grasse mise en oeuvre. || Maigre de porc, gras de porc, sel, lactose, vin, dextrose de blé, épices, conservateur : salpêtre, ferments lactiques. 171g de viande porc mis en oeuvre pour 100g de produit fini. Sans colorant. Boyau naturel de porc. Fleur naturelle. || Valeur énergétique en Joules :  1745Kj || Valeur énergétique en Kcal : 421Kcal || Glucides : 0,8g || Lipides : 33,1g || Protides :29,3g || Température de conservation conseillée inférieure à 18°C. || 
25,08€ / Kg || 
6,27 € || 
Saucisse sèche artisanale, 7% de mat. Gr. || Le paquet de 220g || Origine : FRANCE || 
20,56€ / Kg || 
5,14 € || 
Saucisson sec, à l'ancienne, fabriqué en Cévennes d'Ardèche || Le paquet de 250g || Origine : FRANCE || 100% porc frais. Attachée à la ficelle. || Maigre de porc, gras de porc, sel, lactose, vin, dextrose de blé, épices, conservateur : salpêtre, ferments lactiques. 162g de viande porc mis en oeuvre pour 100g de produit fini. Sans colorant. Boyau naturel de porc. Fleur naturelle. || Valeur énergétique en Joules :  1602Kj || Valeur énergétique en Kcal : 386Kcal || Glucides : 0,9g || Lipides : 30,6g || Protides :268g || Température de conservation conseillée inférieure à 18°C. || 
25,08€ / Kg || 
6,27 € || 
Apérisec saucisson nature || La barquette de 130g || Origine : FRANCE || 
34,46€ / Kg || 
4,48 € || 
Dentelles de coppa || La barquette de 120g || Origine : FRANCE || 
33,50€ / Kg || 
4,02 € || 
Noix de jambon affinée || Le paquet de 200g || Origine : FRANCE || Aoste a élaboré pour vous un produit qui vous étonnera par son goût intense et sa texture fondante. Cette recette est le fruit de l'alliance savoureuse de la noix de jambon, partie la plus noble du porc et d'un fin mélange d'épices naturelles. || Noix de jambon (100%), sel, poudre de lait, vin, lactose, dextrose, épices, sucres, conservateurs : nitrate de potassium, nitrite de sodium, ferments. Enveloppe : boyau naturel de porc, poudre de fleurage : carbonate de calcium, talc. 197g de viandede porc utilisés pour 100g de produit fini. Sans arôme ni colorant. || Valeur énergétique en Joules :  1155Kj || Valeur énergétique en Kcal : 275Kcal || Glucides : 3g || Lipides : 11g || Protides :41g || Pour préserver toute la saveur de ce produit, conservez-le dans un endroit sec et aéré, température de conservation conseillée entre +14°C et +18°C. || 
25,85€ / Kg || 
5,17 € || 
Saucisson Domaine de Mezenc || La pièce de 250g || Origine : UNION EUROPEENNE || Viande et gras de porc, sel, dextrose, aromate, Ípices, sucre. Conservateurs: nitrate de potassium et nitrite de sodium, ferments, boyau naturel de porc. Poudre de fleurage: carbonate de calcium, talc.AllergÈnes: prÍsence possible de lait || Valeur énergétique en Joules :  1680 || Valeur énergétique en Kcal : 405 || Glucides : 0.3 || Lipides : 33 || Protides :26 || entre 14¢ et 18¢C || 
22,20€ / Kg || 
5,55 € || 
Chorizo espagnol || Les 22 tranches, 80g || Origine : ALLEMAGNE || Viande de porc (90%), sel, paprika, protéines de lait, épices (moutarde), lactose, dextrose, protéines végétales, antioxygène : ascorbate de sodium, conservateurs : salpêtre, colorant : cochenille, sorbate de potassium (boyau). || A conserver entre 0°C et +3°C. || 
21,25€ / Kg || 
1,70 € || 
Saucisson sec, pur porc || Les 22 tranches, 80g || Origine : ALLEMAGNE || Maigre de porc (77.5%), gras de porc (16%), sel, lactose, épices (moutarde), conservateurs : salpêtre, antioxygéne : ascorbate de sodium, ferments. || A conserver entre 0°C et +3°C. || 
21,25€ / Kg || 
1,70 € || 
Chorizo, Délice de St Agaûne || Le paquet de 200g || Origine : FRANCE || 
23,10€ / Kg || 
4,62 € || 
Saint Agaûne délicatement fumé || Le sachet de 170g || Origine : FRANCE || Délicatement fumé faites de la dégustation un moment d'exception ! D'abord, découvrez sa robe brune et sans peau. Puis sa tranche vous révélera un coeur rouge rosé, marbré de fines nervures de gras. Au nez, vous vous laisserez emporter par son odeurfumée caractéristique des fumages lents et délicats. En bouche, les notes de fumée laisseront progressivement place à l'explosion d'un bouquet d'aromates riche et complexe. Sa longueur en bouche exceptionnelle vous donnera sûrement envie de prolongerla dégustation ! || Viande de porc (100% jambon), sel, dextrose, Ípices et aromates, sucre, conservateurs: salp²tre, sel nitritÍ, ferments (lactose). || Valeur énergétique en Joules :  983kj || Valeur énergétique en Kcal : 233,5g || Glucides : 1,5g || Lipides : 7,5g || Protides :40g || A conserver dans le bas de votre réfrigérateur, ou dans un lieu sec et aéré, de préférence à une température d'environ 18°C. Après ouverture, à conserver au réfrigérateur et à consommer dans les 5 jours. || 
27,82€ / Kg || 
4,73 € || 
Saucisse sèche, Délice de St Agaûne || Le paquet de 200g || Origine : FRANCE || Saint Agaûne de Bordeaux Chesnel est élaboré uniquement à base de jambon, une des pièces les plus nobles du porc. Le reste c'est notre secret.Une saveur unique de viande séchée si fine et si fondante Comment ne pas succomber ? Saint Agaûne, il faut être un saint pour y résister. || Viande de porc (100% jambon), sel, lactose, dextrose, sucre, poudre de lait, vin, épices, ferments, conservateurs : nitrite de sodium, salpêtre, arôme. || A conserver dans le bas de votre réfrigérateur, ou dans un lieu sec et aéré, de préférence à une température d'environ 18°C. Conditionné sous atmosphère protectrice. || 
23,65€ / Kg || 
4,73 € || 
Saucisson sec, Délice de St Agaûne || Le paquet de 200g || Origine : FRANCE || Saint Agaûne de Bordeaux Chesnel est élaboré uniquement à base de jambon, une des pièces les plus nobles du porc. Le reste c'est notre secret.Une saveur unique de viande séchée si fine et si fondante Comment ne pas succomber ? Saint Agaûne, il faut être un saint pour y résister. || Viande de porc (100% jambon), sel, lactose, dextrose, sucre, poudre de lait, vin, épices, ferments, conservateurs : sel nitrité, salpêtre, arôme. || Valeur énergétique en Joules :  1142.8Kj || Valeur énergétique en Kcal : 273.4Kc || Glucides : 0.8g || Lipides : 12.2g || Protides :40.1g || A conserver dans le bas de votre réfrigérateur, ou dans un lieu sec et aéré, de préférence à une température d'environ 18°C. Conditionné sous atmosphère protectrice. || 
23,65€ / Kg || 
4,73 € || 
Chiffonnade de chorizo || La barquette de 110g || Origine : ESPAGNE || Viande de Porc, sel,Ípices,lait en poudre, dextrine, protÍine de soja, ail,antioxygÈne (E316), Consevateur (E250), colorant (E120) || Valeur énergétique en Joules :  1337 || Valeur énergétique en Kcal : 319 || Glucides : 1.9 || Lipides : 22.51 || Protides :27.31 || A conserver entre 0°C et +7°C. Produit sous atmosphère protectrice. || 
33,90€ / Kg || 
3,39 € || 
Chiffonnade de saucisson || La barquette de 110g || Origine : ESPAGNE || Viande de Porc, sel, lait en poudre, dextrine, Ípices, antioxygÈne (E316), conservateur (E250), colorant (E120) || Valeur énergétique en Joules :  1514.71 || Valeur énergétique en Kcal : 362.37 || Glucides : 3.65 || Lipides : 26.46 || Protides :27.4 || A conserver entre 0°C et +7°C. Produit sous atmosphère protectrice. || 
33,90€ / Kg || 
3,39 € || 
Chorizo de Bellota || La barquette de 80g || Origine : FRANCE || Avant d'ouvrir le sachet sous-vide, passez-le sous l'eau tiède à 28°C pendant environ 1 minute. || A conserver entre 1°C et +5°C. || 
70,63€ / Kg || 
5,65 € || 
Chorizo doux || La barquette de 200g || Origine : ESPAGNE || Viande de porc, paprika, sel et ail. || Conserver dans un endroit frais et au sec. || 
25,70€ / Kg || 
5,14 € || 
Chorizo piquant 100% naturel || La pièce de 100g || Origine : ESPAGNE || Viande de porc, paprika, sel et ail. || Conserver dans un endroit frais et au sec. || 
25,70€ / Kg || 
5,14 € || 
Fuet Catalan fines herbes || La barquette de 160g || Origine : ESPAGNE || Conserver dans un endroit frais et au sec. Produit sujet à dessiccation. || 
27,00€ / Kg || 
4,32 € || 
Fuet Catalan poivre noir || La barquette de 160g || Origine : ESPAGNE || Maigre et gras de porc, protéines de lait, sel, lactose, dextrose, dextrine, épices, stabilisant (E450, E451), antioxydant (E316), conservateurs (E250, E252) et colorant (E120). Enrobé avec du poivre. || Conserver dans un endroit frais et au sec. Produit sujet à dessiccation. || 
27,00€ / Kg || 
4,32 € || 
Salami danois fumé au bois de hêtre || Les 10 tranches, 100g || Origine : ALLEMAGNE || Viande de porc, gras de porc, sel, dextrose de maïs, lactose, épice et plantes aromatiques, sucre, antioxygène : érythorbate de sodium, conservateur : nitrite de sodium, ferments de maturation, colorant : carmins.109g de viande de porc mis  en oeuvrepour I'élaboration de 100g de salami. Traces de moutarde. || A conserver entre 0°C et +4°C. A consommer rapidement après ouverture. || 
11,50€ / Kg || 
1,15 € || 
Fines tranches de rosette || La barquette de 100g || Origine : FRANCE || 
34,50€ / Kg || 
3,45 € || 
Mortadella Bologna, taglio fresco || La barquette de 150g || Origine : ITALIE || Viande de porc, estomac de porc, sel, sucre, arômes naturels, épices, exhausteur de goût (monoglutamate de sodium), antioxydant (acide ascorbique), conservateur (nitrite de sodium). || Valeur énergétique en Joules :  1086kj || Valeur énergétique en Kcal : 262kcal || Glucides : 0,1g || Lipides : 21,5g || Protides :17,0g || A conserver à +4°C. || 
28,27€ / Kg || 
4,24 € || 
Mortadelle de Bologne , IGP || la barquette de 70g || Origine : ITALIE || Viande de porc, sel, sucre, arôme épices, antioxydant (ascorbate de sodium), conservateur (nitrite de sodium). Sans gluten. || Valeur énergétique en Joules :  1187kj || Valeur énergétique en Kcal : 286kcal || Glucides : 0,1g || Lipides : 24g || Protides :17,5g || Conservation : +4°C. Produit emballé sous atmosphère protectrice. || 
29,86€ / Kg || 
2,09 € || 
Salami de Milan || La barquette de 70g || Origine : ITALIE || Viande de porc, sel, sucre, poivre, antioxydants (acide ascorbique, ascorbate de sodium), conservateurs (nitrate de potassium, nitrite de sodium), plantes aromatiques. || Valeur énergétique en Joules :  1621Kj || Valeur énergétique en Kcal : 391KCal || Glucides : 0,1g || Lipides : 33g || Protides :23,5g || Conserver à +4°C. || 
55,71€ / Kg || 
3,90 € || 
Taglio fresco || Le blister de 70g || Origine : ITALIE || Valeur énergétique en Joules :  1433kj || Valeur énergétique en Kcal : 345kcal || Glucides : 0,1g || Lipides : 26,5g || Protides :26,5g || 
56,71€ / Kg || 
3,97 € || 
Rosette supérieure, pur porc, recette authentique || Les 10 tranches, 100g || Origine : FRANCE || Plus de goût. 100% pur porc. Sélection rigoureuse des viandes. Qualité supérieure. Traçabilité garantie de nos produits. || Viande de porc, sel, lactose, dextrose, épices, saccharose, aromate, conservateur : salpêtre, ferments. 152g de viande utilisée pour 100g de produit fini. Sans colorant, ni arôme. || A conserver au réfrigérateur à +8°C maximum. Conditionné sous atmosphère protectrice. || 
19,70€ / Kg || 
1,97 € || 
Salami, qualité pur porc, x20 tranches minimum || La barquette de 200g || Origine : FRANCE || Viande porc, gras de porc, sel, arômes, glucose, maltodextrine, anti-oxygène : isoascorbate de sodium, colorant : cochenille, ferments de maturation, conservateur : nitrite de sodium, fumée. Viande de porc : 118.8g utilisés pour 100g de produit. || Conservation à +4°C || 
14,50€ / Kg || 
2,90 € || 
Mini rosette || Les 24 tranches, 80g || Origine : FRANCE || Viande de porc, sel, lactose, sucre, épices, dextrose, aromate, conservateur : salpêtre, ferments lactiques. 179g de viande utilisés pour fabriquer 100g de produit fini. || Valeur énergétique en Joules :  1750 || Valeur énergétique en Kcal : 420 || Glucides : 0g || Lipides : 35g || Protides :26g || A consommer dans les 3 jours après ouverture. A conserver à +8°C maximum. || 
26,50€ / Kg || 
2,12 € || 
Crème de fromage extra-légère, goût emmental || Les 12 portions, 200g || Origine : FRANCE || Un bon goût emmental, un fondant gourmand, et seulement 3% de matière grasse. La vie est plus légère avec Bridelight. || Lait écrémé reconstitué, fromages, lactosérum, protéines de lait, sels de fonte : E452, E450, E331, E339, préparation aromatisante (arôme, exhausteur de goût : E635), beurre, épaississants : E415, E407, conservateur : E234. Présence possible d'oeufs. || Valeur énergétique en Joules :  448Kj || Valeur énergétique en Kcal : 106Kcal || Glucides : 10g || Lipides : 2g || Protides :12g || 
11,30€ / Kg || 
2,26 € || 
Beurre allégé, à tartiner, 15% de mat. Gr., doux || La barquette de 250g || Origine : FRANCE || Pour tartiner et cuisiner à cru. || Pour tartiner et cuisiner à cru. Ne pas congeler. || Eau, matière grasse de lait, amidon, lactose, amidon modifié, sel, émulsifiants : E471, E476, épaississant : E466, concentré lactique, conservateur : sorbate de potassium, arômes naturels, colorant : béta-carotène, vitamines A et E. || Valeur énergétique en Joules :  674 || Valeur énergétique en Kcal : 161 || Glucides : 7 || Lipides : 15 || Protides :0 || A conserver au réfrigérateur  entre + 2°C et + 8°C. || 
6,40€ / Kg || 
1,60 € || 
Fromage au lait pasteurisé, 5% de mat. Gr. || La boîte de 250g || Origine : FRANCE || Fromage extra léger au lait pasteurisé. || Valeur énergétique en Joules :  615Kj || Valeur énergétique en Kcal : 147Kcal || Glucides : 0,5g || Lipides : 5g || Protides :25g || A conserver entre +4°C et +8°C || 
10,52€ / Kg || 
2,63 € || 
Fromage tenfre et fruité, 8% de matière grasse || La portion de 200g || Origine : FRANCE || Un fromage tendre, un bon goût fruité et seulement 8% de M G  La vie est plus légère avec Bridélight.Bridélight est mon complice idéal, avec lui, je ne me prive pas de ce que j'aime et je complète de façon savoureuse mes repas. || Lait partiellement écrémé, sel, ferments lactiques, coagulant, colorant : bêta-carotène, conservateur E 252. 8 % mat gr dans le produit fini, 16 % mat gr sur extrait sec. || Valeur énergétique en Joules :  847kj || Valeur énergétique en Kcal : 208kcal || Glucides : traces || Lipides : 8g || Protides :34g || A conserver entre 4° C et + 8° C. || 
18,85€ / Kg || 
3,77 € || 
Beurre allégé, 60% de mat. Gr., doux || La barquette de 250g || Origine : FRANCE || Beurre, eau, lait écrémé, ferments lactiques, émulsifiant : E471, stabilisant : alginate de sodium, conservateur : sorbate de potassium, colorant : bêta-carotène. 60% MG. || A conserver à +6°C maxi. || 
5,08€ / Kg || 
1,27 € || 
Beurre allégé, à tartiner, 20% de mat. Gr., doux || La barquette de 250g || Origine : BELGIQUE || Vitamines A, D et E, calcium. Léger : 4 fois moins de matière grasse que le beurre à 82% MG. || 20% de matières grasses. Eau, matière grasse laitière, amidon modifié, maltodextrine, lactose, émulsifiants : E471, E476, sel (0,5%), lactate de calcium, protéines de lait, conservateur : E202, colorant : E160a, vitamines A, D et E. || Valeur énergétique en Joules :  884 || Valeur énergétique en Kcal : 211,2 || Glucides : 8 || Lipides : 20 || Protides :0,3 || A conserver à +6°C max. || 
6,12€ / Kg || 
1,53 € || 
Beurre allégé, à tartiner et à cuisiner, 41% de mat. Gr., tendre || La barquette de 250g || Origine : BELGIQUE || Eau, matière grasse de lait, amidon modifié, lactose, maltodextrine, émulsifiants : E471, E472c, E476, sel (0.4%), conservateur : sorbate de potassium, colorant : béta-carotène, vitamine E, vitamine A. || Valeur énergétique en Joules :  1623 || Valeur énergétique en Kcal : 387,8 || Glucides : 6,1 || Lipides : 41 || Protides :0,2 || A conserver à +6°C max. || 
5,22€ / Kg || ##
Beurre allégé, à tartiner et à cuisiner, 41% de mat. Gr., tendre || La barquette de 250g || Origine : BELGIQUE || Eau, matière grasse de lait, amidon modifié, lactose, maltodextrine, émulsifiants : E471, E472c, E476, sel (0.4%), conservateur : sorbate de potassium, colorant : béta-carotène, vitamine E, vitamine A. || Valeur énergétique en Joules :  1623 || Valeur énergétique en Kcal : 387,8 || Glucides : 6,1 || Lipides : 41 || Protides :0,2 || A conserver à +6°C max. || 
5,22€ / Kg || ##
Beurre allégé, à tartiner et à cuisiner, 41% de mat. Gr., tendre || La barquette de 250g || Origine : BELGIQUE || Eau, matière grasse de lait, amidon modifié, lactose, maltodextrine, émulsifiants : E471, E472c, E476, sel (0.4%), conservateur : sorbate de potassium, colorant : béta-carotène, vitamine E, vitamine A. || Valeur énergétique en Joules :  1623 || Valeur énergétique en Kcal : 387,8 || Glucides : 6,1 || Lipides : 41 || Protides :0,2 || A conserver à +6°C max. || 
6,96€ / Kg || 
1,74 € || 
Beurre cru à la fleur de sel de l'île de Ré, fabriqué en baratte traditionnelle || Le pain de 250g || Origine : FRANCE || Crème de lait crue, fleur de sel 2,5% maximum, ferments lactiques. Contient 80% de matière grasse. || Valeur énergétique en Joules :  3022kj || Valeur énergétique en Kcal : 735kcal || Glucides : 0,8g || Lipides : 80g || Protides :0,7g || A conserver entre 0°C et +6°C. || 
8,04€ / Kg || 
2,01 € || 
Beurre demi-sel, certifié AB || La plaquette de 250g || Origine : FRANCE || Monoprix a sélectionné pour vous, avec des entreprises partenaires, des produits issus de l'agriculture biologique. Leurs modes de production et de transformation sont contrôlés et certifiés par un organisme indépendant conformément à la réglementation en vigueur. Les producteurs emploient des fertilisants respectueux de l'environnement et pratiquent la rotation des cultures afin de garder des sols vivants et une fertilité durable. || Crème fraîche pasteurisée*, sel (2% maximum), ferments lactiques. Matière grasse : 80%. *Ingrédients issus de l'agriculture biologique. || Valeur énergétique en Joules :  725Kj || Valeur énergétique en Kcal : 173KCal || Glucides : 0,6g || Lipides : 80g || Protides :0,7g || A conserver entre +2°C et +8°C. || 
11,20€ / Kg || 
2,80 € || 
Beurre demi-sel, certifié AB || La plaquette de 250g || Origine : FRANCE || Monoprix a sélectionné pour vous, avec des entreprises partenaires, des produits issus de l'agriculture biologique. Leurs modes de production et de transformation sont contrôlés et certifiés par un organisme indépendant conformément à la réglementation en vigueur. Les producteurs emploient des fertilisants respectueux de l'environnement et pratiquent la rotation des cultures afin de garder des sols vivants et une fertilité durable. || Crème fraîche pasteurisée*, sel (2% maximum), ferments lactiques. Matière grasse : 80%. *Ingrédients issus de l'agriculture biologique. || Valeur énergétique en Joules :  725Kj || Valeur énergétique en Kcal : 173KCal || Glucides : 0,6g || Lipides : 80g || Protides :0,7g || A conserver entre +2°C et +8°C. || 
11,20€ / Kg || 
2,80 € || 
Beurre demi-sel, d'Isigny au sel de Guérande || La plaquette de 250g || Origine : FRANCE || Le sel de Guérande est un sel de mer récolté dans les marais salants aprèsévaporation de l'eau de mer. Découvrez le goût subtil et incomparable de ce beurre sur une tartine, en cuisine ou en accompagnement de fruits de mer. || Afin de préserver toutes les qualités du produit, nous vous recommandons de le conserver dans son papier d'origine. || Crème de lait pasteurisée, sel de mer de Guérande 2%, ferments lactiques sélectionnés. || Valeur énergétique en Joules :  2980kj || Valeur énergétique en Kcal : 725kcal || Glucides : 0,5g || Lipides : 80g || Protides :0,7g || A conserver entre 0°C et +6°C. || 
7,64€ / Kg || 
1,91 € || 
Beurre demi-sel, extra fin || La barquette de 500g || Origine : FRANCE || Crème de lait pasteurisée, sel 2,2%, ferments lactiques. || Valeur énergétique en Joules :  2969kj || Valeur énergétique en Kcal : 722kcal || Glucides : <0,1g || Lipides : 80g || Protides :0,5g || A conserver entre 0°C et +8°C. || 
5,56€ / Kg || 
2,78 € || 
Beurre demi-sel, extra-fin || La barquette de 250g || Origine : FRANCE || Beurre extra-fin pasteurisé demi-sel 80% matière grasse. || Replacez au réfrigérateur après utilisation. || Crème de lait pasteurisée, sel 2%, ferments lactiques. || Valeur énergétique en Joules :  2989kj || Valeur énergétique en Kcal : 727kcal || Glucides : 1g || Lipides : 80g || Protides :0,7g || A conserver entre 0°C et +6°C. || 
6,52€ / Kg || 
1,63 € || 
Beurre demi-sel, extra-fin, 82% de mat. Gr. || La plaquette de 250g || Origine : FRANCE || Crème de lait pasteurisée, sel (3% maxi), ferments lactiques. 80% de mat. gr. || Valeur énergétique en Joules :  2980Kj || Valeur énergétique en Kcal : 725KCal || Glucides : 0,5g || Lipides : 80g || Protides :0,7g || A conserver entre +2°C et +8°C. || 
5,96€ / Kg || 
1,49 € || 
Bridelight  beurre leger 40 % mg beurrier 250 g demi sel || La barquette de 250g || Origine : FRANCE || 
7,64€ / Kg || 
1,91 € || 
Beurre allégé, à tartiner, 15% de mat. Gr., demi-sel || La barquette de 250g || Origine : FRANCE || Pour tartiner et cuisiner à cru. || Ne pas congeler. || Eau, matière grasse de lait, amidon, sel (2.2% ), lactose, amidon modifié, émulsifiants : E471, E476, épaississant : E466, concentré lactique, conservateur : sorbate de potassium, arômes naturels, colorant : béta-carotène, vitamines A et E. || Valeur énergétique en Joules :  674 || Valeur énergétique en Kcal : 161 || Glucides : 7 || Lipides : 15 || Protides :0 || A conserver au réfrigérateur  entre + 2°C et + 8°C. || 
6,80€ / Kg || 
1,70 € || 
Beurre de baratte demi-sel || La plaquette de 250g || Origine : FRANCE || Le beurre de baratte Echiré est fabriqué à partir de crèmes fraîches soigneusement sélectionnées et maturées. La fabrication lente en baratte tonneau lui confère un goût franc de crème inégalé aux arômes noisette. || Beurre échiré. MG 80%. Sel ajouté : maximum 2%. || Valeur énergétique en Joules :  2972kj || Valeur énergétique en Kcal : 723kcal || Glucides : 0,2g || Lipides : 80g || Protides :0,5g || A conserver à +6°C maxi. || 
13,96€ / Kg || 
3,49 € || 
Le beurre de la laiterie de Condé-sur-Vire, demi sel || Le rouleau de 250g || Origine : FRANCE || 
8,04€ / Kg || 
2,01 € || 
Le beurre tendre de normandie, 80% de matière grasse, demi-sel || La barquette de 250g || Origine : FRANCE || 
8,48€ / Kg || 
2,12 € || 
Beurre demi sel, aux cristaux de sel de mer de Noirmoutier || Le pain de 500g || Origine : FRANCE || 
7,30€ / Kg || 
3,65 € || 
Beurre demi-sel, aux cristaux de sel de mer de Noirmoutier || La plaquette de 125g || Origine : FRANCE || Beurre, cristaux de sel marin 2%, sel 1% maxi (sel ajouté 3% maxi). 80% de mat. gr. minimum. || A conserver entre +2°C et +6°C || 
8,96€ / Kg || 
1,12 € || 
Beurre demi-sel, aux cristaux de sel de mer de Noirmoutier || La plaquette de 250g || Origine : FRANCE || Pour vous offrir cette délicieuse sensation, Grand Fermage parsème son beurre au sel de mer de Noirmoutier de ces petits grains d'océan.Grains récoltés à la main par les sauniers sur l'île de Noirmoutier, selon une méthode traditionnelle. Tout le caractère marin du sel de Noirmoutier est ainsi préservé et donne au beurre Grand Fermage, au goût de crème, sa saveur à redécouvrir chaque jour || Beurre, cristaux de sel marin 2%, sel 1% maxi (sel ajouté 3% maxi). 80% de matière grasse minimum. || A conserver entre +2°C et +6°C. || 
7,88€ / Kg || 
1,97 € || 
Beurre moule biologique au sel de mer de noirmoutier || Le paquet  250G || Origine : FRANCE || Les grains de sel de mer, qui lui confèrent sa saveur unique, sont récoltés à la main par les sauniers de l'Ile de Noirmoutier. C'est au coeur de la Vendée, dans notre laiterie de Belleville-sur-Vie, qu'est fabriqué notre beurre biologique. || Beurre*, cristaux de sel marin (2%), sel 1% maxi (sel ajoutÍ 3% maxi).* IngrÍdients issus de l'agriculture biologique || Valeur énergétique en Joules :  3020KJ || Valeur énergétique en Kcal : 735KCAL || Glucides : 0.6 || Lipides : 81G || Protides :0.6 || A conserver entre +2°C et + 6°C. || 
12,32€ / Kg || 
3,08 € || 
Beurre moule biologique au sel de mer de noirmoutier || Le paquet  250G || Origine : FRANCE || Les grains de sel de mer, qui lui confèrent sa saveur unique, sont récoltés à la main par les sauniers de l'Ile de Noirmoutier. C'est au coeur de la Vendée, dans notre laiterie de Belleville-sur-Vie, qu'est fabriqué notre beurre biologique. || Beurre*, cristaux de sel marin (2%), sel 1% maxi (sel ajoutÍ 3% maxi).* IngrÍdients issus de l'agriculture biologique || Valeur énergétique en Joules :  3020KJ || Valeur énergétique en Kcal : 735KCAL || Glucides : 0.6 || Lipides : 81G || Protides :0.6 || A conserver entre +2°C et + 6°C. || 
12,32€ / Kg || 
3,08 € || 
Beurre demi-sel, aux cristaux de sel de Guérande || La plaquette de 125g || Origine : FRANCE || 
10,00€ / L || 
1,25 € || 
Beurre demi-sel, gastronomique || La barquette de 250g || Origine : FRANCE || Source naturelles de vitamines A, D et E, le beurre vous apporte chaque jour ses bienfaits. || Beurre, sel (3% max.). 80% de matière grasse. || Valeur énergétique en Joules :  3051Kj || Valeur énergétique en Kcal : 730KCal || Glucides : 1g || Lipides : 80g || Protides :1g || A conserver à +8°C max. || 
8,36€ / Kg || 
2,09 € || 
Beurre demi-sel, tendre || La barquette de 250g || Origine : FRANCE || Beurre, sel (3% max.). 80% de MG. Garanti sans additif. || A conserver à + 8°C maximum. || 
7,68€ / Kg || 
1,92 € || 
Beurre gastronomique demi-sel, 80%mg || La plaquette de 250g || Origine : FRANCE || Valeur énergétique en Joules :  2980kj || Valeur énergétique en Kcal : 725kcal || Glucides : 0,5g || Lipides : 80g || Protides :0,7g || 
7,84€ / Kg || 
1,96 € || 
Beurre tendre demi-sel || Le beurrier de 125g || Origine : FRANCE || 
10,88€ / Kg || 
1,36 € || 
Demi-sel, grain de sel de mer, cloche fraîcheur, 80% de MG || La motte de 250g || Origine : FRANCE || Chez Président, nous fabriquons La Motte avec un soin particulier, qui s'appuie sur notre long savoir-faire : nous sélectionnons rigoureusement les meilleures crèmes, nous les barattons en douceur, pour en développer toutes les saveurs et nous respectons toutes les étapes de fabrication traditionnelle. || Pour ouvrir : appuyez sur la cloche et tournez jusqu'aux encoches. Pour fermer : appuyez et tournez la cloche sur le plateau. Pour retirer le papier : tirez sur les languettes. || Beurre, sel (3% max.). || A conserver à +8°C maximum. || 
9,72€ / Kg || 
2,43 € || 
Beurre cru doux, fabriqué en baratte traditionnelle || La plaquette de 250g || Origine : FRANCE || Crème de lait cru, ferments lactiques. || Valeur énergétique en Joules :  3054kj || Valeur énergétique en Kcal : 700kcal || Glucides : 0,5g || Lipides : 82g || Protides :0,7g || 
8,04€ / Kg || 
2,01 € || 
Beurre doux || La barquette de 250g || Origine : BELGIQUE || Grâce à la sélection des matières grasses laitières et à la technologie employée, le beurre tendre Monoprix est parfaitement tartinable dès sa sortie du réfrigérateur. || Crème de lait pasteurisée, matière grasse laitière, ferments lactiques. || Valeur énergétique en Joules :  3060Kj || Valeur énergétique en Kcal : 732KCal || Glucides : 0,8g || Lipides : 82g || Protides :0,7g || A conserver entre 0°C et +6°C. || 
6,48€ / Kg || 
1,62 € || 
Beurre doux, AOP Charentes-Poitou, fabriqué en baratte || Le rouleau de 250g || Origine : FRANCE || Crème de lait, ferments lactiques. Contient 82% de MG. || Valeur énergétique en Joules :  3054kj || Valeur énergétique en Kcal : 743kcal || Glucides : 0,5g || Lipides : 82g || Protides :0,7g || A conserver entre 0°C et +6°C. || 
7,92€ / Kg || 
1,98 € || 
Beurre doux, extra-fin || La barquette de 250g || Origine : FRANCE || Beurre extra-fin pasteurisé doux 82% matière grasse. || Replacez au réfrigérateur après utilisation. || Crème de lait pasteurisée, ferments lactiques. || Valeur énergétique en Joules :  3063kj || Valeur énergétique en Kcal : 745kcal || Glucides : 1g || Lipides : 82g || Protides :0,7g || A conserver entre 0°C et +6°C. || 
6,44€ / Kg || 
1,61 € || 
Beurre doux, extra-fin || La plaquette de 250g || Origine : FRANCE || Crème de lait pasteurisée, ferments lactiques. 82% de mat. gr. || Valeur énergétique en Joules :  3056Kj || Valeur énergétique en Kcal : 731KCal || Glucides : 0,5g || Lipides : 82g || Protides :0,8g || A conserver entre +2°C et +8°C. || 
5,76€ / Kg || 
1,44 € || 
Beurre doux, extra-fin || La plaquette de 500g || Origine : FRANCE || Crème de lait pasteurisée, ferments lactiques. || Valeur énergétique en Joules :  3043kj || Valeur énergétique en Kcal : 740kcal || Glucides : <0,1g || Lipides : 82g || Protides :0,5g || A conserver entre 0°C et +8°C. || 
5,54€ / Kg || 
2,77 € || 
Beurre doux, extra-fin, 82% de mat. Gr. || La plaquette de 125g || Origine : FRANCE || Crème de lait pasteurisée, ferments lactiques. || Valeur énergétique en Joules :  3056Kj || Valeur énergétique en Kcal : 743KCal || Glucides : 0,5g || Lipides : 82g || Protides :0,7g || A conserver entre +2°C et +8°C. || 
7,84€ / Kg || 
0,98 € || 
Beurre doux, extra-fin, 82% de mat. Gr. || Les 2 plaquettes de 250g || Origine : FRANCE || 
5,36€ / Kg || 
2,68 € || 
Doux fabriqu{ en baratte, 82% de MG || La plaquette de 250g || Origine : FRANCE || Fabriqué en plein coeur de la Normandie, à proximité de la mer, le beurre d'Isigny Monoprix Gourmet bénéficie de toutes les richesses liées à la qualité de son terroir : une saveur subtile et une belle couleur jaune bouton d'or. Ses qualités sont reconnues de tous les gourmets depuis le 16e siècle. || Afin de préserver toutes les qualités du produit, nous vous recommandons de le conserver dans son papier d'origine. Découvrez sa saveur exceptionnelle en tartine ou en cuisine. || Crème de lait pasteurisée, ferments lactiques sélectionnés. || Valeur énergétique en Joules :  3054Kj || Valeur énergétique en Kcal : 731KCal || Glucides : 0,5g || Lipides : 82g || Protides :0,7g || A conserver entre +2°C et +6°C || 
8,32€ / Kg || 
2,08 € || 
Beurre leger et gourmand doux 40 % matiere grasse || Le beurrier de 250 gr || Origine : FRANCE || Beurre léger doux à 40% de MG. || Eau ,beurre, amidon modifié, gélatine, acidifiant : acide lactique, sel (0,4%), émulsifiant : E471, conservateur : sorbate de potassium, colorant : béta-carotène, vitamines A et E, arôme naturel. || Valeur énergétique en Joules :  1562kj || Valeur énergétique en Kcal : 379kcal || Glucides : 4g || Lipides : 40g || Protides :0,8g || A conserver entre +2°C et +8°C. Ne pas congeler. || 
7,64€ / Kg || 
1,91 € || 
Beurre doux, A.O.P des Deux-Sèvres || La plaquette de 250g || Origine : FRANCE || Beurre Echiré. MG 82%. || A conserver à +6°C maxi. || 
11,16€ / Kg || 
2,79 € || 
Beurre doux, AOC || La plaquette de 100g || Origine : FRANCE || Beurre échiré. MG 82%. || 
17,60€ / Kg || 
1,76 € || 
Beurre doux || La barquette de 250g || Origine : FRANCE || Le Beurre Tendre d'Elle & Vire, fabriqué au coeur de la Normandie, est un beurre au goût frais et riche en saveurs.Naturellement tendre, il acquiert sa texture souple grâce à l'attention et au savoir-faire des maîtres beurriers d'Elle & Vire. || Facile à tartiner dès la sortie du réfrigérateur, il est idéal pour vos tartines du matin. Utilisez-le aussi pour vos pâtisseries, la cuisson de vos aliments ou pour apporter une touche savoureuse à tous vos plats chauds ou vos crudités. || Beurre doux : 82% de matière grasse. Ne contient aucun conservateur conformément à la réglementation. || A conserver à +8°C max. Replacer rapidement au réfrigérateur après usage. || 
8,04€ / Kg || 
2,01 € || 
Beurre doux || La plaquette de 250g || Origine : FRANCE || Noisy d'Elle & Vire est fabriqué au coeur de la Normandie. Il est élaboré à partir de crèmes de grande qualité, sélectionnées et barattées avec soin, qui en font un beurre gourmand et savoureux. || Beurre, colorant : béta-carotène. || Valeur énergétique en Joules :  3060Kj || Valeur énergétique en Kcal : 732Kcal || Glucides : 0,8g || Lipides : 82g || Protides :0,7g || Conservation à + 6°c maximum. || 
9,08€ / Kg || 
2,27 € || 
Beurre doux, fabriqué en Normandie || Les 16 portions de 12,5g || Origine : FRANCE || Le beurre gastronomique Elle & Vire a donc toute sa place dans votre alimentation pour allier plaisir et nutrition. Bonne dégustation !La vitamine A joue un rôle essentiel pour la vision. La vitamine D favorise la fixation de calcium et participe à la solidité des os et des dents. La vitamine E, au rôle anti-oxydant, contribue à la protection des membranes cellulaires. || Beurre doux 82% M.G. || Valeur énergétique en Joules :  3060 || Valeur énergétique en Kcal : 731,1 || Glucides : 0,8 || Lipides : 82 || Protides :0,7 || A conserver à + 8°C maximum. || 
11,95€ / Kg || 
2,39 € || 
Beurre doux, gastronomique || La plaquette de 250g || Origine : FRANCE || Fabriqué au coeur de la Normandie, la plaquette Elle & Vire vous séduira par sa saveur délicate et sa texture onctueuse. || Vous l'apprécierez aussi bien sur vos tartines qu'en cuisine, à la poêle ou dans vos pâtisseries ! || Crème pasteurisée, ferments lactiques émulsifiants : E471, colorant : Bêta-carotène. || A conserver à +8°C max. || 
6,12€ / Kg || 
1,53 € || 
Le beurre de la laiterie de Condé-sur-Vire, doux || Le rouleau de 250g || Origine : FRANCE || Au bon goût de crème. || Beurre doux. || A conserver à +8°C max. || 
8,04€ / Kg || 
2,01 € || 
Le beurre tendre de normandie, 80% de matière grasse, doux || La barquette de 250g || Origine : FRANCE || 
7,76€ / Kg || 
1,94 € || 
Beurre doux, extra-fin, AOC || La barquette de 250g || Origine : FRANCE || Le choix gourmand d'un terroir de traditions laitières qui donne onctuosité et fraîcheur à notre AOC Charentes Poitou.D'une saveur fine et rare issue de la maturation biologiquye de la crème et d'un mode traditionnel de fabrication, d'une qualité irréprochable et contrôlée garantie par des tests spécifiques et des contrôles réguliers. || Crème fraîche, ferments lactiques. || Conservation à + 6°c maximum. || 
8,20€ / Kg || 
2,05 € || 
Beurre moulé doux, certifié agriculture biologique || La plaquette de 125g || Origine : FRANCE || 
13,92€ / Kg || 
1,74 € || 
Beurre moulé doux, certifié agriculture biologique || La plaquette de 125g || Origine : FRANCE || 
13,92€ / Kg || 
1,74 € || 
Beurre doux, fabriqué en baratte || La barquette de 250g || Origine : FRANCE || Fabriqué à l'ancienne dans une baratte, ce beurre est 100% naturel, sans colorant ni conservateur. Produit du terroir, ce beurre au lait cru exalte de multiples saveurs en fonction de l'alimentation des vaches et des saisons. || Matière grasse 82%. Sans colorant ni conservateur. || Nous vous conseillons de conserver le beurre à température ambiante après ouverture. A conserver à +8°C maxi. || 
9,84€ / Kg || 
2,46 € || 
Beurre demi-sel, 80% de mat. Gr. || La Motte de beurre de 250 gr || Origine : FRANCE || Chez Président, c'est grâce à notre long savoir-faire dans la fabrication du beurre que nous vous offrons un beurre tendre sans aucun additif et aussi bon que notre beurre gastronomique. || Pour ouvrir : appuyez sur la cloche et tournez jusqu'aux encoches. Pour fermer : appuyer et tournez la cloche sur le plateau. Pour retirer le papier : tirez sur les languettes. || A conserver à +8°C max. || 
9,56€ / Kg || 
2,39 € || 
Beurre doux || La boîte de 250g || Origine : FRANCE || La Motte Président conservera ses qualités grâce à sa cloche fraîcheur et à son papier complètement opaque qui contribuent à la protéger des agressions de l'air et de la lumière.Chez Président nous fabriquons La Motte avec un soin particulier, qui s'appuie sur notre long savoir-faire : nous sélectionnons rigoureusement les meilleures crèmes, nous les barattons en douceur, pour en développer toutes les saveurs, et nous respectons toutes les étapes de fabrication traditionnelle. || Pour ouvrir : appuyez sur la cloche et tournez jusqu'aux encoches. Pour fermer : appuyez et tournez la cloche sur le plateau. Pour retirer le papier : tirez sur les languettes. || Beurre doux pasteurisé -82% de MG. || A conserver à + 8°C max. || 
9,32€ / Kg || 
2,33 € || 
Beurre doux, certifié AB || La barquette de 250g || Origine : FRANCE || Pour adulte seulement. Ne pas utiliser sur des gencives sensibles. En cas d'effets indésirables, ne plus utiliser et consulter votre dentiste. || Crème pasteurisée issue de l'agriculture biologique, Ferments lactiques. || Valeur énergétique en Kcal : 743kcal || Glucides : 5g || Lipides : 82g || Protides :7g || A conserver au réfrigérateur entre 0 et +6°C. || 
9,80€ / Kg || 
2,45 € || 
Beurre doux, certifié AB || La barquette de 250g || Origine : FRANCE || Pour adulte seulement. Ne pas utiliser sur des gencives sensibles. En cas d'effets indésirables, ne plus utiliser et consulter votre dentiste. || Crème pasteurisée issue de l'agriculture biologique, Ferments lactiques. || Valeur énergétique en Kcal : 743kcal || Glucides : 5g || Lipides : 82g || Protides :7g || A conserver au réfrigérateur entre 0 et +6°C. || 
9,80€ / Kg || 
2,45 € || 
Beurre doux, facile à tartiner || La barquette de 250g || Origine : FRANCE || Beurre pasteurisé doux 82% de matière grasse. || A conserver à +8°C max. || 
7,72€ / Kg || 
1,93 € || 
Beurre doux, gastronomique || La barquette de 250g || Origine : FRANCE || Source naturelle de vitamines A et D, le beurre vous apporte chaque jour ses bienfaits.  Concours Général Agricole, Médaille d'Or Paris 2011. || Beurre doux pasteurisé. 82% de matière grasse. || Valeur énergétique en Joules :  3051Kj || Valeur énergétique en Kcal : 730KCal || Glucides : 1g || Lipides : 82g || Protides :1g || A conserver à +8°C maximum. || 
8,20€ / Kg || 
2,05 € || 
Beurre doux, gastronomique || La plaquette de 125g || Origine : FRANCE || Riche en arômes et source naturelle de vitamines A et D, le beurre Président est idéal pour un petit déjeuner alliant plaisir et équilibre. || Beurre pasteurisé doux 82% de matière grasse. || A conserver à +8°C max. || 
9,28€ / Kg || 
1,16 € || 
Beurre doux pasteurisé, 82% de mat. Gr. || La barquette de 125g || Origine : FRANCE || Beurre doux pasteurisé 82% de MG. Garanti sans additif. || A conserver à +8°C maximum. || 
11,44€ / Kg || 
1,43 € || 
Beurre gastronomique doux, 82%mg || La plaquette de 250g || Origine : FRANCE || Valeur énergétique en Joules :  3054kj || Valeur énergétique en Kcal : 743kcal || Glucides : 0,5g || Lipides : 82g || Protides :0,7g || 
7,16€ / Kg || 
1,79 € || 
Motte de beurre tendre doux || La motte de 250g || Origine : FRANCE || Chez Président, c'est grâce à notre long savoir-faire dans la fabrication du beurre que nous vous offrons un beurre tendre, sans aucun additif et aussi bon que notre beurre gastronomique. || Pour ouvrir : appuyer sur la cloche et tournez jusqu'aux encoches. Pour fermer : appuyez et tournez la cloche sur le plateau. Pour retirer le papier : tirez sur les languettes. || Beurre doux pasteurisé. 82% de Matière Grasse. Sans additif. || A conserver à +8°C. || 
9,36€ / Kg || 
2,34 € || 
Margarine, riche en vitamine E, 60% de mat. Gr. || La barquette de 500g || Origine : FRANCE || huiles et graisses végétales non hydrogénées 60% (tournesol 50% minimum,colza,palme,palmiste)-eau-émulsifiant: esters citriques de mono-et diglycérides d'acides gras-sel 0,4%-lait écrémé en poudre-arômes naturels-correcteur d'acidité: acide citrique-conservateur-sorbate de potassium-antioxygène: extrait riche en tocophérols-colorant: béta-carotène. || Valeur énergétique en Joules :  2225kj || Valeur énergétique en Kcal : 541kcal || Glucides : 0,2g || Lipides : 60g || Protides :0,1g || 
3,60€ / Kg || 
1,80 € || 
Margarine, à tartiner et à cuisiner, formule anti-éclaboussures || La barquette de 500g || Origine : FRANCE || Grâce à sa formule anti-éclaboussures, Astra vous permet de limiter au maximum les projections lorsque vous réalisez des cuissons à la poêle ou en cocotte. Avec Astra formule anti-éclaboussures, cuisiner est un plaisir ! || Huiles végétales en l'état et hydrogénées, eau, sel (0.7%), émulsifiants (lécithine, mono et diglycérides), lactosérum en poudre, correcteur d'acidité (acide citrique), colorant (béta-carotène ou provitamine A). || Valeur énergétique en Joules :  2590 || Valeur énergétique en Kcal : 618,8 || Glucides : 0,2 || Lipides : 70 || Protides :0,03 || Conservation entre 0 et +8°c maximum. || 
4,10€ / Kg || 
2,05 € || 
Margarine, à cuisiner et tartiner, aux esters de stérol végétal || La barquette de 500g || Origine : FRANCE || Fruit d'Or proactive contient des stérols végétaux ajoutés qui agissent activement en limitant l'absorption du cholestérol dans le sang.Naturellement riche en vitamine E. || Fruit d'Or pro-activ est exclusivement destinée aux personnes qui doivent réduire leur taux de cholestérol sanguin. || Huiles végétales non hydrogénées, eau, esters de stérol végétal (12,5% dont 7,5% de stérol végétal), sel (0,55%), émulsifiants (lécithine de tournesol, mono et diglycérides d'acides gras), poudre de babeurre (lait), conservateur : sorbate de potassium, correcteur d'acidité : acide citrique, arômes, colorant : béta-carotène. || Valeur énergétique en Joules :  2297 || Valeur énergétique en Kcal : 548,8 || Glucides : 0,1 || Lipides : 62 || Protides :0,1 || Conservez au froid entre 0°C et 8°C. || 
12,62€ / Kg || 
6,31 € || 
Margarine, à tartiner, 35% de mat. Gr. || La barquette de 260g || Origine : FRANCE || 
11,85€ / Kg || 
3,08 € || 
Margarine, à tartiner, 35% de mat. Gr., aux esters de stérol végétal || La barquette de 500g || Origine : FRANCE || Fruit d'Or Pro.Activ contient des stérols végétaux ajoutés qui agissent activement en limitant l'absorption du cholestérol dans le sang. || Ne convient pas à la cuisson. Pour réduire significativement votre taux de cholestérol sanguin, mangez 3 portions de Fruit d'Or Pro.Activ chaque jour permet de réduire significativement son taux de cholestérol dès 3 semaines dans le cadre d'un régimeadapté particulièrement riche en fruits et légumes. Fruit d'Or Pro-Activ est exclusivement destinée aux personnes qui doivent réduire leur taux de cholestérol sanguin. Les patients sous traitement hypocholestérolémiant doivent consulter leur médecinavant de consommer ce produit. Ce produit peut ne pas convenir aux femmes enceintes ou allaitant ainsi qu'aux enfants de moins de 5 ans car ils ont des besoins nutritionnels spécifiques. || Eau, huiles végétales non hydrogénées, esters de stérol végétal (12,5% dont 7,5% de stérol végétal), amidon modifié de tapioca, sel (0,7%), émulsifiants: lécithine de tournesol, mono- et diglycérides d'acides gras, poudre de babeurre (lait), conservateur: sorbate de potassium, correcteur d'acidité: acide citrique, vitamine E, arômes, vitamine B6, vitamine B9 (acide folique), colorant : béta-carotène, vitamine A, vitamine B12 . || Valeur énergétique en Joules :  1331Kj || Valeur énergétique en Kcal : 318KCal || Glucides : 2,5g || Lipides : 35g || Protides :0,1g || Conservez au froid entre 0° et 8°C. || 
13,92€ / Kg || 
6,96 € || 
Margarine, à tartiner, demi-sel || La barquette de 260g || Origine : FRANCE || Fruit d'Or pro-activ contient des stérols végétaux qui baissent le taux de cholestérol sanguin en limitant son absorption dans le sang. || Fruit d'Or pro-activ est exclusivement destinée aux personnes qui doivent réduire leur taux de cholestérol sanguin. Les patients sous traitement hypocholestérolémiant doivent consulter leur médecin avant de consommer ce produit. Ce produit peut ne pas convenir aux femmes enceintes ou allaitant ainsi qu'aux enfants de moins de 5 ans car ils ont des besoins nutritionnels spécifiques. || Eau, huiles végétales non hydrogénées, esters de stérol végétal (12,5% dont 7,5% de stérol végétal), amidon modifié, sel 1,2%, émulsifiants : lécithine de tournesol et mono-, diglycérides d'acides gras, poudre de babeurre (lait),  conservateur : sorbate de potassium, correcteur d'acidité : acide citrique, arôme, colorant : bêta-carotène, vitamines A et D. || Valeur énergétique en Joules :  1300kj || Valeur énergétique en Kcal : 320kcal || Glucides : 1g || Lipides : 35g || Protides :0,1g || A conserver au réfrigérateur entre 0°C et 8°C. || 
13,92€ / Kg || 
3,62 € || 
Margarine, à tartiner et cuisiner, 62% de mat. Gr. || La barquette de 260g || Origine : FRANCE || Valeur énergétique en Joules :  220kj || Valeur énergétique en Kcal : 540kcal || Glucides : <0,5g || Lipides : 60g || Protides :<0,5g || 
14,27€ / Kg || 
3,71 € || 
Margarine légère et sans lactose || La barquette de 250g || Origine : FRANCE || 
7,76€ / Kg || 
1,94 € || 
Margarine tartine et cuisson aux oméga 3&6, doux || La barquette de 510g || Issu de la pression d'un mélange unique de graines de tournesol, lin et colza, Fruit d'Or contient naturellement des Oméga 3 et 6 et de la vitamine E, un antioxydant naturel. || Fruit d'Or doux s'utilise : en tartine, en cuisson & pâtisserie, fondu sur les plats chauds. || Huiles végétales non hydrogénées (60%), eau, sel (0,4%), émulsifiants : lécithine de tournesol et mono- diglycérides d'acides gras, poudre de babeurre (lait), conservateur : sorbate de potassium, correcteur d'acidité : acide citrique, arômes, colorant : bêta-carotène, vitamines A et D. || Valeur énergétique en Joules :  2200kj || Valeur énergétique en Kcal : 540kcal || Glucides : 0,5g || Lipides : 60g || Protides :0,5g || A conserver au réfrigérateur entre 0°C et 8°C. || 
5,88€ / Kg || 
3,00 € || 
Margarine tartine et cuisson aux omégas 3&6, demi-sel || La barquette de 510g || Issu de la pression d'un mélange unique de graines de tournesol, lin et colza, Fruit d'Or contient naturellement des Oméga 3 et 6 et de la vitamine E, un antioxydant naturel. || Fruit d'Or demi-sel s'utilise : en tartine, en cuisson & pâtisserie, fondu sur les plats chauds. || Huiles végétales non hydrogénées (60%), eau, sel (1,4%), émulsifiants : lécithine de tournesol et mono-diglycérides d'acides gras, poudre de babeurre (lait), conservateur : sorbate de potassium, correcteur d'acidité : acide citrique, arômes, colorant: bêta-carotène, vitamines A et D. || Valeur énergétique en Joules :  2200kj || Valeur énergétique en Kcal : 540kcal || Glucides : 0,5g || Lipides : 60g || Protides :0,5g || A conserver au réfrigérateur entre 0°C et 8°C. || 
6,25€ / Kg || 
3,19 € || 
Margarine, à tartiner et à cuisiner, doux || La barquette de 250g || Origine : FRANCE || Tendre dès sa sortie du réfrigérateur, le fleurier vous apporte en tartine toute sa saveur et sa finesse. en cuisine, il sait révéler le goût des aliments à la poêle, au four ou en cocotte. enfin le fleurier s'incorpore parfaitement à toutes les préparations pour vous offrir des pâtisseries vraiment savoureuses || Huiles végétales non hydrogénées 43 % (colza, coprah, palme), eau, beurre (17.5%), lait écrémé, émulsifiants végétaux : e471 et lécithine de soja, sel (0.4%), conservateur e 202, correcteur d'acidité : e270, arômes, colorant : bêta-carotène || Valeur énergétique en Joules :  2230Kj || Valeur énergétique en Kcal : 533KCal || De 0 à 8° || 
7,96€ / Kg || 
1,99 € || 
Margarine Tendre mousse || La barquette de 320g || Origine : SUEDE || Laissez-vous surprendre par Planta Fin Tendre Mousse ! Savourez sa texture fouettée, délicatement aérée et fondante, à la fois légère et gourmande. Planta Fin Tendre Mousse réveillera vos sens et ceux de votre famille pour démarrer la journée en toute légèreté ! || S'utilise en tartine, en pâtisserie et fondu sur vos plats chauds. || Eau, huiles végétales 39%, amidon modifié, poudre de babeurre (lait), sel (0,49%), émulsifiants : mono-diglycérides d'acides gras, lécithine de tournesol et polyricinoléate de polyglycerol, conservateur : sorbate de potassium, correcteur d'acidité :acide lactique, vitamines A et D, arôme, colorant : bêta-carotène. || Valeur énergétique en Joules :  1550kj || Valeur énergétique en Kcal : 360kcal || Glucides : 1,5g || Lipides : 39g || Protides :0,5g || A conserver entre 0°C et +8°C. || 
9,38€ / Kg || 
3,00 € || 
Planta fin cuisine facile || La bouteille de 500ml || Origine : PAYS-BAS || Ne brûle pas et n'éclabousse pas, même à très haute température. Facile à dorer, pour utiliser juste ce qu'il faut de matière grasse. Une prise en main immédiate, pour plus de liberté en cuisine. Le Tout sans conservateur. Idéal pour réussir de belles cuissons. || Agiter la bouteille. Verser Planta Fin Cuisine Facile dans la poêle et laisser chauffer jusqu'à ce que les petites bulles commencent à disparaître, signalant la température de cuisson idéale. Baisser le feu et ajouter délicatement les ingrédients puis reprendre la cuisson. Après ouverture, bien penser à replacer la bouteille au réfrigérateur. || Pour mieux apprécier ce produit, nous vous conseillons de le placer au réfrigérateur. || 
5,08€ / L || 
2,54 € || 
Planta fin cuisine facile huile d'olive || La bouteille de 500ml || Origine : PAYS-BAS || Ne brûle pas et n'éclabousse pas, même à très haute température. Facile à dorer, pour utiliser juste ce qu'il faut de matière grasse. Une prise en main immédiate, pour plus de liberté en cuisine. Le Tout sans conservateur. Idéal pour réussir de belles cuissons. || Agiter la bouteille. Verser Planta Fin Cuisine Facile à l'huile d'olive dans la poêle et laisser chauffer jusqu'à ce que les petites bulles commencent à disparaître, signalant la température de cuisson idéale. Baisser le feu et ajouter délicatement les ingrédients puis reprendre la cuisson. Après ouverture, bien penser à replacer la bouteille au réfrigérateur. || Huile de colza en l'état et hydrogénée 66%, eau, huile d'olive 16%, sel 1,5%, émulsifiants : lécithines (dont soja), arômes, colorant : caroténoïdes, vitamines A et D, acidifiant : acide citrique. || Valeur énergétique en Joules :  2700kj || Valeur énergétique en Kcal : 660kcal || Glucides : <0,5g || Lipides : 74g || Protides :<0,5g || Pour mieux apprécier ce produit, nous vous conseillons de le placer au réfrigérateur. || 
5,68€ / L || 
2,84 € || 
Planta Fin demi-sel || La barquette de 250g || Origine : PAYS-BAS || Margarine allégée (60% MG) demi-sel enrichie en vitamines A et D, aux huiles 100% végétales. || Irrésistible en tartine, en cuisson ou en pâtisserie. || Huiles végétales 60%, eau, poudre de babeurre (lait), sel 1,5%, émulsifiants : mono-diglycérides d'acides gras et lécithine de tournesol, correcteur d'acidité : acide lactique, arôme naturel, colorant : bêta-carotène, vitamines A et D. || Valeur énergétique en Joules :  2200kj || Valeur énergétique en Kcal : 540kcal || Glucides : 0,5g || Lipides : 60g || Protides :<0,5g || A conserver au réfrigérateur entre 0°C et 8°C. || 
3,84€ / Kg || ##
Planta Fin demi-sel || La barquette de 250g || Origine : PAYS-BAS || Margarine allégée (60% MG) demi-sel enrichie en vitamines A et D, aux huiles 100% végétales. || Irrésistible en tartine, en cuisson ou en pâtisserie. || Huiles végétales 60%, eau, poudre de babeurre (lait), sel 1,5%, émulsifiants : mono-diglycérides d'acides gras et lécithine de tournesol, correcteur d'acidité : acide lactique, arôme naturel, colorant : bêta-carotène, vitamines A et D. || Valeur énergétique en Joules :  2200kj || Valeur énergétique en Kcal : 540kcal || Glucides : 0,5g || Lipides : 60g || Protides :<0,5g || A conserver au réfrigérateur entre 0°C et 8°C. || 
3,84€ / Kg || ##
Planta Fin demi-sel || La barquette de 250g || Origine : PAYS-BAS || Margarine allégée (60% MG) demi-sel enrichie en vitamines A et D, aux huiles 100% végétales. || Irrésistible en tartine, en cuisson ou en pâtisserie. || Huiles végétales 60%, eau, poudre de babeurre (lait), sel 1,5%, émulsifiants : mono-diglycérides d'acides gras et lécithine de tournesol, correcteur d'acidité : acide lactique, arôme naturel, colorant : bêta-carotène, vitamines A et D. || Valeur énergétique en Joules :  2200kj || Valeur énergétique en Kcal : 540kcal || Glucides : 0,5g || Lipides : 60g || Protides :<0,5g || A conserver au réfrigérateur entre 0°C et 8°C. || 
5,12€ / Kg || 
1,28 € || 
Planta Fin doux || La barquette de 250g || Origine : FRANCE || Planta Fin offre à toute la famille des moments de gourmandise. Sa délicieuse recette sans conservateur contient arôme et colorant d'origine naturelle. || Irrésistible en tartine, en cuisson ou en pâtisserie. || Huiles végétales 60%, eau, poudre de babeurre (lait), émulsifiants : mono-, diglycérides d'acides gras et lécithine de tournesol, sel 0,3%, correcteur d'acidité : acide lactique, arôme naturel, colorant : bêta-carotène, vitamines A et D. || Valeur énergétique en Joules :  2200kj || Valeur énergétique en Kcal : 540kcal || Glucides : 0,5g || Lipides : 60g || Protides :<0,5g || A conserver au réfrigérateur entre 0°C et 8°C. || 
3,84€ / Kg || ##
Planta Fin doux || La barquette de 250g || Origine : FRANCE || Planta Fin offre à toute la famille des moments de gourmandise. Sa délicieuse recette sans conservateur contient arôme et colorant d'origine naturelle. || Irrésistible en tartine, en cuisson ou en pâtisserie. || Huiles végétales 60%, eau, poudre de babeurre (lait), émulsifiants : mono-, diglycérides d'acides gras et lécithine de tournesol, sel 0,3%, correcteur d'acidité : acide lactique, arôme naturel, colorant : bêta-carotène, vitamines A et D. || Valeur énergétique en Joules :  2200kj || Valeur énergétique en Kcal : 540kcal || Glucides : 0,5g || Lipides : 60g || Protides :<0,5g || A conserver au réfrigérateur entre 0°C et 8°C. || 
3,84€ / Kg || ##
Planta Fin doux || La barquette de 250g || Origine : FRANCE || Planta Fin offre à toute la famille des moments de gourmandise. Sa délicieuse recette sans conservateur contient arôme et colorant d'origine naturelle. || Irrésistible en tartine, en cuisson ou en pâtisserie. || Huiles végétales 60%, eau, poudre de babeurre (lait), émulsifiants : mono-, diglycérides d'acides gras et lécithine de tournesol, sel 0,3%, correcteur d'acidité : acide lactique, arôme naturel, colorant : bêta-carotène, vitamines A et D. || Valeur énergétique en Joules :  2200kj || Valeur énergétique en Kcal : 540kcal || Glucides : 0,5g || Lipides : 60g || Protides :<0,5g || A conserver au réfrigérateur entre 0°C et 8°C. || 
5,12€ / Kg || 
1,28 € || 
Planta Fin doux, tarine et cuisson || Le beurrier de 510g || Origine : FRANCE || Planta Fin vous apporte une recette délicieuse : en tartine ou en cuisson, Planta Fin se décline à l'infini pour le plus grand plaisir de toute la famille. || Huiles végétales 60%, eau, poudre de babeurre (lait), émulsifiants : lécithine de tournesol et mono-, diglycérides d'acides gras, sel (0,3%), correcteur d'acidité : acide lactique, conservateur : sorbate de potassium, arôme, vitamine A et D, colorant: bêta carotène. || Valeur énergétique en Joules :  2236kj || Valeur énergétique en Kcal : 544kcal || Glucides : 0,5g || Lipides : 60g || Protides :0,4g || Conservez au réfrigérateur entre 0°C et 8°C. || 
5,16€ / Kg || 
2,63 € || 
Beurre aux éclats de chocolat, à tartiner || La barquette de 225g || Origine : FRANCE || Le bon goût frais et onctueux de Président allié à de fins éclats de chocolat Idéal pour vos tartines ! || De fines gouttes d'eau peuvent apparaître autour des éclats. Ceci n'altère en rien la qualité du produit. || Matière grasses laitière à tartiner (beurre, crème légère, ferments lactiques), éclats de chocolat 25% (cacao 50%, sucre, beurre de cacao, émulsifiant : lécithine de tournesol). || Valeur énergétique en Joules :  2479kj || Valeur énergétique en Kcal : 601kcal || Glucides : 15g || Lipides : 59g || Protides :2,4g || 
10,13€ / Kg || 
2,28 € || 
Margarine allégée à tartiner, riche en oméga 3 et vitamine E || La barquette de 250g || Origine : FRANCE || Primevère léger vous aide à maîtriser votre consommation de matières grasses et vous apporte des insaturés (oméga 3, 6 et 9).Les oméga 3 contribuent au bon fonctionnement du système cardio-vasculaire. C'est pourquoi Primevère est également riche en oméga 3. || A utiliser pour tartiner ou laisser fondre sur les aliments. Ne pas utiliser en cuisson. Ne pas congeler. || Eau, huiles et graisses végétales (25%), émulsifiants : mono et di-glycérides dacides gras, E476, sel (0.5%), épaississant : pectine, conservateur : sorbate de potassium, arômes, correcteur dacidité : acide citrique, antioxygène : extrait riche entocophérols, colorant : bêta-carotène. Ne contient pas d'huiles végétales hydrogénées. || Valeur énergétique en Joules :  942kj || Valeur énergétique en Kcal : 229kcal || Glucides : 1g || Lipides : 25g || Protides :traces || Afin de préserver les qualités organoleptiques de votre produit, pensez à le replacer dans le réfrigérateur muni de son couvercle (entre 2 et 12°), rapidement après utilisation. || 
8,76€ / Kg || 
2,19 € || 
Margarine tartine au miel || La barquette de 250g || Origine : FRANCE || 
8,44€ / Kg || 
2,11 € || 
Margarine tartine doux, 55% de mat. Gr. || La barquette de 250g || Origine : FRANCE || 
7,64€ / Kg || 
1,91 € || 
Primevère tartine, matière grasse à tartiner demi sel, 55% mg || La barquette de 250g || Origine : FRANCE || Formule aux Oméga 3 et 6 (ALA et LA) qui contribuent à maintenir un taux de cholestérol normal. Riche en vitamine B1 qui contribue au bon fonctionnement du coeur. || Tartine/Fondu sur les plats chauds. || Huiles végétales non hydrogénées (55%), eau, sel (1,2%), émulsifiants : mono et diglycérides d'acides gras, lait écrémé en poudre, conservateur : sorbate de potassium, correcteur d'acidité, arômes (lait), anti-oxygène : extrait riche en tocophérols,vitamine B1, colorant : béta-carotène. || Valeur énergétique en Joules :  2040kj || Valeur énergétique en Kcal : 496kcal || Glucides : 0,2g || Lipides : 55g || Protides :0,1g || Conservation entre+2° et +12° C. || 
8,20€ / Kg || 
2,05 € || 
Primevère tartine, matière grasse à tartiner doux, 55% mg || La barquette de 500g || Origine : FRANCE || Formule aux oméga 3 et 6 (ALA et LA) qui contribuent à maintenir un taux de cholestérol normal. Riche en vitamine B1 qui contribue au bon fonctionnement du coeur. || En tartine/Fondu sur les plats chauds. || Huiles végétales non hydrogénées (55%), eau, émulsifiants : mono et diglycérides d'acides gras, sel (0,4%), lait écrémé en poudre, conservateur : sorbate de potassium, correcteur d'acidité : acide citrique, arômes (lait), anti-oxygène : extrait richeen tocophérols, vitamine B1, colorant : béta-carotène. || Valeur énergétique en Joules :  2040kj || Valeur énergétique en Kcal : 496kcal || Glucides : 0g || Lipides : 55g || Protides :0g || Conservation entre +2°C et +12° C. || 
7,34€ / Kg || 
3,67 € || 
Primevère tartine & cuisson, 55% de matière grasse, issu de l'agriculture biologique || La barquette de 250g || Origine : FRANCE || Primevère Bio, c'est une sélection d'ingrédients biologiques de qualité, associée aux bénéfices cholestérol et cardiovasculaire de Primevère.Primevère Bio est riche en insaturés (oméga 3, 6 et 9) recommandés dans le cadre d'une alimentation visant àmaintenir un taux de cholestérol sain, et contient des Oméga 3 qui participent au bon fonctionnement du système cardiovasculaire. || Primevère vous recommande de consommer 3 portions de 10g par jour, soit 30g en tartine, en cuisson, ou fondues sur vos aliments dans le cadre d'une alimentation variée et équilibrée et une hygiène de vie adaptée. || Huiles végétales biologiques non hydrogénées (55%), eau, émulsifiant : lécithine, sel (0,4%), arômes naturels (dont lait), correcteur d'acidité : jus de citron concentré biologique. || Valeur énergétique en Joules :  2037kj || Valeur énergétique en Kcal : 495kcal || Glucides : Traces || Lipides : 55g || Protides :Traces || A conserver entre 2°C et 12°C. || 
9,92€ / Kg || 
2,48 € || 
Primevère tartine & cuisson, 55% de matière grasse, issu de l'agriculture biologique || La barquette de 250g || Origine : FRANCE || Primevère Bio, c'est une sélection d'ingrédients biologiques de qualité, associée aux bénéfices cholestérol et cardiovasculaire de Primevère.Primevère Bio est riche en insaturés (oméga 3, 6 et 9) recommandés dans le cadre d'une alimentation visant àmaintenir un taux de cholestérol sain, et contient des Oméga 3 qui participent au bon fonctionnement du système cardiovasculaire. || Primevère vous recommande de consommer 3 portions de 10g par jour, soit 30g en tartine, en cuisson, ou fondues sur vos aliments dans le cadre d'une alimentation variée et équilibrée et une hygiène de vie adaptée. || Huiles végétales biologiques non hydrogénées (55%), eau, émulsifiant : lécithine, sel (0,4%), arômes naturels (dont lait), correcteur d'acidité : jus de citron concentré biologique. || Valeur énergétique en Joules :  2037kj || Valeur énergétique en Kcal : 495kcal || Glucides : Traces || Lipides : 55g || Protides :Traces || A conserver entre 2°C et 12°C. || 
9,92€ / Kg || 
2,48 € || 
Primevère tartine & cuisson, 63%mg || La barquette de 250g || Origine : FRANCE || Formule aux Oméga 3 et 6 (ALA et LA) qui contribuent à maintenir un taux de cholestérol normal. Riche en vitamine B1 qui contribue au bon fonctionnement du coeur. || En tartine/Cuisson à la poêle/Four et cocotte, gâteaux. || Huiles et graisses végétales (63%), eau, émulsifiants : mono et diglycérides d'acides gras, lécithine de soja, esters citriques de mono et diglycérides d'acides gras, sel (0,25%), lait écrémé en poudre, conservateur : sorbate de potassium, correcteurd'acidité : acide citrique, arômes (lait), antioxygène : extrait riche en tocophérols, vitamine B1, colorant : béta carotène. || Valeur énergétique en Joules :  2334kj || Valeur énergétique en Kcal : 568kcal || Glucides : 0g || Lipides : 63g || Protides :0g || Conservation entre+2° et +12° C. || 
7,84€ / Kg || 
1,96 € || 
Primevère tartine & cuisson, 63%mg || La barquette de 500g || Origine : FRANCE || Formule aux Oméga 3 et 6 (ALA et LA) qui contribuent à maintenir un taux de cholestérol normal. Riche en vitamine B1 qui contribue au bon fonctionnement du coeur. || En tartine/Cuisson à la poêle, four et cocotte/Gâteaux. || Huiles et graisses végétales (63%), eau, émulsifiants : mono et diglycérides d'acides gras, lécithine de soja, esters citriques de mono et diglycérides d'acides gras, sel (0,25%), lait écrémé en poudre, conservateur : sorbate de potassium, correcteurd'acidité : acide citrique, arômes (lait), antioxygène : extrait riche en tocophérols, vitamine B1, colorant : béta carotène. || Valeur énergétique en Joules :  2334kj || Valeur énergétique en Kcal : 568kcal || Glucides : 0g || Lipides : 63g || Protides :0g || Conservation entre+2° et +12° C. || 
7,54€ / Kg || 
3,77 € || 
Doux || La barquette de 510g || Origine : FRANCE || Huiles vÍgÍtales (39%), eau, beurre (15.5%), lait ÍcrÍmÍ, Ímulsifiants vÍgÍtaux (mono et diglycÍrides d'acides gras, lÍcithine), sel (0.5%), ar«mes, conservateur (sorbate de potassium), correcteur d'aciditÍ (acide lactique), colorant (b²ta-carotÈne) || Valeur énergétique en Joules :  1970 || Valeur énergétique en Kcal : 480 || Glucides : 0.6 || Lipides : 53 || Protides :0.4 || 
7,57€ / Kg || 
3,86 € || 
St Hubert 41 léger & tendre, 38% de matière grasse, doux || Le beurrier de 510g || Origine : FRANCE || Avec St Hubert 41, savourez tout le plaisir de tartines savoureuses et légères. || Facile à tartiner, s'utilise en pâtisserie, se cuisine à chaleur douce uniquement. || Babeurre, huiles vÍgÍtales non hydrogÍnÍes, lait ÍcrÍmÍ, beurre concentrÍ, Ípaississant (E1422), Ímulsifiants vÍgÍtaux (mono et diglycÍrides d'acide gras, E476), sel (0.3%), correcteur d'aciditÍ (E331, acide lactique), conservateur (sorbate de potassium), ar«mes, colorant (b²ta-carotÈne) || Valeur énergétique en Joules :  1525kj || Valeur énergétique en Kcal : 370kcal || Glucides : 5,6g || Lipides : 38g || Protides :1,5g || A conserver entre 0° et 8°C. || 
7,24€ / Kg || 
3,69 € || 
St Hubert omega 3, doux || La barquette de 255g || Origine : FRANCE || Huiles vÍgÍtales (54%), eau, Ímulsifiants vÍgÍtaux : E471 et lÍcithine, sel (0.4%), ar«mes, colorant : b²ta-carotÈne. || Valeur énergétique en Joules :  2004 || Valeur énergétique en Kcal : 487 || Glucides : 0.1 || Lipides : 54 || Protides :0.1 || 
8,71€ / Kg || 
2,22 € || 
St Hubert omega 3, doux, tartine et cuisson || Le beurrier de 510g || Origine : FRANCE || Matière grasse à tartiner et à cuire allégée (54% de mg). || Pâtisserie légère. Délicieux sur des tartines. Cuisson à la poêle, au four ou en cocotte. || Huiles vÍgÍtales (54%), eau, Ímulsifiants vÍgÍtaux (E471) et lÍcithine, sel (0.4%), ar«mes, colorant (b²ta-carotÈne) || Valeur énergétique en Joules :  2004kj || Valeur énergétique en Kcal : 487kcal || Glucides : 0,1g || Lipides : 54g || Protides :0,1g || A conserver entre 0° et 8°C. || 
7,12€ / Kg || 
3,63 € || 
St Hubert omega 3, sans sel || La barquette de 250g || Origine : FRANCE || L'ALA (oméga 3) contribue au maintien d'une cholestérolémie normale, pour une consommation journalière de 2 g, dans le cadre d'une alimentation équilibrée. || Tartine et cuisson. || Huiles vÍgÍtales (54%), eau, Ímulsifiants : E471 et lÍcithine, ar«mes, colorant : b²ta-carotÈne, correcteur d'aciditÍ : acide lactique || Valeur énergétique en Joules :  2004kj || Valeur énergétique en Kcal : 487kcal || Glucides : <0,1g || Lipides : 54g || Protides :<0,1g || Conserver entre 0°C et +8°C. || 
9,72€ / Kg || 
2,43 € || 
St Hubert omega 3, sel de mer, tartine et cuisson || Le beurrier de 510g || Origine : FRANCE || Matière grasse à tartiner et à cuire allégée (54% de MG). || Pâtisserie légère. Délicieux sur tartines. Cuisson à la poêle, au four ou en cocotte. || Huiles vÍgÍtales (54%), eau, sel de mer (1.3%), Ímulsifiants vÍgÍtaux (E471) et lÍcithine, ar«mes, colorant (b²ta-carotÈne) || Valeur énergétique en Joules :  2004kj || Valeur énergétique en Kcal : 487kcal || Glucides : 0,1g || Lipides : 54g || Protides :0,1g || A conserver entre 0 et 8°C. || 
7,78€ / Kg || 
3,97 € || 
St Hubert omega 3 Demi sel || La barquette de 255g || Origine : FRANCE || Huiles vÍgÍtales (54%), eau, sel de mer (1.3%), Ímulsifiants vÍgÍtaux : E471 et lÍcithine, ar«mes, colorant : b²ta-carotÈne. || Valeur énergétique en Joules :  2004 || Valeur énergétique en Kcal : 487 || Glucides : 0.1 || Lipides : 54 || Protides :0.1 || 
8,82€ / Kg || 
2,25 € || 
Le Fleurier demi-sel, mélange de matières grasses à tartiner et à cuire allégé à 59% MG || Le beurrier de 250g || Origine : FRANCE || Léger et tendre, le Fleurier apporte à vos tartines toute sa saveur et sa fraîcheur. En cuisine et en pâtisserie, il révèle délicieusement le goût de vos aliments. Le Fleurier, léger et source d'acides gras essentiels, contribue à l'équilibre de votre alimentation. || Tartine, cuisine & pâtisserie. || Huiles végétales non hydrogénées (44%), beurre (17,5%), eau, lait écrémé, sel de mer (1,6%), émulsifiants végétaux (mono et diglycérides d'acides gras, lécithine de soja), conservateur (sorbate de potassium), correcteur d'acidité (acide lactique), arômes, colorant (bêta-carotène). Contient : lait, soja. || Valeur énergétique en Joules :  2200kj || Valeur énergétique en Kcal : 535kcal || Glucides : 0,6g || Lipides : 59g || Protides :0,4g || Conservation entre 0 et +8°C maximum. || 
8,24€ / Kg || 
2,06 € || 
Margarine, à tartiner, 38% de mat. Gr., demi-sel || La barquette de 250g || Origine : FRANCE || Avec St Hubert 41, savourez tout le plaisir de tartines au goût authentique & naturellement légères. || Facile à tartiner. S'utilise en pâtisserie. Se cuisine à chaleur douce uniquement. || Babeurre, huiles végétales non hydrogénées, lait écrémé, beurre concentré, amidon modifié, émulsifiants (E471, E476), sel de mer (1.5%), correcteurs d'acidité (E331, E270), conservateur (E202), arômes, colorant (béta-carotène), vitamines A et E. Contient : lait. || Valeur énergétique en Joules :  1488kj || Valeur énergétique en Kcal : 356,0kc || Glucides : 4g || Lipides : 38g || Protides :1,5g || A conserver entre 0° et 8°C. || 
8,12€ / Kg || 
2,03 € || 
Margarine, à tartiner et à cuisiner, doux, certifié AB || La barquette de 250g || Origine : FRANCE || Avec des huiles biologiques et une pincée de sel. || Pâtisserie. Tartines. Cuisson à la poêle, au four ou en cocotte. || Huiles végétales biologiques (58%), eau, émulsifiant végétal : lécithine de soja, sel (0,4%), arômes naturels. Sans huiles hydrogénées. Contient : soja. || A conserver entre 0° et 8°C. || 
9,84€ / Kg || 
2,46 € || 
Margarine, à tartiner et à cuisiner, doux, certifié AB || La barquette de 250g || Origine : FRANCE || Avec des huiles biologiques et une pincée de sel. || Pâtisserie. Tartines. Cuisson à la poêle, au four ou en cocotte. || Huiles végétales biologiques (58%), eau, émulsifiant végétal : lécithine de soja, sel (0,4%), arômes naturels. Sans huiles hydrogénées. Contient : soja. || A conserver entre 0° et 8°C. || 
9,84€ / Kg || 
2,46 € || 
Margarine aux pépites de chocolat || La barquette de 225g || Origine : FRANCE || St Hubert Pépites pour le plaisir authentique d'une tartine avec de délicieuses pépites de chocolat ! || lait ÍcrÍmÍ rÍhydratÍ, huiles vÍgÍtales ( 22%) ( colza, coprah), eau, chocolat noir (18%) (pÇte de cacao, beurre de cacao, sucre, ar«me naturel de vanille), beurre (7%),sucre, amidon, Ímulsifiants (mono et diglycÍrides d'acide gras, E476, ar«mes, sel(0,4%, conservateur ( sorbate de potassium), correcteur d'aciditÍ ( acide lactique), colorant ( b²ta-carotÈne) || Valeur énergétique en Joules :  1703kj || Valeur énergétique en Kcal : 412kcal || Glucides : 12,5g || Lipides : 39g || Protides :2g || A conserver entre 0°C et 8°C. || 
11,02€ / Kg || 
2,48 € || 
100% végétale || Les 2 paquets de 500g || Origine : FRANCE || Pour réussir des frites dorées, légères et croustillantes : la méthode départ à froid de Végétaline. || 100% végétale. || Avant ouverture, conserver à température ambiante, à conserver au frais et au sec, à conserver à l'abri de l'humidité., Conserver à température ambiante. || 
6,17€ / Kg || 
6,17 € || 
Crème fleurette, pasteurisée à 33% de mat. gr. || Le flacon de 25cl || Origine : FRANCE || Crème fraîche fluide pasteurisée à 30% de mat gr. || Ce produit contient environ 10 portions. || Crème fraîche à 33% de matière grasse. || Valeur énergétique en Joules :  1210Kj || Valeur énergétique en Kcal : 294KCal || Glucides : 3,6g || Lipides : 30g || Protides :2,3g || A conserver entre 0°C et +6°C. || 
6,69€ / L || 
1,66 € || 
Crème fraîche épaisse || Le pot de 20cl || Origine : FRANCE || Crème fraîche*, ferments lactiques. *ingrédients issus de l'agriculture biologique || A conserver entre 0°C et +6°C. || 
7,80€ / L || 
1,56 € || 
Crème fraîche épaisse || Le pot de 20cl || Origine : FRANCE || Crème fraîche*, ferments lactiques. *ingrédients issus de l'agriculture biologique || A conserver entre 0°C et +6°C. || 
7,80€ / L || 
1,56 € || 
Crème fraîche épaisse, 30% de mat. Gr. || Le pot de 10cl || Origine : FRANCE || Crème de lait - ferments lactiques sélectionnés. || Valeur énergétique en Joules :  1198kj || Valeur énergétique en Kcal : 291kcal || Glucides : 2,9g || Lipides : 30g || Protides :2,3g || A conserver entre +2°c et +6°c. || 
4,80€ / L || 
0,48 € || 
Crème fraîche épaisse, 30% de mat. Gr. || Le pot de 20cl || Origine : FRANCE || Crème de lait, ferments lactiques sélectionnés. || Valeur énergétique en Joules :  1198kj || Valeur énergétique en Kcal : 287kcal || Glucides : 2,9g || Lipides : 30g || Protides :2,3g || A conserver entre +2°C et +6°C || 
3,55€ / L || 
0,71 € || 
Crème fraîche épaisse, 30% de mat. Gr. || Le pot de 50cl || Origine : FRANCE || Crème de lait, ferments lactiques sélectionnés. || Valeur énergétique en Joules :  1198kj || Valeur énergétique en Kcal : 287kcal || Glucides : 2,9g || Lipides : 30g || Protides :2,3g || A conserver entre +2°C et +6°C || 
2,62€ / L || 
1,31 € || 
Crème fraîche épaisse d'Isigny, 40% de mat. Gr. || Le pot de 20cl || Origine : FRANCE || Issue des laits de la région d'Isigny cette crème épaisse au goût agréable et légèrement acidulé s'utilise à chaud ou à froid. || Crème pasteurisée, ferments lactiques. || A conserver entre +2°C et +6°C || 
7,80€ / L || 
1,56 € || 
Crème fraîche fleurette fluide, 30% de mat. Gr || La bouteille de 50cl || Origine : FRANCE || Crème fraîche fluide pasteurisée à 30% de matière grasse. || Crème fraîche à 33% de matière grasse. || Valeur énergétique en Joules :  1210Kj || Valeur énergétique en Kcal : 294KCal || Glucides : 3,6g || Lipides : 30g || Protides :2,3g || A conserver entre 0°C et +6°C. || 
4,52€ / L || 
2,26 € || 
Crème fraîche légère, 15% de matière grasse || Le pot de 50cl || Origine : FRANCE || Crème fraîche légère 96,5%, amidon transformé de pomme de terre, maltodextrine de blé, protéines de lait, gélatine de porc, ferments lactiques. || Valeur énergétique en Joules :  675kj || Valeur énergétique en Kcal : 163kcal || Glucides : 4,4g || Lipides : 15g || Protides :2,6g || A conserver entre +2°C et +6°C. || 
2,42€ / L || 
1,21 € || 
Crème fraîche légère, épaisse, 15% de matière grasse || Le pot de 20cl || Origine : FRANCE || Crème légère épaisse à 15% de matière grasse pasteurisée. || Créme légére pasteurisée 98% (lait écrémé pasteurisée, créme pasteurisée), amidon transformé de maïs, gélifiant: pectines, ferments lactiques. || Valeur énergétique en Joules :  675kj || Valeur énergétique en Kcal : 163kcal || Glucides : 4,4g || Lipides : 15g || Protides :2,0g || A conserver entre +2°C et +6°C. || 
3,45€ / L || 
0,69 € || 
Crème fraîche épaisse, 15% de mat. Gr. || Le pot de 20cl || Origine : FRANCE || Crème légère (97%), amidons modifiés, épaississants : pectine, ferments lactiques. Sans gélatine, ni colorant, ni conservateur. || Valeur énergétique en Joules :  701Kj || Valeur énergétique en Kcal : 168KCal || Glucides : 6g || Lipides : 15g || Protides :2,6g || Conserver à +6°C maximum || 
4,05€ / L || 
0,81 € || 
Crème fraîche épaisse, 15% de mat. Gr., fabriquée en Normandie || Le pot de 50cl || Origine : FRANCE || Crème légère (97%), amidons modifiés, épaississants: pectine, ferments lactiques. Sans gélatine, ni colorant, ni conservateur. || Valeur énergétique en Joules :  701Kj || Valeur énergétique en Kcal : 169Kc || Glucides : 6g || Lipides : 15g || Protides :2.6g || Conserver à +6°C maximum || 
3,34€ / L || 
1,67 € || 
Crème légère épaisse, 15% de matière grasse, fabriquée en Normandie || Le pot de 10cl || Origine : FRANCE || Crème légère (97%), amidons modifiés, épaississants : pectine, ferments lactiques. || Valeur énergétique en Joules :  701kj || Valeur énergétique en Kcal : 169kcal || Glucides : 6g || Lipides : 15g || Protides :2,6g || +6° C maximum. || 
6,00€ / L || 
0,60 € || 
Epaisse extra légère, spécialité à base de crème légère, || Le pot de 50cl || Origine : FRANCE || Crème légère (87%), eau, amidon modifié, lactose, maltodextrines, gélatine, épaississants : E440, E412, stabilisants : E460, E466, E407, arôme. || Valeur énergétique en Joules :  347kj || Valeur énergétique en Kcal : 83KCal || Glucides : 9g || Lipides : 4g || Protides :2,7g || Conservation à + 6°c maximum. || 
4,02€ / L || 
2,01 € || 
Crème fraîche épaisse, 3% de mat. Gr. || Le pot de 20cl || Origine : FRANCE || 8 fois moins de matières grasses et 4 fois moins de calories. || Lait écrémé, crème légère (33,3%), eau, amidon modifié, épaississants : agar-agar, pectine,  gomme de guar, ferments lactiques. || Valeur énergétique en Joules :  323Kj || Valeur énergétique en Kcal : 77KCal || Glucides : 9,5g || Lipides : 3g || Protides :3g || Conservation à +6°C max. || 
5,50€ / L || 
1,10 € || 
Crème fraîche du terroir d'Echiré || Le pot de 20cl || Origine : FRANCE || Valeur énergétique en Joules :  1480kj || Valeur énergétique en Kcal : 360kcal || Glucides : 2,2g || Lipides : 38g || Protides :2,2g || 
7,65€ / L || 
1,53 € || 
Crème entière épaisse, 30% de matière grasse || Le sachet de 33cl || Origine : FRANCE || 
5,33€ / L || 
1,76 € || 
Crème fraîche fluide, 15% de mat. Gr. || La brique de 33cl || Origine : FRANCE || Tout le plaisir de la crème avec moins de matière grasse. Légère et onctueuse, la Crème Fleurette Légère Elle & Vire est élaborée à Condé-sur-Vire au coeur de la Normandie. || Idéale pour réussir toutes les recettes, la Crème Fleurette Légère Elle & Vire apporte de la gourmandise à toutes vos préparations, chaudes ou froides, salées ou sucrées. || Crème légère, émulsifiants : E472b, E471, stabilisant : carraghénanes. || Valeur énergétique en Joules :  664Kj || Valeur énergétique en Kcal : 159KCal || Glucides : 3,8g || Lipides : 15g || Protides :2,5g || A conserver au réfrigérateur à +6°C maxi. Après ouverture, à consommer rapidement. Ne pas congeler avant utilisation. || 
6,27€ / L || 
2,07 € || 
Crème fraîche fluide et entière || La brique de 33cl || Origine : FRANCE || Toute la douceur et l'onctuosité d'une grande crème. Entière et savoureuse, la crème fleurette Elle&Vire est élaborée à Condé-sur-Vire au coeur de la Normandie. || Idéale pour réussir toutes les recettes, la crème fleurette entière Elle&Vire s'utilise à chaud et à froid en préparations salées ou sucrées. || Crème de lait de Normandie, émulsifiants : E471, stabilisant : carraghénanes. || Conservation à + 6°c maximum. A consommer dans les 5 jours suivants l'ouverture. Conserver à l'abri du gel. || 
6,00€ / L || 
1,98 € || 
Crème fraîche légère, 5% de mat. Gr. || La brique de 33cl || Origine : FRANCE || Tous les bienfaits d'une cuisine gourmande et équilibrée. Légère et gourmande, Fleurette Extra Légère 5% Elle & Vire est élaborée à Condé-sur-Vire au coeur de la Normandie. || Idéale pour réussir toutes les recettes, Fleurette Extra Légère 5% Elle & Vire apporte gourmandise et légèreté à toutes vos préparations, chaudes ou froides, salées ou sucrées. || Lait écrémé, crème légère (42%), amidon transformé, stabilisants : E460, E440, E466, E407, émulsifiant : E471, colorant : bêta-carotène. || Valeur énergétique en Joules :  350kj || Valeur énergétique en Kcal : 84kcal || Glucides : 6,6g || Lipides : 5g || Protides :3,1g || A conserver au réfrigérateur à +6°C maxi. Après ouverture, à consommer rapidement. Ne pas congeler avant utilisation. || 
5,52€ / L || 
1,82 € || 
Crème légère épaîsse, 12% de matière grasse || Le sachet de 33cl || Origine : FRANCE || Sa texture épaisse et onctueuse, son goût savoureux.Emballage pratique et simple d'utilisation, astucieux grâce à son bouchon, il permet : un versement facile, une conservation optimale de votre crème. || Idéal pour toutes vos préparations culinaires. A chaud, pour vos sauces, quiches, gratins, tartes et pâtisseries. A froid, en nappage de crudités ou de fruits. || Crème légère épaisse 12% matière grasse. Crème légère, amidon transformé, protéines laitières, stabilisants : E440, e410, ferments lactiques. Sans gélatine, ni colorant, ni conservateur. || Valeur énergétique en Joules :  600kj || Valeur énergétique en Kcal : 145kcal || Glucides : 6,1g || Lipides : 12g || Protides :3,1g || A conserver à +6°C max. Après ouverture, se conserve au frais, 15 jours dans des conditions normales de stockage. A l'abri de l'air et de la lumière. || 
5,58€ / L || 
1,84 € || 
Sauce béchamel au lait entier || Le sachet de 33cl || Origine : FRANCE || Avec la Sauce Béchamel au lait entier d'Elle & Vire, découvrez tout le plaisir d'une cuisine gourmande et savoureuse. || Réalisez de savoureux gratins de légumes ou pâtes ainsi que les lasagnes. Avec cette sauce, vous pouvez aussi napper vos légumes, préparer des oeufs florentine ou un crumble salé. Ne pas mettre l'emballage au micro-ondes. || Lait entier (71%), crème, amidon transformé, sel, épaississants : E461, E407, E410, émulsifiant : E472e, arômes, colorant : béta-carotène. Contient du lait. Sans conservateur. Sans colorant artificiel. || Valeur énergétique en Joules :  541kj || Valeur énergétique en Kcal : 130kcal || Glucides : 6,7g || Lipides : 10,2g || Protides :2,9g || A conserver au réfrigérateur à +6°C maxi. A consommer dans les 6 jours après ouverture. Ne pas congeler. || 
5,42€ / L || 
1,79 € || 
Crème fraîche épaisse || Le pot de 50cl || Origine : FRANCE || Crème fraîche pasteurisée, ferments lactiques. || A conserver entre 0°C et +6°C. || 
2,48€ / L || 
1,24 € || 
Crème fraîche épaisse, certifié AB || Le pot de 10cl || Origine : FRANCE || 
8,50€ / L || 
0,85 € || 
Crème fraîche épaisse, certifié AB || Le pot de 10cl || Origine : FRANCE || 
8,50€ / L || 
0,85 € || 
Crème fraîche fleurette, certifié AB || La bouteille de 25cl || Origine : FRANCE || Agiter avant emploi. A chaud, elle est parfaite pour vos sauces, potages, escalopes à la crème. A froid, elle est excellente en nappage sur des fruits, des pâtisseries ou de la glace, en sauce salade avec des herbes et des aromates. || Crème fraîche*, ferments lactiques sélectionnés, matières grasses : 30%. * issue de l'agriculture biologique. || A conserver au réfrigérateur entre +2°C et +6°C. A consommer sous 3 jours après ouverture. || 
8,48€ / L || 
2,12 € || 
Crème fraîche fleurette, certifié AB || La bouteille de 25cl || Origine : FRANCE || Agiter avant emploi. A chaud, elle est parfaite pour vos sauces, potages, escalopes à la crème. A froid, elle est excellente en nappage sur des fruits, des pâtisseries ou de la glace, en sauce salade avec des herbes et des aromates. || Crème fraîche*, ferments lactiques sélectionnés, matières grasses : 30%. * issue de l'agriculture biologique. || A conserver au réfrigérateur entre +2°C et +6°C. A consommer sous 3 jours après ouverture. || 
8,48€ / L || 
2,12 € || 
Crème fraîche entière épaisse, 30% de mat. Gr. || Le pot de 45cl || Origine : FRANCE || 
4,24€ / Kg || 
1,91 € || 
Crème fraîche épaisse et entière || Le pot de 20cl || Origine : FRANCE || Comme toutes les crèmes fraîches, la crème Président est élaborée à partir de lait entier. Il faut au minimum 7 litres de lait entier pour faire un litre de crème à 30% de matière grasse. || 
5,10€ / Kg || 
1,02 € || 
Crème fraîche épaisse, 30% de mat. Gr. || Le pot de 50cl || Origine : FRANCE || CrÈme - Ferments lactiques || 
3,60€ / L || 
1,80 € || 
Crème légère fluide à 20% de matière grasse || La bouteille de 40cl || Origine : FRANCE || Très onctueuse. || Crème légère à 20% de mat gr, émulsifiant : E472b, épaississants : carraghénanes, gomme xanthane. || Valeur énergétique en Joules :  877kj || Valeur énergétique en Kcal : 212kcal || Glucides : 3,8g || Lipides : 20,7g || Protides :2,6g || A conserver à +6°C maxi. A consommer rapidement après ouverture. || 
5,00€ / L || 
2,00 € || 
Crème anglaise à la vanille || La bouteille de 50cl || Origine : FRANCE || Avec sa saveur subtile et délicate, la crème anglaise Monoprix Gourmet ravira les gourmands en quête de qualité, de savoir-faire et d'authenticité. || Vous pouvez consommer la crème anglaise Monoprix Gourmet telle quelle ou en accompagnement de pâtisseries et de crèmes glacées. || Lait 69%, sucre, jaune d'oeufs 14%, arôme vanille, gousses de vanille broyées et épuisées. || Valeur énergétique en Joules :  597Kj || Valeur énergétique en Kcal : 143KCal || Glucides : 18g || Lipides : 5,8g || Protides :4,5g || A conserver entre 0°C et +4°C. || 
4,43€ / L || 
2,35 € || 
Crème fouettée, sucrée vanillée, stérilisée UHT || La bombe de 250g || Origine : BELGIQUE || Placez le boîtier au réfrigérateur quelques heures à l'avance. Avant de servir, agitez modérément. Tenez le boîtier verticalement, l'embout vers le bas et appuyez sur le diffuseur. Après chaque utilisation, rincez l'embout sous l'eau chaude et replacer le boîtier au réfrigérateur.  Récipient sous pression Ne pas percer, ne pas brûler même après usage. || Crème (91%), sucre (8.5%), émulsifiant : E471, arôme naturel vanille, stabilisant : E407, gaz propulseur : N2O. || Valeur énergétique en Joules :  1250kj || Valeur énergétique en Kcal : 299kcal || Glucides : 11,7g || Lipides : 27,3g || Protides :2,4g || Avant ouverture, à conserver à température ambiante. Après ouverture, à conserver au réfrigérateur et à consommer rapidement. A protéger des rayons solaires et à ne pas exposer à une température supérieure à 50°C. Ne pas mettre au congélateur. || 
6,00€ / L || 
1,50 € || 
Crème anglaise || La brique de 50cl || Origine : FRANCE || Découvrez la crème anglaise Bridélice prête à l'emploi. Sa texture onctueuse et son bon goût vanillé vous permettront de réaliser des desserts gourmands et légers. || Lait entier, oeufs concentrés sucrés, sucre, amidon modifié, arôme vanille, épaississants : gomme de xanthane, carraghénanes, sel, colorants : E102, E110. || Valeur énergétique en Joules :  460Kj || Valeur énergétique en Kcal : 109KCal || Glucides : 17g || Lipides : 3,1g || Protides :3,3g || Avant ouverture, à température ambiante (de préférence inférieure à 18°C). Après ouverture, au réfrigérateur (3 jours maximum). Ne pas congeler. || 
3,18€ / L || 
1,59 € || 
Crème chantilly légère, sucrée aromatisée, stérilisée UHT || La bombe de 250g || Origine : FRANCE || Cette bombe vous permet de réaliser environ 6 coupes. Placer la bombe au réfrigérateur au moins 2h avant son utilisation. Pousser le diffuseur en avant pour libérer l'attache de sécurité. Agiter 3 fois la bombe de bas en haut. Tenir la bombe bien verticalement vers le bas et appuyer sur le diffuseur. Après utilisation, nettoyer le diffuseur en le passant sous l'eau chaude et replacer votre bombe au réfrigérateur. Récipient sous pression. Ne pas percer ou brûler, même après usage. Ne pas congeler. || CREME légÈre (91%), sucre (8,5%), émulsifiant : E472b, stabilisant : E407, arôme vanille, propulseur : E942 || Valeur énergétique en Joules :  987 || Valeur énergétique en Kcal : 238 || Glucides : 12 || Lipides : 20 || Protides :2,5 || Conservation entre 2 et 24°C. Placer la bombe au réfrigérateur au moins 2 heures avant son utilisation et aprÈs ouverture. Ne pas congeler. || 
8,20€ / L || 
2,05 € || 
Crème légère stérilisée UHT sucrée aromatisée sous pression || La bombe de 275g || Origine : FRANCE || Valeur énergétique en Joules :  986kj || Valeur énergétique en Kcal : 238kcal || Glucides : 12g || Lipides : 20g || Protides :2,5g || 
7,71€ / L || 
2,12 € || 
Bridelight extra légère, stérilisée UHT, à base de crème légère aromatisée avec édulcorants || La bombe de 250g || Origine : FRANCE || Grâce à son nouvel embout, je réalise des volutes généreuses qui finaliseront avec légèreté tous mes desserts. Bridelight c'est 2 fois moins de matières grasses et 2 fois moins de calories que la crème sous pression à 27% de M.G. || 1.Placer la bombe au réfrigérateur au moins 2 heures avant son utilisation. 2. Pousser le diffuseur avant pour libérer l'attache de sécurité. 3. Agiter 3 fois la bombe de bas en haut. 4. Tenir la bombe bien verticalement vers le bas et appuyer sur lediffuseur. 5. Après utilisation nettoyer le diffuseur en le passant sous l'eau chaude et replacer votre bombe au réfrigérateur. Cette bombe permet de réaliser environ 15 volutes. Récipient sous pression, à protéger des rayons solaires et à ne pas exposer à une température supérieure à 50°C. Ne pas percer ou brûler, même après usage. || Crème légère (55%), lait écrémé, édulcorants : isomalt, cyclamate, saccharine, épaississant : polydextrose, émulsifiant : E472b, stabilisant : E407, arôme, propulseur : N²O. || Valeur énergétique en Joules :  657Kj || Valeur énergétique en Kcal : 159KCal || Glucides : 11g || Lipides : 11,5g || Protides :2,7g || Entre 2°C et 24°C. Placer la bombe au réfrigérateur au moins 2 heures avant son utilisation et après ouverture. Ne pas congeler. || 
10,76€ / L || 
2,69 € || 
Crème Anglaise à la vanille bourbon || Le sachet de 33cl || Origine : FRANCE || Valeur énergétique en Joules :  426kj || Valeur énergétique en Kcal : 101kcal || Glucides : 15g || Lipides : 3,2g || Protides :3,1g || 
5,27€ / L || 
1,74 € || 
Crème chantilly ferme et onctueuse || La bombe de 250g || Origine : FRANCE || Sublimez vos desserts avec Président Ferme et Onctueuse, l'association d'une texture unique au délicieux goût d'une crème légèrement vanillée. || Mode d'emploi: Placer la bombe au réfrigérateur quelques heures avant son utilisation. 1 - Pousser en avant le diffuseur, pour libérer l'attache de sécurité.2 - Bien agiter avant emploi. 3 - Tenir la bombe bien verticalement vers le bas et appuyer sur le diffuseur. 4 - Après utilisation, nettoyer le diffuseur en le passant sous l'eau chaude et replacer votre bombe au réfrigérateur. || Crème (91%), sucre (8,5%), émulsifiant: E471, stabilisant: E407, arôme vanille,gaz propulseur N2O. || Valeur énergétique en Joules :  1245kj || Valeur énergétique en Kcal : 301kcal || Glucides : 12g || Lipides : 27g || Protides :2,3g || Conservation au réfrigérateur après ouverture. Ne pas congeler. Récipient sous pression, à protéger des rayons solaires et à ne pas exposer à une température supérieure à 50°C. Ne pas percer ou brûler, même après usage. || 
9,32€ / L || 
2,33 € || 
Crème liquide stérilisée UHT, 15% de mat. Gr. || Les 3 briques de 20cl || Origine : FRANCE || Crème de lait 99,9% stabilisant : carraghénanes. || Valeur énergétique en Joules :  671Kj || Valeur énergétique en Kcal : 162KCal || Glucides : 4,3g || Lipides : 15g || Protides :2,5g || Avant ouverture : peut se conserver hors du réfrigérateur. Après ouverture : à conserver au froid et à consommer rapidement. Ne pas mettre au freezer, ni au congélateur. || 
2,88€ / L || 
1,73 € || 
Crème liquide stérilisée UHT, 30% de mat. Gr. || Les 3 briques de 20cl || Origine : FRANCE || Crème de lait 99,9%, émulsifiant : esters lactiques des mono et diglycérides d'acides gras, stabilisant : carraghénanes. || Valeur énergétique en Joules :  1328Kj || Valeur énergétique en Kcal : 322Kcal || Glucides : 3,1g || Lipides : 33,5g || Protides :2,1g || Avant ouverture : peut se conserver hors du réfrigérateur. Après ouverture : à conserver au froid et à consommer rapidement. Ne pas mettre au freezer, ni au congélateur. || 
4,07€ / L || 
2,44 € || 
Crème fraîche fluide, 12% de mat. Gr., stérilisée UHT || Les 3 briques de 20cl || Origine : FRANCE || La complice d'une cuisine légère et savoureuse, c'est Bridélice. Une crème onctueuse, une tenue parfaite en cuisson et juste ce qu'il faut de matière grasse. || Crème légère (98%), amidon modifié, stabilisants : pectine, carraghénane, émulsifiant : E472e. Peut contenir du gluten de blé. Sans gélatine ni conservateur. 12% mat gr. || Valeur énergétique en Joules :  582 || Valeur énergétique en Kcal : 139,1 || Glucides : 5,5 || Lipides : 12 || Protides :2,6 || Avant ouverture, à température ambiante de préférence inférieure à 18°C. Après ouverture, au réfrigérateur, 3 jours maximum. Ne pas congeler. || 
4,42€ / L || 
2,65 € || 
Crème fraîche fluide et entière || Les 2 bouteilles de 20cl || Origine : FRANCE || Crème de lait, émulsifiant : carraghénanes. || Avant ouverture, à température ambiante, de préférence inférieure à 18°C. Après ouverture, au réfrigérateur, 3 jours maximum. Ne pas congeler. || 
6,15€ / L || 
2,46 € || 
Crème fraîche fluide et entière, 30% de mat. Gr. || Les 2 flacons de 20cl + 20% gratuit = 48cl || Origine : FRANCE || 
5,13€ / L || 
2,46 € || 
Crème fraîche fluide et légère || Les 2 pot de 20cl || Origine : FRANCE || Crème légère (98%), amidon modifié : E1422, émulsifiant : E472e, stabilisants : E460, pectine, carraghénanes, E466. || Avant ouverture, à température ambiante de préférence inférieure à 18°C. Après ouverture, au réfrigérateur, 3 jour maximum. Ne pas congeler. || 
6,00€ / L || 
2,40 € || 
Crème fraîche semi-épaisse || Les 2 bouteilles de 25cl || Origine : FRANCE || Bridélice, la touche de malice dans votre cuisine. || Crème légère (97,5%), amidon modifié,émulsifiant: E471, stabilisants: pectine, carraghénane. || Valeur énergétique en Joules :  810kj || Valeur énergétique en Kcal : 196kcal || Glucides : 6g || Lipides : 18g || Protides :2,5g || Conservation avant ouverture: à température ambiante, de préférence inférieur à 18°c. Après ouverture, au réfrigérateur, 3 jours maximum. || 
5,50€ / L || 
2,75 € || 
Crème de normandie de printemps, longue conservation, entière 30%mg || Le lot de 3 briques de 20cl, soit 60cl || Origine : FRANCE || 
5,17€ / L || 
3,10 € || 
Crème fraîche fluide, 3% de mat. Gr. || Les 3 briques de 20cl || Origine : FRANCE || La crème fluide & légère 4% MG vous offre tous les bienfaits d'une cuisine gourmande et équilibrée. || A froid : fluide et onctueuse, elle est idéale pour la préparation de vos sauces salades ou en nappage de fruits. Elle apporte aussi une touche de douceur en se diluant parfaitement dans vos boissons chaudes. A chaud : fluide & légère 4% possède uneexcellente tenue à la poêle comme au four et vous permet de réaliser tous vos plats, sauces et pâtisseries. || Lait écrémé, crème légère (33%), amidon transformé, stabilisants : E407, E415, E440, émulsifiant : E471. || Valeur énergétique en Joules :  278 || Valeur énergétique en Kcal : 67 || Glucides : 6,7g || Lipides : 3g || Protides :3,1g || Avant ouverture, peut se conserver hors du réfrigérateur à +20°C maxi. Après ouverture, conserver au réfrigérateur +6°C maxi, à consommer rapidement. NE PAS CONGELER avant utilisation. || 
3,93€ / L || 
2,36 € || 
Crème fraîche fluide et entière || Les 2 briques de 25cl || Origine : FRANCE || Crème entière : cuisinez avec une grande crème onctueuse ! || Crème de lait, amidon transformé, émulsifiant : E471, stabilisant : carraghénanes. || Conservation : avant ouverture, à une température maxi de +20°C. Après ouverture, au réfrigérateur à +6°C maxi, à consommer rapidement. Ne pas congeler avant utilisation || 
5,54€ / L || 
2,77 € || 
Crème fraîche fluide et entière, stérilisée UHT || La brique de 25cl || Origine : FRANCE || Elaborée à Condé sur Vire en Normandie, la crème entière Elle & Vire vous apporte tout le goût d'une vraie crème de terroir. || A chaud, la crème entière Elle & Vire est parfaite pour vos sauces, escalopes à la crème, gratins, quiches, potages, tartes et gâteaux  A froid, elle est excellente en nappage sur des fruits, des pâtisseries ou de la glace mais aussi en sauce saladeavec des herbes et des aromates || Crème de lait de Normandie, émulsifiants : E471, E472b, stabilisant : carraghénane. || Avant ouverture, peut se conserver hors du réfrigérateur à +20°C maxi. Après ouverture, au réfrigérateur à +6°C maxi, à consommer rapidement. Ne pas congeler avant utilisation. || 
6,08€ / L || 
1,52 € || 
Crème fraîche semi-épaisse, 3% de mat. Gr., stérilisée UHT || Les 3 briques de 20cl || Origine : FRANCE || Semi épaisse 3% vous offre tous les plaisirs d'une texture très onctueuse, avec très peu de matières grasses. || A froid : sa texture onctueuse est idéale en nappage sur des crudités ou des fruits, mais aussi en sauce salade avec des herbes et des aromates. A chaud : son excellente tenue et sa texture très nappante apportent d'excellents résultats à la poêle comme au four. || Lait écrémé, crème légère (25%), amidon transformé, stabilisants : E460, E407, E440, E466, émulsifiant : E471, colorant : béta-carotène. || Valeur énergétique en Joules :  274Kj || Valeur énergétique en Kcal : 65,6Kc || Glucides : 6.5g || Lipides : 3g || Protides :3.1g || Avant ouverture, peut se conserver hors du réfrigérateur à +20°C maxi.,Après ouverture, conserver au réfrigérateur à +6°C maxi, à consommer rapidement. || 
4,83€ / L || 
2,90 € || 
Crème légère de Normandie, semi-épaisse, 18% de matière grasse || Les 3 briques de 20cl, soit 60cl || Origine : FRANCE || Du bon lait de Normandie et juste ce qu'il faut de matière grasse (18%) pour allier saveur et légèreté dans tous vos plats. || Crème légère de Normandie, stabilisant : pectine. || Valeur énergétique en Joules :  778kj || Valeur énergétique en Kcal : 188kcal || Glucides : 3,8g || Lipides : 18g || Protides :2,7g || Avant ouverture peut se conserver hors du réfrigérateur à +20°C maxi. Après ouverture, au réfrigérateur à +6°C maxi, à consommer rapidement. Ne pas congeler. || 
4,63€ / Kg || 
2,87 € || 
Coupelles de crème légère || le sachet de 10 coupelles de 10g, soit 100g || Origine : FRANCE || Spécialité laitière stérilisée UHT à base de crème légère. || Valeur énergétique en Joules :  491kj || Valeur énergétique en Kcal : 118kcal || Glucides : 4,0g || Lipides : 10,0g || Protides :3,1g || A conserver à +4°C +20°C. Ne pas congeler. || 
11,20€ / L || 
1,12 € || 
Crème entière semi-épaisse, 30% de mat. Gr. || Les 3 briques de 20cl || Origine : FRANCE || CrÈme, amidon modifiÍ, Ímulsifiant : E471, E472e, Ípaississant : carraghÍnanes Produit Å base d'oeuf ou traces d'oeufs, lait et produits Å base de lait (y compris le lactose). || 
5,33€ / L || 
3,20 € || 
Feta, fromage au lait pasteurisé, affinée en fût || La boîte de 200g || Origine : GRECE || L'affinage en fûts dans le respect de la tradition donne à ce fromage un léger goût boisé particulièrement apprécié des connaisseurs. || Lait de brebis pasteurisé, lait de chèvre pasteurisé, sel, ferments, présure animale. || Consommez en salade, à l'apéritif et dans les recettes méditerranéennes. || A conserver entre 0°C et +4°C. || 
15,30€ / Kg || 
3,06 € || 
Feta en dés nature AOP || La barquette de 130g || Origine : GRECE || Cette barquette contient environ 4 portions. || Lait de brebis pasteurisé (70% min), lait de chèvre pasteurisé, sel, ferments, coagulant. || Valeur énergétique en Joules :  1107kj || Valeur énergétique en Kcal : 267kcal || Glucides : 1,4g || Lipides : 21g || Protides :18g || A conserver entre 0°C et +4°C. A consommer rapidement après ouverture. Conditionné sous atmosphère protectrice. || 
15,15€ / Kg || 
1,97 € || 
Mozzarella || Le sachet de 250g || Origine : FRANCE || Fromage à pâte filée au lait pasteurisé de vache. || Lait pasteurisé de vache (origine UE), sel, enzyme coagulante, correcteur d'acidité : acide citrique. || Valeur énergétique en Joules :  977kj || Valeur énergétique en Kcal : 235kcal || Glucides : 1,3g || Lipides : 18g || Protides :17g || A conserver entre +2°C et +6°C. || 
7,24€ / Kg || 
1,81 € || 
Mozzarella, fromage à pâte filée au lait de vache pasteurisé, élaborée en Italie || Le paquet de 400g || Origine : ITALIE || Lait de vache pasteurisé, sel, enzyme coagulante, correcteur d'acidité : acide citrique. Elaborée en Italie. || A conserver entre +2°C et +6°C. || 
7,48€ / Kg || 
2,99 € || 
Mozzarella, fromage italien au lait entier, certifié AB || Le sachet de 125g || Origine : ITALIE || Finement tranchée dans vos salades ou fondante sur des pizzas ou des pâtes, la mozzarella Monoprix Bio, accompagnée de basilic et d'huile d'olive, donnera une note estivale à toute votre cuisine. || Lait entier pasteurisé*, sel, présure animale, ferments lactiques. *Ingrédient issu de l'agriculture biologique. || Valeur énergétique en Joules :  1088 || Valeur énergétique en Kcal : 262 || Glucides : 0,5g || Lipides : 20g || Protides :20g || A conserver entre +0°C et +4°C. || 
12,40€ / Kg || 
1,55 € || 
Mozzarella, fromage italien au lait entier, certifié AB || Le sachet de 125g || Origine : ITALIE || Finement tranchée dans vos salades ou fondante sur des pizzas ou des pâtes, la mozzarella Monoprix Bio, accompagnée de basilic et d'huile d'olive, donnera une note estivale à toute votre cuisine. || Lait entier pasteurisé*, sel, présure animale, ferments lactiques. *Ingrédient issu de l'agriculture biologique. || Valeur énergétique en Joules :  1088 || Valeur énergétique en Kcal : 262 || Glucides : 0,5g || Lipides : 20g || Protides :20g || A conserver entre +0°C et +4°C. || 
12,40€ / Kg || 
1,55 € || 
Mozzarella au lait de bufflonne, issue de l'agriculture biologique || Le sachet de 125g || Origine : ITALIE || Lait de bufflonne pasteurisé*, sel, présure animal. *Ingrédients issu de l'agriculture biologique. || Valeur énergétique en Joules :  1180kj || Valeur énergétique en Kcal : 285kcal || Glucides : 1g || Lipides : 25g || Protides :14g || A conserver entre 0°C et +4°C. || 
21,36€ / Kg || 
2,67 € || 
Mozzarella au lait de bufflonne, issue de l'agriculture biologique || Le sachet de 125g || Origine : ITALIE || Lait de bufflonne pasteurisé*, sel, présure animal. *Ingrédients issu de l'agriculture biologique. || Valeur énergétique en Joules :  1180kj || Valeur énergétique en Kcal : 285kcal || Glucides : 1g || Lipides : 25g || Protides :14g || A conserver entre 0°C et +4°C. || 
21,36€ / Kg || 
2,67 € || 
Mozzarella au lait entier, fabriquée en Italie || Le sachet de 125g || Origine : ITALIE || Fromage à pâte filée en saumure au lait de vache pasteurisé. || Lait pasteurisé de vache, sel, enzyme coagulante, correcteur d'acidité : acide citrique. Fabriquée en Italie. || Valeur énergétique en Joules :  977Kj || Valeur énergétique en Kcal : 235Kcal || Glucides : 1,3g || Lipides : 18g || Protides :17g || A conserver entre +2°C et +6°C. || 
7,44€ / Kg || 
0,93 € || 
Mozzarella di bufala campana || Les 12 portions, 125g || Origine : ITALIE || Mozzarella di bufala campana appellation d'origine protégée fromage à pâte filée au lait pasteurisé de bufflonne , en saumure. || lait entier de bufflonne, ferments lactiques naturels, sel, présure animale. Conservée en saumure. || Valeur énergétique en Joules :  1089kj || Valeur énergétique en Kcal : 263kcal || Glucides : 1g || Lipides : 23g || Protides :13g || A conserver entre 0°C et +4°C. || 
17,84€ / Kg || 
2,23 € || 
Mozzarella di bufala campana || Le sachet de 150g || Origine : ITALIE || Lait entier de bufflonne, sel, ferments lactiques, présure.    Conservé en saumure. || Valeur énergétique en Joules :  1087kj || Valeur énergétique en Kcal : 263kcal || Glucides : 0,9g || Lipides : 23g || Protides :13g || Conservation entre 0 et +4°c maximum. || 
16,60€ / Kg || 
2,49 € || 
Mozzarella di bufala campana || Le sachet de 250g || Origine : ITALIE || La mozzarella Monoprix Gourmet est fabriquée dans le sud de l'Italie à partir de lait entier de bufflonne. La pâte de ce fromage est filée à la main. Laissez-vous séduire par sa forme généreuse, sa blancheur de porcelaine et sa saveur délicate. || Froide ou chaude, la Mozzarella di bufala campana Monoprix Gourmet apportera à vos plats quelques notes d'Italie. Pour toute utilisation à froid, nous vous recommandons de sortir la mozzarella du réfrigérateur 10 minutes avant de la consommer pour lui permettre d'exalter toutes ses saveurs. Vous pouvez la consommer accompagnée de tomates, le tout agrémenté d'un filet d'huile d'olive ou encore incorporée dans vos salades composées. La mozzarella Monoprix Gourmet peut également être utilisée pourl'élaboration de pizza, de quiche mais également de gratin. || Lait de bufflonne pasteurisé, sel, présure animale. Conservé en saumure. || Valeur énergétique en Joules :  1087kj || Valeur énergétique en Kcal : 263kcal || Glucides : 0,9g || Lipides : 23g || Protides :13g || A conserver entre 0°C et +4°C. || 
14,68€ / Kg || 
3,67 € || 
Mozzarella di bufala campana tresse A.O.P. || La barquette de 200g || Origine : ITALIE || Lait de bufflonne pasteurisé, sel, présure animale. || Valeur énergétique en Joules :  1089kj || Valeur énergétique en Kcal : 263kcal || Glucides : 1g || Lipides : 23g || Protides :13g || A conserver entre 0°C et +4°C. || 
17,45€ / Kg || 
3,49 € || 
Mozzarella de vache || Le paquet de 125g || Origine : ITALIE || Fabriquée en Italie, la Mozzarella Casa Azzurra vous apporte toutes les saveurs de ses terres d'origines. Accompagnée de tomates et d'un filet d'huile d'olive, la Mozzarella Casa Azzurra vous fera découvrir son goût frais, délicat et sa texture généreuse. || LAIT DE VACHE PASTEURISE, FERMENTS LACTIQUE, PRESURE, SEL || Valeur énergétique en Joules :  1026kj || Valeur énergétique en Kcal : 247kcal || Glucides : 1g || Lipides : 19g || Protides :18g || A conserver entre 0°C et +4°C. A consommer au plus tard dans les 24 h après l'ouverture. || 
9,20€ / Kg || 
1,15 € || 
Mozzarella en tranches || Le paquet de 140g || Origine : ITALIE || La Mozzarella Casa Azzurra vous apporte toute la saveur de l'Italie. || Lait, sel, présure microbienne, ferments lactiques. Mat gr sur produit fini 24,5%. || Valeur énergétique en Joules :  1285kj || Valeur énergétique en Kcal : 317kcal || Glucides : 1g || Lipides : 24,5g || Protides :23g || A conserver au froid entre +4°C et +8°C. Conditionné sous atmosphère protectrice. || 
15,79€ / Kg || 
2,21 € || 
Provola fumée en tranches || Le paquet de 140g || Origine : ITALIE || La Provola fumée Casa Azzurra vous apporte toute la saveur de l'Italie. || Valeur énergétique en Joules :  1285kj || Valeur énergétique en Kcal : 317kcal || Glucides : 1g || Lipides : 24,5g || Protides :23g || A conserver entre +4°C et +8°C. Conditionné sous atmosphère protectrice. || 
16,57€ / Kg || 
2,32 € || 
Mozzarella || Le sachet de 150g || Origine : ITALIE || Fromage Italien à pâte molle. || Lait pasteurisé, sel, présure, correcteur d'acidité : acide critique. || Valeur énergétique en Joules :  854Kj || Valeur énergétique en Kcal : 204Kcal || Glucides : 1g || Lipides : 14,5g || Protides :17,5g || A conserver à +4°C et +6°C. || 
15,93€ / Kg || 
2,39 € || 
Mozzarella, fromage italien à pâte molle filée fraîche || Le sachet de 125g + 20% gratuit || Origine : ITALIE || 
7,07€ / Kg || 
1,06 € || 
Mozzarella, fromage italien à pâte molle filée fraîche || Le sachet de 390g || Origine : ITALIE || Lait, sel, présure, correcteur d'acidité : acide citrique. || Valeur énergétique en Joules :  1026 || Valeur énergétique en Kcal : 245,1 || Glucides : 1 || Lipides : 19 || Protides :18 || Conservation entre +4° et + 6°C maximum. || 
8,76€ / Kg || 
2,19 € || 
Mozzarella bufala || Le sachet de 125g || Origine : ITALIE || Lait de bufflonne pasteurisé, sel, présure. || A conserver à +4°C et +6°C. || 
23,84€ / Kg || 
2,98 € || 
Mozzarella cucina || Le paquet de 400g || Origine : ITALIE || Fromage Italien à pâte molle filée fraîche. || Lait pasteurisé (UE), sel, présure, correcteur d'acidité : acide citrique. Min 45% de MG/ES (20,5% de MG dans le produit fini). || Conserver au froid : +4°C/+6°C. || 
10,50€ / Kg || 
4,20 € || 
Ricotta, fromage de lactosérum italien || La boîte de 250g || Origine : ITALIE || Lactosérum pasteurisé, sel, correcteur d'acidité : acide citrique, acide lactique. Min 45% de Mat. Gr. (13,3% de mat. Gr. dans le produit fini). || Valeur énergétique en Joules :  685 || Valeur énergétique en Kcal : 163,7 || Glucides : 3,6 || Lipides : 13,3 || Protides :7,6 || Conserver au froid : +4°C/+6°C. || 
9,52€ / Kg || 
2,38 € || 
100% brebis aux herbes de Provence || La boîte de 180g || Origine : FRANCE || Fromage de brebis au lait pasteurisé, herbes de Provence. || Valeur énergétique en Joules :  1128Kj || Valeur énergétique en Kcal : 272KCal || Glucides : 0,8g || Lipides : 22g || Protides :15,5g || A conserver au froid : +2°C +6°C. || 
17,17€ / Kg || 
3,09 € || 
Fromage allégé au lait de brebis || La barquette de 200g || Origine : FRANCE || Fromage de brebis au lait pasteurisé allégé en matière grasse. || Valeur énergétique en Joules :  637 || Valeur énergétique en Kcal : 152,2 || Glucides : 2 || Lipides : 8 || Protides :17 || Conservation entre +2° et + 6°C maximum. || 
17,30€ / Kg || 
3,46 € || 
Fromage au lait de brebis, au basilic || Le pot de 300g || Origine : FRANCE || Un fromage prêt à l'emploi avec ses dés prédécoupés. Un goût Salakis associé au parfum subtil de la marinade = le basilic. || Idéal pour égayer les salades et pratique et convivial pour l'apéritif. || Lait pasteurisé de brebis, NaCl, ferments lactiques, CaCl2, présure animale, ail et fines herbes, huile de colza raffinée aromatisée. Produit allergène : protéine de lait. || A conserver au frais entre +2°C et +6°C. || 
9,97€ / Kg || 
2,99 € || 
Fromage au lait de brebis bio || La tranche de 180g || Origine : FRANCE || Lait pasteurisÍ de brebis (97,9 %)   Sel (1,8%)  Ferments lactiques (Traces <1%)   ) CACL2 (Traces)  PrÍsure animale (Traces) AllergÈnes: ProtÍine de lait || Valeur énergétique en Joules :  1193 || Valeur énergétique en Kcal : 288 || Glucides : 0.8 || Lipides : 25 || Protides :15 || A CONSERVER ENTRE 2¢C et 6¢C || 
16,61€ / Kg || 
2,99 € || 
Fromage au lait de brebis bio || La tranche de 180g || Origine : FRANCE || Lait pasteurisÍ de brebis (97,9 %)   Sel (1,8%)  Ferments lactiques (Traces <1%)   ) CACL2 (Traces)  PrÍsure animale (Traces) AllergÈnes: ProtÍine de lait || Valeur énergétique en Joules :  1193 || Valeur énergétique en Kcal : 288 || Glucides : 0.8 || Lipides : 25 || Protides :15 || A CONSERVER ENTRE 2¢C et 6¢C || 
16,61€ / Kg || 
2,99 € || 
Fromage au lait de brebis en portions || Les 2 portions de 75g, 150g || Origine : FRANCE || Fromage de brebis au lait pasteurisé. || En salade ou en cuisine. || Fromage de brebis au lait pasteurisé. 48% de matière grasse soit 22% de matière grasse dans le produit fini. || Valeur énergétique en Joules :  1114kj || Valeur énergétique en Kcal : 269kcal || Glucides : 0,8g || Lipides : 22,9g || Protides :15g || A conserver au froid entre +2°C et +6°C. || 
14,47€ / Kg || 
2,17 € || 
Grillis, fromage à griller || La boîte de 8, 180g || Origine : FRANCE || Grillis de Salakis s'inspire d'une recette de fromage du bassin méditerranéen, nommé halloumi à Chypre, Hellim en Turquie ou halloum au Liban  Au coeur de la Méditerranée, il est d'usage de griller ce délicieux fromage au goût doux et à la texture unique, doré dessus et moelleux dedans. || 2-3 personnes. Couper le fromage dans la largeur en lamelles de 15 à 20 mm d'épaisseur, ou en cubes de 20 mm pour des brochettes. A la poêle : cuire le fromage dans une poêle antiadhésive chaude à feu moyen sans ajout de matière grasse, 2 à 3 minutesde chaque côté, jusqu'à ce qu'il soit bien doré. Au barbecue : placer les lamelles ou les brochettes sur le pourtour de la grille (légèrement huilée) afin d'éviter une chaleur trop vive, 2 à 3 minutes de chaque côté. Puis les saisir rapidement au centre de la grille pour les dorer. || Fromage de brebis au lait pasteurisé || Valeur énergétique en Joules :  1236kj || Valeur énergétique en Kcal : 298kcal || Glucides : 2,4g || Lipides : 23,4g || Protides :19,4g || A conserver entre +2°C et +6°C. || 
17,22€ / Kg || 
3,10 € || 
Salakis, 100% brebis || La barquette de 200g || Origine : FRANCE || Fromage au lait de brebis pasteurisé. || Lait pasteurisÍ de brebis (97,17%)   NACL (2,83%)  Ferments lactiques (Traces) CACL2 PrÍsure animale (Traces) AllergÈnes: ProtÍine de lait + lactose || Valeur énergétique en Joules :  1126kj || Valeur énergétique en Kcal : 272kcal || Glucides : 0,8g || Lipides : 22,9g || Protides :15,7g || A conserver entre +2°C et +6°C. Conditionné sous atmosphère protectrice. A consommer rapidement après ouverture. || 
12,40€ / Kg || 
2,48 € || 
Salakis, au lait de brebis, à teneur en sel réduite de 25% || La boîte de 180g || Origine : FRANCE || Fromage de brebis allégé en sel au lait pasteurisé. || Fromage de brebis allégé en sel au lait pasteurisé. 48% MG soit 22% MG dans le produit fini. Origine France. || Valeur énergétique en Joules :  1132kj || Valeur énergétique en Kcal : 273kcal || Glucides : 0,8g || Lipides : 23g || Protides :15,7g || A conserver au froid entre +2°C et +6°C. Conditionné sous atmosphère protectrice. || 
15,28€ / Kg || 
2,75 € || 
Dés de Gouda au cumin, fromage au lait pasteurisé || La barquette de 150g || Origine : FRANCE || Versez les dés directement dans vos salades ou présentez-les tels quels au moment de l'apéritif. || Lait de vache pasteurisé, sel, ferments lactiques- cumin 1%- coagulant- colorant: rocou- conservateur: nitrate de sodium. || Valeur énergétique en Joules :  1535kJ || Valeur énergétique en Kcal : 370kcal || Glucides : 2g || Lipides : 30g || Protides :23g || A conserver entre +2°C et +8°C. A consommer rapidement après ouverture. || 
13,13€ / Kg || 
1,97 € || 
Duo de fromage de Hollande || La barquette de 150g || Origine : FRANCE || Mimolette (50%) : lait de vache pasteurisé - sel - ferments lactiques - coagulant - colorant : rocou.                                                         Gouda (50%) : lait de vache pasteurisé - sel - ferments lactiques - coagulant - colorant : béta-carotène. || Valeur énergétique en Joules :  1441Kj || Valeur énergétique en Kcal : 347Kcal || Glucides : 2g || Lipides : 27g || Protides :24 || A conserver entre +2°C et +8°C || 
13,27€ / Kg || 
1,99 € || 
Edam || Les 8 tranches, 200g || Origine : PAYS-BAS || Lait de vache pasteurisé, sel, ferments lactiques, coagulant, conservateur : E251, colorant : E160a. || Valeur énergétique en Joules :  1313kJ || Valeur énergétique en Kcal : 314kcal || Glucides : 0,1g || Lipides : 24g || Protides :25g || A conserver entre 0°C et +8°C. || 
10,85€ / Kg || 
2,17 € || 
Fromage blanc fondu, à la crème || Les 12 portions, 240g || Origine : FRANCE || Fromage blanc 50% (crème 50%, lait 49%, ferments lactiques), lait écrémé reconstitué, beurre, eau, protéines de lait, sels de fonte : E452, E339, E331, sel. || Valeur énergétique en Joules :  1289Kj || Valeur énergétique en Kcal : 312Kcal || Glucides : 2g || Lipides : 30g || Protides :8,5g || A conserver entre +4°C et +12°C. || 
8,71€ / Kg || 
2,09 € || 
Fromages fondus en portions, riche en calcium || Les 24 portions, soit 400g || Origine : FRANCE || Valeur énergétique en Joules :  994kj || Valeur énergétique en Kcal : 240kcal || Glucides : 7g || Lipides : 19,5g || Protides :9g || 
6,33€ / Kg || 
2,53 € || 
Gouda || Les 8 tranches, 200g || Origine : PAYS-BAS || Lait de vache pasteurisé, sel, ferments lactiques, coagulant, conservateur : E251, colorant : E160a. || Valeur énergétique en Joules :  1501Kj || Valeur énergétique en Kcal : 359Kcal || Glucides : 0,1g || Lipides : 30g || Protides :23g || A conserver entre 0°C et +8°C. || 
10,65€ / Kg || 
2,13 € || 
Ficello, spaghetti, le fromage à déméler nature || Le sachet de 68g || Origine : FRANCE || Ficello Spaghetti est une nouvelle façon de manger du fromage qui concilie le plaisir des enfants et l'intérêt nutritionnel. || Convient aux végétariens. A emporter ou à partager. Une surveillance des enfants est recommandée lors de la consommation des produits. || Lait pasteurisé, sel, coagulant, ferments. Sans conservateur. Sans colorant. Sans arôme. 24% MG. || Valeur énergétique en Joules :  1366kj || Valeur énergétique en Kcal : 328kcal || Glucides : 0,1g || Lipides : 24g || Protides :28g || A conserver au froid entre +4°C et +8°C. Conditionné sous atmosphère protectrice. A consommer dans les 5 jours après ouverture du sachet. || 
28,82€ / Kg || 
1,96 € || 
Fromage fondu à l'ail et fines herbes, bleu et noix et tomates à la provençale || Les 48 cubes, 250g || Origine : FRANCE || Etonnez vos invités avec des associations de saveurs pleines de finesse ! || Eau, fromages (dont, selon la variété, bleus : 13%, fromage de chèvre en poudre : 0.5%), beurre, lait écrémé en poudre, protéines de lait, pour la variété Tomates à la Provençale : tomate concentrée 3%, sels de fonte : polyphosphates, citrates, di-etphosphates de sodium, arômes (dont selon la variété, arôme ail et fines herbes (ail et fines herbes : 0.37%), arôme noix, arôme goût chèvre, arômes naturels de romarin et de basilic, dérivés de blé, de noix et de noisettes), lactosérum en poudre, sel, légumes déshydratés, conservateurs : sorbate de potassium, nisine, crème fraîche en poudre, gélifiants: carraghénanes, farine de graines de caroube. Arachide. || 
15,96€ / Kg || 
3,99 € || 
Fromage fondu au bleu, jambon et tomate || Les 24 cubes, 125g || Origine : FRANCE || Une saveur ! Une couleur. Pour tous les apéritifs ! || Lait écrémé réhydraté, formages (pour la variété au bleu : 13% de bleu), beurre, protéines de lait, sels de fonte : polyphosphates, citrates, diphosphates de sodium, acide citrique et phosphates de sodium composition  tomate 6% pour la variété à la tomate (concentré de tomate, eau, sucre, sel, oignon, ail, arôme), sel, arômes, exhausteur de goût : glutamate de sodium, arôme de fumée. || Nous vous conseillons de placer ce produit au réfrigérateur. || 
16,56€ / Kg || 
2,07 € || 
Fromage fondu au paprika, jambon, olives et bleu || Les 48 cubes, 250g || Origine : FRANCE || Pour tous les apéritifs ! C'est tous les jours ! Pour tous les goûts ! || Lait écrémé réhydraté, fromages (pour la variété au bleu : 13% de bleus), beurre, protéines de lait, sels de fonte : polyphosphates, citrates, diphosphates de sodium, acide citrique, phosphates de sodium, pour la variété olive : olives 7%, pour la variété paprika : paprika 0,8%, arômes (exhausteur de goût : glutamate de sodium, colorant : extrait de paprika), sel. || Nous vous conseillons de placer ce produit au réfrigérateur. || 
15,72€ / Kg || 
3,93 € || 
Fromage fondu nature || Les 24 cubes, 125g || Origine : FRANCE || Pour tous les apéritifs ! C'est tous les jours ! Pour tous les goûts ! || Lait écrémé réhydraté, formages, beurre, protéines de lait, sels de fonte : polyphosphates, citrates de sodium, diphosphates, phosphates, acide citrique, sel. || Nous vous conseillons de placer ce produit au réfrigérateur. || 
15,60€ / Kg || 
1,95 € || 
Fromage fondu nature et saveur fraîcheur || Les 48 cubes, 250g || Origine : FRANCE || 
16,44€ / Kg || 
4,11 € || 
Fromage au chèvre || Le filet de 6 - 120g || Origine : FRANCE || Fromage au lait pasteurisé (dont fromage frais de chèvre 10%), eau, arôme naturel, conservateur : E202. || Conservation entre +4° et + 8°C maximum. || 
22,58€ / Kg || 
2,71 € || 
Fromage au lait pasteurisé || Le paquet de 200g || Origine : FRANCE || Fromage au lait pasteurisé. || Valeur énergétique en Joules :  1391Kj || Valeur énergétique en Kcal : 332Kcal || Glucides : 1g || Lipides : 27,5g || Protides :21g || Tenir au froid entre +4°C +8°C. || 
8,40€ / Kg || 
1,68 € || 
Fromage au lait pasteurisé, Caractère || Les 6 portions, 120g || Origine : FRANCE || 
23,92€ / Kg || 
2,87 € || 
Fromages au lait pasteurisé || Les 12 portions, 264g || Origine : FRANCE || Lait (98%), sel, ferments lactiques, enzyme coagulante microbienne, || Valeur énergétique en Joules :  11201120 || Valeur énergétique en Kcal : 293293 || Glucides : 0,10,1 || Lipides : 2323 || Protides :21,521,5 || Conservation entre +4° et + 8°C maximum. || 
15,11€ / Kg || 
3,99 € || 
Mini fromages au lait pasteurisé || Les 6 portions, 132g || Origine : FRANCE || 23,5% de matière grasse sur poids total. Lait (98%), sel (1,8%), ferments lactiques, coagulant. || Pour mieux apprécier ce fromage, nous vous conseillons de le placer au réfrigérateur. || 
17,05€ / Kg || 
2,25 € || 
Vache qui rit 16p 280g || La boite de 16 portions,280 gr || Origine : FRANCE || Tendrement bon. || Lait écrémé réhydraté, fromages, beurre, sels de fonte : polyphosphates de sodium, phosphates de calcium, acide citrique, diphosphates de sodium, protéines || Valeur énergétique en Joules :  990 || Valeur énergétique en Kcal : 239 || Glucides : 6,5 || Lipides : 18,5 || Protides :11,5 || 
8,79€ / Kg || 
2,46 € || 
Aide culinaire à l'ail et aux fines herbes || Le pot de 25cl || Origine : FRANCE || Boursin Cuisine est une aide culinaire à base de crème et d'aromates qui donnera de l'onctuosité et un goût naturellement délicieux à tous vos plats. || Boursin Cuisine peut être utilisé de multiples façons : comme une sauce pour vos viandes, poissons et pâtes, comme ingrédient crémeux dans vos recettes, ou même froide comme apéritif . || Crème (58%), lait entier, ferments lactiques, ail et fines herbes (1.8%), sel (1,2%), lait écrémé en poudre, épaississants : carraghénanes et farine de graines de caroube, poivre, conservateur : sorbate de potassium. Traces de lait de brebis. || A conserver entre +2 et +6°C. A consommer dans les 10 jours après ouverture. || 
5,65€ / Kg || ##
Aide culinaire à l'ail et aux fines herbes || Le pot de 25cl || Origine : FRANCE || Boursin Cuisine est une aide culinaire à base de crème et d'aromates qui donnera de l'onctuosité et un goût naturellement délicieux à tous vos plats. || Boursin Cuisine peut être utilisé de multiples façons : comme une sauce pour vos viandes, poissons et pâtes, comme ingrédient crémeux dans vos recettes, ou même froide comme apéritif . || Crème (58%), lait entier, ferments lactiques, ail et fines herbes (1.8%), sel (1,2%), lait écrémé en poudre, épaississants : carraghénanes et farine de graines de caroube, poivre, conservateur : sorbate de potassium. Traces de lait de brebis. || A conserver entre +2 et +6°C. A consommer dans les 10 jours après ouverture. || 
5,65€ / Kg || ##
Aide culinaire à l'ail et aux fines herbes || Le pot de 25cl || Origine : FRANCE || Boursin Cuisine est une aide culinaire à base de crème et d'aromates qui donnera de l'onctuosité et un goût naturellement délicieux à tous vos plats. || Boursin Cuisine peut être utilisé de multiples façons : comme une sauce pour vos viandes, poissons et pâtes, comme ingrédient crémeux dans vos recettes, ou même froide comme apéritif . || Crème (58%), lait entier, ferments lactiques, ail et fines herbes (1.8%), sel (1,2%), lait écrémé en poudre, épaississants : carraghénanes et farine de graines de caroube, poivre, conservateur : sorbate de potassium. Traces de lait de brebis. || A conserver entre +2 et +6°C. A consommer dans les 10 jours après ouverture. || 
7,55€ / Kg || 
1,85 € || 
Bouchées fromagères, figues et 3 noix || Le pot de 120g || Origine : FRANCE || Valeur énergétique en Joules :  1730kj || Valeur énergétique en Kcal : 419kcal || Glucides : 9g || Lipides : 39g || Protides :8g || 
19,92€ / Kg || 
2,39 € || 
Bouchées fromagères ail et fines herbes || Le pot de 120g || Origine : FRANCE || 
19,92€ / Kg || 
2,39 € || 
Bouchées fromagères à la tomate et basilic || Le pot de 120g || Origine : FRANCE || Lait et crème pasteurisés, tomate (3%), ferments lactiques, sel (1,1%), stabilisant : E1442, basilic (0,4g), ciboulette, conservateur : sorbate de potassium. Traces : noix, noisettes, noix de Pécan, noix de cajou et lait de chèvre. || Tenir au froid entre +2 et +6°C. Après ouverture, à consommer dans les 5 jours. || 
20,42€ / Kg || 
2,45 € || 
Bouchées fromagères échalote et ciboulette || Le pot de 120g || Origine : FRANCE || 
19,92€ / Kg || 
2,39 € || 
Bouchées fromagères noix et noisettes || Le pot de 120g || Origine : FRANCE || Fromage au lait pasteurisé aux noisettes et aux 3 noix. || Lait et crème pasteurisés, noisettes (4%), noix de pécan (3,2%), ferments lactiques, sel (1,1%), stabilisant : E1442, noix (0,4%), noix de cajou (0,4%), poivre, conservateur : sorbate de potassium. || Valeur énergétique en Joules :  1780kj || Valeur énergétique en Kcal : 432kcal || Glucides : 3g || Lipides : 43g || Protides :8g || Tenir au froid entre +2°C et +6°C. Après ouverture, à consommer dans les 5 jours. Conditionné sous atmosphère protectrice. Produit décongelé, ne pas recongeler. || 
19,92€ / Kg || 
2,39 € || 
Fromage de chèvre, format économique || les 9 mini-pyramides de 18g || Origine : FRANCE || Goût si pur, si fondant || Fromage de chèvre au lait pasteurisé, sel fin (1,2%). || A conserver entre +2°C et +6°C. || 
18,83€ / Kg || 
3,05 € || 
Carr{ frais, fromage frais demi-sel au lait pasteurise || Les 8 portions, 200g || Origine : FRANCE || Carré Frais, c'est un authentique fromage frais demi-sel préparé avec du lait, de la crème, une pointe de sel & ferments lactiques, tout simplement. Carré frais d'Elle & Vire, l'envie du vrai. || Lait écrémé (90%), crème (8%), sel, ferments lactiques. Buvard traité au sorbate de potassium. || Valeur énergétique en Joules :  894Kj || Valeur énergétique en Kcal : 215Kcal || Glucides : 2,5g || Lipides : 17,5g || Protides :12g || Conserver entre 4°C et 6°C max. || 
10,65€ / Kg || 
2,13 € || 
Carré frais, fromage frais demi-sel au lait pasteurisé || Les 2 portions, 150g || Origine : FRANCE || Carré Frais, c'est un authentique fromage frais demi-sel préparé avec du lait, de la crème, une pointe de sel et des ferments lactiques, tout simplement. Carré Frais d'Elle & Vire, l'envie du vrai. || Lait écrémé, crème, sel, ferments lactiques. Sans colorant ni conservateur. || Valeur énergétique en Joules :  894 || Valeur énergétique en Kcal : 215 || Glucides : 2,5g || Lipides : 17,5g || Protides :12g || Conserver entre +4°C et +6°C max. || 
11,60€ / Kg || 
1,74 € || 
Entremont comte tranches || Le paquet de 120g || Origine : FRANCE || Fromage à pâte pressée cuite, 34% de MG dans le produit fini. || A conserver à +8°C maxi. Conditionné sous atmosphère protectrice. || 
19,33€ / Kg || 
2,32 € || 
Bâtonnets de fromage à effilocher, goût nature || Les 4 bâtonnets, 84g || Origine : IRLANDE || Ficello est un vrai fromage naturel : c'est la façon originale dont on le fait qui permet d'obtenir des fils et le rend si rigolo. || Lait pasteurisé, sel, présure, ferments. Sans conservateur. Sans colorant. Sans gluten. Convient aux végétariens. || Valeur énergétique en Joules :  1218 || Valeur énergétique en Kcal : 292 || Glucides : 0,1g || Lipides : 20g || Protides :28g || A conserver au frais entre +4°C et +8°C. Se conserve jusqu'à 24 heures en dehors du réfrigérateur. || 
23,33€ / Kg || 
1,96 € || 
Ficello nature, le bâtonnet de fromage à effilocher || Le sachet de 8 pièces, 168g || Origine : IRLANDE || Valeur énergétique en Joules :  1290kj || Valeur énergétique en Kcal : 310kcal || Glucides : 0,1g || Lipides : 22g || Protides :28g || 
9,52€ / Kg || ##
Ficello nature, le bâtonnet de fromage à effilocher || Le sachet de 8 pièces, 168g || Origine : IRLANDE || Valeur énergétique en Joules :  1290kj || Valeur énergétique en Kcal : 310kcal || Glucides : 0,1g || Lipides : 22g || Protides :28g || 
9,52€ / Kg || ##
Ficello nature, le bâtonnet de fromage à effilocher || Le sachet de 8 pièces, 168g || Origine : IRLANDE || Valeur énergétique en Joules :  1290kj || Valeur énergétique en Kcal : 310kcal || Glucides : 0,1g || Lipides : 22g || Protides :28g || 
19,05€ / Kg || 
3,20 € || 
Fromage blanc fondu à la crème de lait || Les 12 portions, 240g || Origine : FRANCE || Du bon lait et de la crème de lait pour se régaler, c'est le secret du goût unique de Kiri. Si gourmand que croquer dans une tartine de Kiri donne goût aux petits plaisirs de la vie.Kiri, le fromage des gourmands de la vie ! || Fromage blanc (54%, dont lait 40%), crÈme (30%), protéines de lait, sels de fonte : E341, E452, E339, E331, E330, sel, concentré des minéraux du lait, || Valeur énergétique en Joules :  12801280 || Valeur énergétique en Kcal : 310310 || Glucides : 22 || Lipides : 29,529,5 || Protides :99 || Pour mieux apprécier ce produit, nous vous conseillons de le placer au réfrigérateur. || 
10,46€ / Kg || 
2,51 € || 
Fromage blanc fondu à la crème de lait || Les 24 portions 432g || Origine : FRANCE || Valeur énergétique en Joules :  1280kj || Valeur énergétique en Kcal : 310kcal || Glucides : 2g || Lipides : 29,5g || Protides :9g || 
10,39€ / Kg || 
4,49 € || 
Fromage blanc fondu à la crème de lait || Les 8 portions, 160g || Origine : FRANCE || Du bon lait et de la crème de lait pour se régaler, c'est le secret du goût unique de Kiri. Si gourmand que croquer dans une tartine de Kiri donne goût aux petits plaisirs de la vie.Kiri, le fromage des gourmands de la vie ! || Fromage blanc (54%, dont lait 40%), crème (30%), protéines de lait, sels de fonte : phosphates de calcium, polyphosphates, phosphates et citrate de sodium, acide citrique, sel, concentré des minéraux du lait. || Valeur énergétique en Joules :  1360Kj || Valeur énergétique en Kcal : 325Kcal || Glucides : 2g || Lipides : 32g || Protides :8,5g || Pour mieux apprécier ce produit, nous vous conseillons de le placer au réfrigérateur. || 
11,88€ / Kg || 
1,90 € || 
Kiri goûter biscuit || La boite de 4 barquettes de 140g || Origine : FRANCE || Valeur énergétique en Joules :  1240kj || Valeur énergétique en Kcal : 299kcal || Glucides : 20g || Lipides : 21g || Protides :7g || 
16,86€ / Kg || 
2,36 € || 
Fromage fondu || Les 24 portions, 400g || Origine : FRANCE || Tendrement bon. || Lait écrémé réhydraté, fromages, beurre, protéines de lait, sels de fonte : polyphosphates, phosphates de calcium, acide citrique, diphosphates, sel. 19% de mat gr sur poids total. || Valeur énergétique en Joules :  1040Kj || Valeur énergétique en Kcal : 248Kcal || Glucides : 6,5g || Lipides : 19g || Protides :11g || 
7,50€ / Kg || 
3,00 € || 
Fromage fondu || Les 8 portions, 170g || Origine : FRANCE || Lait écrémé, fromages, beurre, protéines de lait, sels de fonte : polyphosphate, citrate, diphosphate et phosphate de sodium, sel. || Valeur énergétique en Joules :  1040 || Valeur énergétique en Kcal : 250 || Glucides : 6,5g || Lipides : 19g || Protides :11g || 
10,35€ / Kg || 
1,76 € || 
Fromage fondu, pour croque monsieur || Les 20 tranches, 340g || Origine : FRANCE || Fromages, eau, beurre, lait écrémé en poudre, protéines de lait, sels de fonte : polyphosphates, citrate et phosphates de sodium, sel. || Valeur énergétique en Joules :  1070Kj || Valeur énergétique en Kcal : 255Kcal || Glucides : 5,5g || Lipides : 20g || Protides :14g || 
7,00€ / Kg || 
2,38 € || 
Fromage fondu allégé || Les 16 portions, 280g || Origine : FRANCE || Légère : 7,5% de MG. Source naturelle de calcium. || Lait écrémé réhydraté, fromages, protéines de lait, sels de fonte : polyphosphates, citrates, diphosphates, acide citrique et phosphates de sodium, sel, beurre. 7,5% de MG. || Valeur énergétique en Joules :  599kj || Valeur énergétique en Kcal : 143KCal || Glucides : 6,5g || Lipides : 7g || Protides :13,5g || 
10,36€ / Kg || 
2,90 € || 
Fromage à tartiner, à l'ail et fines herbes || La boîte de 125g || Origine : FRANCE || Lait écrémé pasteurisé, crème pasteurisée, sel, ail et fines herbes 1.4%, babeurre déshydraté, protéines laitières, poivre, arôme naturel, ferments lactiques.  Fabriqué sur une ligne utilisant des noix. || Valeur énergétique en Joules :  1078Kj || Valeur énergétique en Kcal : 257Kcal || Glucides : 3,5g || Lipides : 25g || Protides :5,5g || A conserver entre +2°C et +6°C. || 
10,96€ / Kg || 
1,37 € || 
Fromage à tartiner nature || La barquette de 150g || Origine : FRANCE || Lait écrémé, babeurre et crème pasteurisés, sel, babeurre déshydraté, protéines laitières, ferments lactiques. || Valeur énergétique en Joules :  1033kj || Valeur énergétique en Kcal : 250kcal || Glucides : 3g || Lipides : 24g || Protides :5,5g || A conserver entre +2°C et +6°C. A consommer rapidement après ouverture. || 
10,20€ / Kg || 
1,53 € || 
Brousse au lait frais pasteurisé || La barquette de 400g || Origine : FRANCE || La Brousse est un fromage de lactosérum fabriqué selon la tradition provençale. Elle se distingue par sa saveur si particulière. || En entrée, en plat, ou en dessert, elle vous surprendra dans de multiples recettes salées ou sucrées. || Lait frais de vache pasteurisé, petit-lait, sel, ferment, acidifiant : E260.14% MG/produit fini. || Valeur énergétique en Joules :  890 || Valeur énergétique en Kcal : 213 || Glucides : 4g || Lipides : 17g || Protides :11g || A conserver au froid entre 2 et 4°C. Pour apprécier toute sa fraîcheur, consommer rapidement après ouverture. || 
7,28€ / Kg || 
2,91 € || 
Fromage à l'ail et fines herbes || La boîte de 150g || Origine : FRANCE || Sortir du réfrigérateur 1 heure avant de consommer. || lait et crÈme pasteurisés, ferments lactiques, ail et fines herbes (1,6%), sel, poivre. Peut contenir des traces de fruits à coque. || Valeur énergétique en Joules :  1670 || Valeur énergétique en Kcal : 404 || Glucides : 3 || Lipides : 40 || Protides :8 || Conserver entre : +2°C/+6°C. || 
12,13€ / Kg || 
1,82 € || 
Fromage à l'ail et fines herbes || Les 10 portions, 160g || Origine : FRANCE || Pour mieux apprécier ce produit, le sortir du réfrigérateur une heure avant de le consommer. || Lait et crème pasteurisés, ferments lactiques, ail et fines herbes (1,6%), sel (1,3%), poivre. Traces de lait de chèvre. || Valeur énergétique en Joules :  1670 || Valeur énergétique en Kcal : 399 || Glucides : 2 || Lipides : 41 || Protides :7 || Conserver entre +2°C / +6°C. || 
12,81€ / Kg || 
2,05 € || 
Fromage à l'ail et fines herbes || Les 6 portions, 96g || Origine : FRANCE || Lait et crème pasteurisés, ail et fines herbes (1.6%), sel 1,3%, poivre. Traces de lait de chèvre. Sans conservateur ajouté. || Valeur énergétique en Joules :  1670 || Valeur énergétique en Kcal : 399 || Glucides : 2 || Lipides : 41 || Protides :7 || Conservation entre +2° et + 6°C maximum. || 
18,23€ / Kg || 
1,75 € || 
Fromage au lait pasteurisé au poivre || La boîte de 150g || Origine : FRANCE || Lait et crème pasteurisés, ferments lactiques, poivre 1,5%, sel 1,3% consevateur : sorbate de potassium. Traces de lait de chèvre. || Valeur énergétique en Joules :  1700kj || Valeur énergétique en Kcal : 413kcal || Glucides : 3,5g || Lipides : 41g || Protides :7,5g || 
14,33€ / Kg || 
2,15 € || 
Fromage aux figues et noix || La boîte de 150g || Origine : FRANCE || Sortir du réfrigérateur une heure avant de consommer. || lait et crÈme pasteurisés, figues sÈches (3%), noix de Pécan (3%), raisins secs, ferments lactiques, dextrose, noix de cajou (0,3%), noix (0,3%), sel, conservateur : sorbate de potassium. || Valeur énergétique en Joules :  1710 || Valeur énergétique en Kcal : 413 || Glucides : 7,5 || Lipides : 39 || Protides :8 || Peut contenir des traces de fruits à coque. || 
12,20€ / Kg || 
1,83 € || 
Philadelphia light nature, @ tartiner et @ cuisiner || La barquette de 150g || Origine : FRANCE || A tartiner et à cuisiner. || Lait entier, préparation de protéines de lait, crème, sel, stabilisants (farine de graines de caroube, carraghénanes), acidifiant (acide citrique). Contient lait. 11,5% MG. || Valeur énergétique en Joules :  632kj || Valeur énergétique en Kcal : 152kcal || Glucides : 5,1g || Lipides : 11,0g || Protides :7,4g || A conserver entre +2°C et +6°C. || 
14,33€ / Kg || 
2,15 € || 
Philadelphia nature || La barquette de 150g || Origine : FRANCE || A tartiner et à cuisiner. || Lait entier pasteurisé (63%), crème pasteurisée, protéines de lait pasteurisées, sel. Contient lait. || Valeur énergétique en Joules :  1100kj || Valeur énergétique en Kcal : 265kcal || Glucides : 2,7g || Lipides : 25,5g || Protides :6,7g || A conserver entre +2°C et +6°C. || 
12,93€ / Kg || 
1,94 € || 
Fromage fouetté echalote et ciboulette || Le pot de 150g || Origine : FRANCE || Fromage frais, échalotes de Bretagne (3%), ciboulette (3%), sel, protéines laitières, arôme naturel (moutarde). Traces éventuelles de noix. 23% de matière grasse/produit fini. || Valeur énergétique en Joules :  1004kj || Valeur énergétique en Kcal : 243kcal || Glucides : 3,5g || Lipides : 23g || Protides :5,5g || A conserver entre + 2°C et + 6°C et à consommer dans la semaine qui suit l'ouverture. || 
12,53€ / Kg || 
1,88 € || 
Fromage fouetté nature, au sel de Guérande || Le pot de 150g || Origine : FRANCE || Sur la route de Plancoët à Créhen, la laiterie de l'Arguenon réalise un délicieux petit fromage fouetté. Il est préparé avec beaucoup de patience, de tendresse, du bon lait et de délicieux ingrédients. Les Recettes de Madame Loïk ont ce bon goût, cette légèreté et cette fraîcheur que vous apprécierez à tout moment. || Fromage frais, sel de Guérande (1.1%), protéines laitières. Ingrédients laitiers issus de lait pasteurisé. Traces éventuelles de noix. 25% de mat. gr./produit fini. || Valeur énergétique en Joules :  1070Kj || Valeur énergétique en Kcal : 260Kc || Glucides : 3g || Lipides : 25g || Protides :5.5g || A conserver entre +2°C et +6°C et à consommer dans la semaine qui suit l'ouverture. || 
12,87€ / Kg || 
1,93 € || 
Saont Môret nature || La barquette de 320g || Origine : FRANCE || Fromage au lait pasteurise, proteÕnes de Lait, sel fin || Valeur énergétique en Joules :  859kj || Valeur énergétique en Kcal : 207kcal || Glucides : 3,5g || Lipides : 17,8g || Protides :8,3g || 
11,03€ / Kg || 
3,53 € || 
Spécialité fromagère nature || La barquette de 150g || Origine : FRANCE || Le goût primeur St Môret, c'est une sensation unique de fraîcheur et de fondant.C'est le plaisir simple et naturel d'une spécialité fromagère préparée tout simplement avec du lait, de la crème, et une pointe de sel. || Fromage, protéines du lait, sel fin. Fabriqué dans un atelier utilisant des fruits à coque et du lait de chèvre. || Valeur énergétique en Joules :  840 || Valeur énergétique en Kcal : 200,7 || Glucides : 3 || Lipides : 17,5 || Protides :8,3 || Conserver entre : +2°C à +6°C. || 
15,73€ / Kg || 
2,36 € || 
Spécialité fromagère nature || La barquette de 225g || Origine : FRANCE || Fromage au lait pasteurise, proteÕnes de Lait, sel fin || Valeur énergétique en Joules :  840 || Valeur énergétique en Kcal : 203 || Glucides : 3 || Lipides : 17.5 || Protides :8.3 || 
14,40€ / Kg || 
3,24 € || 
Création de saison cranberry poivre || boite de150g || Origine : FRANCE || Tartare vous propose une nouvelle création dans une association sucré-salé unique : le goût fruité et acidulé des cranberries allié à l'intensité du poivre. Des ingrédients délicatement mélangés à froid avec le fromage fouetté, pour en préserver toutes les qualités. || FROMAGE AU LAIT PASTEURISE, AU CRANBERRY ET AUX POIVRES || Valeur énergétique en Joules :  1237 || Valeur énergétique en Kcal : 299 || Glucides : 10.7 || Lipides : 26 || Protides :5.5 || 
13,40€ / Kg || 
2,01 € || 
Fromage à tartiner, ail/fines herbes et poivre/fines herbes || Le coffret de 8 portions, 133g || Origine : FRANCE || Une recette gourmande unique qui préserve le goût intense et naturel d'ingrédients frais. Des ingrédients délicatement mélangés à froid avec le fromage fouetté pour préserver au mieux toutes leurs qualités. || FROMAGE AIL &Fines Herbes et Poivres AU LAIT PASTEURISE || Valeur énergétique en Joules :  1399 || Valeur énergétique en Kcal : 339 || Glucides : 3.2 || Lipides : 32.2 || Protides :9 || 
18,20€ / Kg || 
2,42 € || 
Fromage à tartiner, à l'ail et fines herbes || La boîte de 150g || Origine : FRANCE || Une recette gourmande unique qui restitue le goût intense et naturel d'herbes fraîches.Des ingrédients délicatement mélangés à froid avec le fromage fouetté pour préserver au mieux toute leur fraîcheur. || Lait et crème pasteurisés, sel, ail et fines herbes, poivre. Fabriqué dans un atelier utilisant des fruits à coque et du lait de chèvre. Sans arôme ajouté ni conservateur. Mat. Grasse/Poids Total : 34,5%. || Valeur énergétique en Joules :  1455 || Valeur énergétique en Kcal : 347,6 || Glucides : 3,5 || Lipides : 34,5 || A conserver entre +2°C et +6°C. || 
11,53€ / Kg || 
1,73 € || 
Fromage à tartiner, à l'ail et fines herbes || Les 12 portions, 180g || Origine : FRANCE || Une recette gourmande unique qui restitue le goût intense et naturel d'herbes fraîches. Des ingrédients délicatement mélangés à froid avec le fromage fouetté pour préserver au mieux toutes leurs qualités. || Spécialité fromagère au lait et crème pasteuriséé, ail et fines herbes, sel || Valeur énergétique en Joules :  1412 || Valeur énergétique en Kcal : 342 || Glucides : 3.5 || Lipides : 32.2 || Protides :9.5 || A conserver au frais entre +2° et +6° C. || 
13,11€ / Kg || 
2,36 € || 
Tartare ail & fines herbes || Le pot de 250g || Origine : FRANCE || Lait et crème pasteurisés, sel, ail et fines herbes, poivre. Fabriqué dans un atelier utilisant des fruits à coques et du lait de chèvre. 34,5% MG/poids total. || A conserver entre +2°C et +6°C. Conditionné sous atmosphère protectrice. || 
11,64€ / Kg || 
2,91 € || 
Tartare ciboulette echalote || Le pot de 250g || Origine : FRANCE || Fromage à l'échalote et ciboulette au lait pasteurisé. || Spécialité fromagère au lait et crème pasteurisée, échalote et ciboulette, sel || Valeur énergétique en Joules :  1447kj || Valeur énergétique en Kcal : 351kcal || Glucides : 3g || Lipides : 34,5g || Protides :7g || A conserver entre +2°C et +6°C. Conditionné sous atmosphère protectrice. || 
12,32€ / Kg || 
3,08 € || 
Mini Babybel light, 12% de matière grasse || Le filet de 6 portions, 120g || Origine : FRANCE || Fromages allégés : 50% de matières grasses de moins que Mini Babybel rouge. || Lait pasteurisé (98%), sel (1,9%), ferments lactiques, coagulant. 12% de Mat. Gr. || Valeur énergétique en Joules :  870kj || Valeur énergétique en Kcal : 208kcal || Glucides : <0,2g || Lipides : 12g || Protides :25g || Tenir au froid entre +4°C et +8°C. || 
23,75€ / Kg || 
2,85 € || 
Bresse bleu naturellement leger || La pièce de 200g || Origine : FRANCE || Lait demi-ÍcrÍmÍ, sel, ferments AllergÈne : lait de vache || Valeur énergétique en Joules :  946kj || Valeur énergétique en Kcal : 227kcal || Glucides : 1g || Lipides : 15g || Protides :22g || entre 4¢ C et 6¢ C || 
14,70€ / Kg || 
2,94 € || 
Carré frais, fromage frais, 0% de mat. Gr. || Les 8 portions, 200g || Origine : FRANCE || Carré 0% Nature est une fromage frais sans matière grasse et faible en cholestérol, naturellement riche en protéines et source de calcium. Carré 0% Nature d'Elle & Vire, l'envie de vrai. || Lait écrémé (98%), sel, ferments lactiques. Buvard traité au sorbate de potassium. || Valeur énergétique en Joules :  375Kj || Valeur énergétique en Kcal : 89Kcal || Glucides : 3g || Lipides : 0,4g || Protides :18,2g || Conservation entre +4° et + 6°C maximum. || 
12,15€ / Kg || 
2,43 € || 
Carré frais, fromage frais à l'ail et fines herbes || Les 8 portions, 200g || Origine : FRANCE || Carré 0% Ail & Fines Herbes est un fromage frais sans matière grasse et faible en cholestérol, naturellement riche en protéines et source de calcium.Carré 0% Ail & Fines Herbes d'Elle & Vire, l'envie du vrai. || Lait écrémé (98%), sel, ferments lactiques, ciboulette, poivre, persil, ail, arôme naturel. 0% mg. Sans colorants ni conservateurs. || Conserver entre 4°C et 6°C max. || 
12,15€ / Kg || 
2,43 € || 
Carré frais poivre & baies roses, 0% de matière grasse || La barquette de 8 portions de 25g, soit 200g || Origine : FRANCE || Carré Frais 0% Poivre & Baies roses est un fromage frais sans matière grasse, naturellement riche en protéines et source de calcium. || Lait écrémé (98%), sel, ferments lactiques, baies roses, poivre noir, poivre blanc, poivre vert, piment. || Valeur énergétique en Joules :  330kj || Valeur énergétique en Kcal : 80kcal || Glucides : 3g || Lipides : 0,2g || Protides :16g || A conserver entre +4°C et +6°C max. || 
12,15€ / Kg || 
2,43 € || 
Gruyère, fromage allégé || Le paquet de 250g || Origine : FRANCE || Seule la matière grasse est réduite dans Entremont Léger. Soigneusement élaboré par nos fromagers et riche en calcium, le Léger ne contient que 14% de matière grasse.Laissez-vous tenter par son goût fruité ainsi que son moelleux incomparable. 2 foismoins de matière grasse qu'un emmental & riche en calcium. || Conserver à +8°C maxi. Conditionné sous atmosphère protectrice. || 
15,52€ / Kg || 
3,88 € || 
Fromage fondu allégé || Les 16 portions, 280g || Origine : FRANCE || Légère : 7,5% de MG. Source naturelle de calcium. || Lait écrémé réhydraté, fromages, protéines de lait, sels de fonte : polyphosphates, citrates, diphosphates, acide citrique et phosphates de sodium, sel, beurre. 7,5% de MG. || Valeur énergétique en Joules :  599kj || Valeur énergétique en Kcal : 143KCal || Glucides : 6,5g || Lipides : 7g || Protides :13,5g || 
10,36€ / Kg || 
2,90 € || 
Fromage au lait pasteurisé || Les 8 tranches, 200g || Origine : PAYS-BAS || Au cours de l'affinage, Leerdammer développe son goût doux et fruité, ainsi que sa texture fondante. || Lait, sel (1,6%), ferments lactiques, enzyme coagulante microbienne. || Valeur énergétique en Joules :  1149 || Valeur énergétique en Kcal : 274,5 || Glucides : 0,1 || Lipides : 16,5 || Protides :31 || Conserver entre +4°C et +8°C maximum. Conditionné sous atmosphère protectrice. || 
18,15€ / Kg || 
3,63 € || 
Fromage de chèvre, 29% de mat. Gr. || La bûche de 180g || Origine : FRANCE || Soignon met en oeuvre plus d'un litre de lait pour préparer sa bûche allégée.Avec moins de matière grasse, la bûche allégée Soignon vous apporte une teneur supérieure à une bûche classique en protéines, calcium, phosphore, ainsi que des vitamines A et B2. || Fromage au lait de chèvre pasteurisé allégé en matière grasse. || Valeur énergétique en Joules :  1010 || Valeur énergétique en Kcal : 241,3 || Glucides : 2,6 || Lipides : 13,7 || Protides :27 || Conservation entre +2° et + 6°C. || 
14,06€ / Kg || 
2,53 € || 
Spécialité fromagère allégée, 28% de mat. Gr. || Les 9 portions, 180g || Origine : FRANCE || Fromage, protéines du lait, inuline (fibre alimentaire), sel. Fabriqué dans un atelier utilisant : des fruits à coque et du lait de chèvre. || A conserver entre +2°C et +6°C. || 
15,94€ / Kg || 
2,87 € || 
Bleu au lait pasteurisé || La boite de 250g || Origine : FRANCE || Lait de vache pasteurisé 92%, crème pasteurisée 4,5%, sel, ferments, Penicillium roqueforti, présure animale, chlorure de calcium. 31% de MG dans le produit fini. || Valeur énergétique en Joules :  1453kj || Valeur énergétique en Kcal : 351kcal || Glucides : 1g || Lipides : 31g || Protides :17g || A conserver entre 0 et +6°C. || 
8,00€ / Kg || 
2,00 € || 
Bleu d'Auvergne || La barquette de 125g || Origine : FRANCE || Affiné en caves humides, fraîches et aérées, cefromage posséde une pâte persillée à la fois ferme et onctueuse. Sa saveur est puissante et corsée au palais. || Lait pasteurisé de vache-sel-ferments lactiques et d'affinage-penicillium roqueforti-présure animale. || Valeur énergétique en Joules :  1434kj || Valeur énergétique en Kcal : 346kcal || Glucides : 0g || Lipides : 30g || Protides :20g || A conserver entre +2°C et +6°C || 
9,36€ / Kg || 
1,17 € || 
Gorgonzola, AOP || La barquette de 200g || Origine : ITALIE || Lait de vache pasteurisé - sel - ferments lactiques - présure animale - penicillium. Croûte non comestible. || Valeur énergétique en Joules :  1322kj || Valeur énergétique en Kcal : 319kcal || Glucides : 0g || Lipides : 27g || Protides :19g || 
15,90€ / Kg || 
3,18 € || 
Roquefort au lait cru de brebis A.O.P. || La barquette de 150g || Origine : FRANCE || Lait cru de brebis, sel, ferments lactiques, présure animale, Penicillium roqueforti. || Valeur énergétique en Joules :  1453kj || Valeur énergétique en Kcal : 351kcal || Glucides : 0 || Lipides : 31g || Protides :18g || A conserver entre +2°C et +6°C. || 
14,00€ / Kg || 
2,10 € || 
Subtil mariage de gorgonzola et mascarpone || La barquette de 200g || Origine : ITALIE || Tranches de fromages, à la crème et au lait pasteurisés. || Gorgonzola 50%, mascarpone 50%. || Valeur énergétique en Joules :  1575kj || Valeur énergétique en Kcal : 381kcal || Glucides : 1,3g || Lipides : 36g || Protides :13g || A conserver entre 0° C et + 4° C. || 
15,80€ / Kg || 
3,16 € || 
Bresse bleu naturellement leger || La pièce de 200g || Origine : FRANCE || Lait demi-ÍcrÍmÍ, sel, ferments AllergÈne : lait de vache || Valeur énergétique en Joules :  946kj || Valeur énergétique en Kcal : 227kcal || Glucides : 1g || Lipides : 15g || Protides :22g || entre 4¢ C et 6¢ C || 
14,70€ / Kg || 
2,94 € || 
Le Bleu || La boîte de 145g || Origine : FRANCE || 
15,59€ / Kg || 
2,26 € || 
Crème de fromage à pâte persillée, fabriqué en Velay || Le pot de 150g || Origine : FRANCE || Petites faims & cuisine plaisir. || Fromage (50%), lait, eau, protéines de lait, sels de fonte (E450, E452), acidifiant (acide lactique), sel. || A conserver à +2°C+8°C. A déguster dans les 6 jours après ouverture. || 
15,07€ / Kg || 
2,26 € || 
Saint Agur || La barquette de 130g || Origine : FRANCE || Lait pasteurisÍ, sel, Penicillium roqueforti, ferments lactiques || Valeur énergétique en Joules :  1510kj || Valeur énergétique en Kcal : 365kcal || Glucides : 1g || Lipides : 33g || Protides :16g || 
17,00€ / Kg || 
2,21 € || 
Saint Agur portions || Les 4 portions de 25g, soit 100g || Origine : FRANCE || Lait pasteurisÍ, sel, pÍnicillium roqueforti. || Valeur énergétique en Joules :  1510kj || Valeur énergétique en Kcal : 365kcal || Glucides : 1g || Lipides : 33g || Protides :16g || 
17,00€ / Kg || ##
Saint Agur portions || Les 4 portions de 25g, soit 100g || Origine : FRANCE || Lait pasteurisÍ, sel, pÍnicillium roqueforti. || Valeur énergétique en Joules :  1510kj || Valeur énergétique en Kcal : 365kcal || Glucides : 1g || Lipides : 33g || Protides :16g || 
17,00€ / Kg || ##
Saint Agur portions || Les 4 portions de 25g, soit 100g || Origine : FRANCE || Lait pasteurisÍ, sel, pÍnicillium roqueforti. || Valeur énergétique en Joules :  1510kj || Valeur énergétique en Kcal : 365kcal || Glucides : 1g || Lipides : 33g || Protides :16g || 
22,70€ / Kg || 
2,27 € || 
Crème de fromage fondu de brebis || Les 5 portions, 100g || Origine : FRANCE || Fromages et crème légère de lactosérum de brebis, Roquefort, sels de fonte : E450, 452, 339, 331, 330, conservateur : E234. Peut contenir des traces de fruits secs. || Tenir au frais de préférence. || 
21,00€ / Kg || 
2,10 € || 
Roquefort || La barquette de 150g || Origine : FRANCE || lait cru de brebis (96,2%)  sel ( 3,70%)  ferments lactiques  et d'affinage ( 0,25%)  prÍsure ( 0,03%)  penicillium roqueforti (0,001%) allergÈne: lait || Valeur énergétique en Joules :  1493 || Valeur énergétique en Kcal : 361 || Glucides : 0 || Lipides : 31.7 || Protides :18.8 || 
16,93€ / Kg || 
2,54 € || 
Roquefort || La barquette de 150g || Origine : FRANCE || A conserver entre +2°C et +6°C || 
26,27€ / Kg || 
3,94 € || 
Roquefort || Les 4 portions, 100g || Origine : FRANCE || Lait cru de brebis, sel, ferments, présure, penicillium roquefort. || Conservation entre + 2° et + 4 ° || 
24,80€ / Kg || 
2,48 € || 
Roquefort AOP au lait cru de brebis || La barquette de 100g || Origine : FRANCE || lait cru de brebis (96,2%)  sel ( 3,70%)  ferments lactiques  et d'affinage ( 0,25%)  prÍsure ( 0,03%)  penicillium roqueforti (0,001%) allergÈne: lait || Valeur énergétique en Joules :  1493 || Valeur énergétique en Kcal : 361 || Glucides : 0 || Lipides : 31.7 || Protides :18.8 || A conserver au froid entre +2°C et +6°C. || 
22,80€ / Kg || 
2,28 € || 
Roquefort AOP au lait cru de brebis, format gourmand || La barquette de 200g || Origine : FRANCE || lait cru issu  de brebis (96,2%)  sel ( 3,70%)  ferments lactiques  et d'affinage ( 0,25%)  prÍsure ( 0,03%)  penicillium roqueforti (0,001%) allergÈne: lait || Valeur énergétique en Joules :  1493 || Valeur énergétique en Kcal : 361 || Glucides : 0 || Lipides : 31.7 || Protides :18.8 || 
21,40€ / Kg || 
4,28 € || 
Roquefort AOP au lait cru de brebis, issu de l'agriculture biologique || La barquette de 100g || Origine : FRANCE || lait cru issu de l'agriculture biologique de brebis (96,2%)  sel ( 3,70%)  ferments lactiques  et d'affinage ( 0,25%)  prÍsure ( 0,03%)  penicillium roqueforti (0,001%) allergÈne: lait || Valeur énergétique en Joules :  1493 || Valeur énergétique en Kcal : 361 || Glucides : 0 || Lipides : 31.7 || Protides :18.8 || 
33,50€ / Kg || 
3,35 € || 
Roquefort AOP au lait cru de brebis, issu de l'agriculture biologique || La barquette de 100g || Origine : FRANCE || lait cru issu de l'agriculture biologique de brebis (96,2%)  sel ( 3,70%)  ferments lactiques  et d'affinage ( 0,25%)  prÍsure ( 0,03%)  penicillium roqueforti (0,001%) allergÈne: lait || Valeur énergétique en Joules :  1493 || Valeur énergétique en Kcal : 361 || Glucides : 0 || Lipides : 31.7 || Protides :18.8 || 
33,50€ / Kg || 
3,35 € || 
Brie de Meaux AOP, au lait cru || La portion de 200g || Origine : FRANCE || Lait cru de vache, ferments, sel, chlorure de calcium, présure. 23% de matières grasses sur produit fini. || A conserver entre +4°C et +8°C. || 
13,85€ / Kg || 
2,77 € || 
Camembert au lait cru, moulé à la louche, AOC || La boîte de 250g || Origine : FRANCE || Lait cru, sel, ferments lactiques, présure animale. || Valeur énergétique en Joules :  1154Kj || Valeur énergétique en Kcal : 278Kc || Glucides : 0g || Lipides : 22g || Protides :20g || A conserver entre 0°C et +4°C. || 
11,52€ / Kg || 
2,88 € || 
Camembert au lait pasteurisé, Normandie || La boîte de 250g || Origine : FRANCE || Lait de vache partiellement écrémé pasteurisé, sel, ferments, présure animale. || Valeur énergétique en Joules :  1114kj || Valeur énergétique en Kcal : 266kcal || Glucides : 0Traces || Lipides : 20g || Protides :22g || A conserver entre +4°C et +8°C || 
5,52€ / Kg || 
1,38 € || 
Camembert au lait pasteurisé onctueux, produit issu de l'agriculture biologique || Le paquet de 250g || Origine : FRANCE || Valeur énergétique en Joules :  1100kj || Valeur énergétique en Kcal : 265kcal || Lipides : 21g || Protides :19g || 
12,20€ / Kg || 
3,05 € || 
Camembert au lait pasteurisé onctueux, produit issu de l'agriculture biologique || Le paquet de 250g || Origine : FRANCE || Valeur énergétique en Joules :  1100kj || Valeur énergétique en Kcal : 265kcal || Lipides : 21g || Protides :19g || 
12,20€ / Kg || 
3,05 € || 
Coulommiers, au lait pasteurisé || La boîte de 350g || Origine : FRANCE || Lait de vache pasteurisé, sel, ferments lactiques et d'affinage, coagulant. || Valeur énergétique en Joules :  1194kj || Valeur énergétique en Kcal : 288kcal || Glucides : 0g || Lipides : 24g || Protides :18g || A conserver entre +4°C et +8°C. || 
5,60€ / Kg || 
1,96 € || 
Le cr{meux avec une pointe de cr}me || Le paquet de 300g || Origine : FRANCE || Valeur énergétique en Joules :  1402kj || Valeur énergétique en Kcal : 339kcal || Glucides : 1,2g || Lipides : 30g || Protides :16g || 
8,37€ / Kg || 
2,51 € || 
Le Crémeux, fromage avec une pointe de crème || La boîte de 200g || Origine : FRANCE || Elaboré avec une pointe de crème, le Crémeux Monoprix est à partager en famille ou entre amis pour un plaisir gourmand. || Lait pasteurisé 82%, crème pasteurisé 8%, sel, ferments, coagulant microbien ouprésure animale. || Valeur énergétique en Joules :  1436Kj || Valeur énergétique en Kcal : 347Kcal || Glucides : 0,1g || Lipides : 31g || Protides :16g || A conserver entre +2°C et +6°C. || 
9,20€ / Kg || 
1,84 € || 
Pointe de Brie || Le paquet de 200g || Origine : FRANCE || Fromage de plateau la pointe de Brie Monoprix vous séduira par sa saveur douce , mais typée et son onctuosité. || Lait de vache pasteurisé, sel, ferments lactiques et d'affinage, coagulant enzymatique ou présure animale. || Valeur énergétique en Joules :  1493Kj || Valeur énergétique en Kcal : 361Kcal || Glucides : 0,1g || Lipides : 32g || Protides :18g || A conserver entre +4°C et +8°C. || 
6,75€ / Kg || 
1,35 € || 
Camembert au lait pasteurisé || La boîte de 250g || Origine : FRANCE || Camembert au lait pasteurisé. || Maintenir au frais entre +4°C et +8°C. || 
7,84€ / Kg || 
1,96 € || 
Caprice des anges, fromage pasteurisé à pâte molle || La boîte de 200g || Origine : FRANCE || Un amour de fromage frais au bon goût de crème fraîche et à la texture si fondante. || Lait pasteurisé, crème, sel (1,4%), ferments lactiques. || Valeur énergétique en Joules :  1135 || Valeur énergétique en Kcal : 275 || Glucides : 2,5g || Lipides : 27g || Protides :6g || A conserver entre +2°C +6°C. || 
8,63€ / Kg || ##
Caprice des anges, fromage pasteurisé à pâte molle || La boîte de 200g || Origine : FRANCE || Un amour de fromage frais au bon goût de crème fraîche et à la texture si fondante. || Lait pasteurisé, crème, sel (1,4%), ferments lactiques. || Valeur énergétique en Joules :  1135 || Valeur énergétique en Kcal : 275 || Glucides : 2,5g || Lipides : 27g || Protides :6g || A conserver entre +2°C +6°C. || 
8,63€ / Kg || ##
Caprice des anges, fromage pasteurisé à pâte molle || La boîte de 200g || Origine : FRANCE || Un amour de fromage frais au bon goût de crème fraîche et à la texture si fondante. || Lait pasteurisé, crème, sel (1,4%), ferments lactiques. || Valeur énergétique en Joules :  1135 || Valeur énergétique en Kcal : 275 || Glucides : 2,5g || Lipides : 27g || Protides :6g || A conserver entre +2°C +6°C. || 
11,50€ / Kg || 
2,30 € || 
Caprice des dieux || La boîte de 200g || Origine : FRANCE || Ingrédients : lait de vache pasteurisé de France, crème, sel, ferments lactiques                                                                              Allergène : lait de vache || Valeur énergétique en Joules :  1379kj || Valeur énergétique en Kcal : 333kcal || Glucides : 0,8g || Lipides : 30g || Protides :15,3g || entre 2¢ C et 6¢ C || 
14,95€ / Kg || 
2,99 € || 
En cas de caprice, fromage pasteurisé à pâte molle || La bûche de 150g || Origine : FRANCE || Avec son emballage protecteur unique qui s'effeuille au fur et à mesure de vos envies, En Cas de Caprice est le complice de tous vos moments de gourmandise. || Ouvrez l'emballage à l'aide de l'ouverture facile. Tirez la languette et découpez la tranche souhaitée. Remettez En Cas de Caprice dans son étui fraîcheur. || Lait pasteurisé, crème, sel (1,6%), ferments lactiques, présure, gélatine bovine, colorant alimentaire: E171. || A conserver entre +2°C et +6°C. || 
15,93€ / Kg || 
2,39 € || 
Fromage pasteurisé à pâte molle || La boîte de 300g || Origine : FRANCE || Ingrédients : lait de vache pasteurisé de France, crème, sel, ferments lactiques                                                                              Allergène : lait de vache || Valeur énergétique en Joules :  1379Kj || Valeur énergétique en Kcal : 333Kcal || Glucides : 0,8g || Lipides : 30g || Protides :15,3g || A conserver entre +2°C +6°C. || 
12,07€ / Kg || 
3,62 € || 
Fromage pasteurisé à pâte molle || Le paquet de 3, 150g || Origine : FRANCE || Mini Caprice, la divine gourmandise miniature signée Caprice Des Dieux. Savourez son goût pur de crème fraîche et son coeur fondant à n'importe quel moment de la journée. || Lait pasteurisé, crème, présure, ferments, sel, gélatine, colorant alimentaire : E171. || A conserver entre +2°C et +6°C. || 
17,40€ / Kg || 
2,61 € || 
Camembert, fromagerie de Ducey, affinage optimal || La boîte de 250g || Origine : FRANCE || Plus que jamais, les fromagers Coeur de Lion ont à coeur de vous offrir le meilleur du camenbert.Ils s'engagent sur la qualité du lait, sur un affinage optimal, sur la sélection rigoureuse des camenberts avant l'emballage. || Camembert au lait pasteurisé 20% MG / PT / 45 % MG / ES || Valeur énergétique en Joules :  1105kj || Valeur énergétique en Kcal : 264kcal || Glucides : 0,5g || Lipides : 20g || Protides :21g || Conservation entre +4° et + 6°C maximum. || 
7,08€ / Kg || 
1,77 € || 
Camembert, sel réduit de 25% || La boîte de 250g || Origine : FRANCE || Les fromagers Coeur de Lion vous proposent le Camembert Sel réduit de 25%, un camembert réduit en sel, toujours typé et fondant pour plus de plaisir au quotidien. || Lait pasteurisé, ferments, sel (1,1%), chlorure de potassium. || A conserver entre +4°C et +6°C. || 
9,04€ / Kg || 
2,26 € || 
Camembert léger || Le fromage de 250g || Origine : FRANCE || Coeur de Lion léger, c'est tout le plaisir de Coeur de Lion avec moins de matières grasses. Son bon goût et son fondant séduiront tous les gourmands. || Fromage pasteurisé allégé en matière grasse (45% d'allègement par rapport aux camemberts entiers). || Valeur énergétique en Joules :  832kj || Valeur énergétique en Kcal : 199kcal || Glucides : 1g || Lipides : 11g || Protides :24g || A conserver entre +4°C et +6°C. || 
9,48€ / Kg || 
2,37 € || 
Coulommiers || La boite de 300g || Origine : FRANCE || lait de vache pasteurisÍ, sel, ferments lactiques et d'affinage || Valeur énergétique en Joules :  1147kj || Valeur énergétique en Kcal : 283kcal || Glucides : 1g || Lipides : 23g || Protides :18g || 
6,66€ / Kg || 
2,33 € || 
Coulommiers, sel reduit de 25% || La boite de 340g || Origine : FRANCE || Les fromagers Coeur de Lion vous proposent le Coulommiers sel réduit de 25%, toujours aussi doux et crémeux pour plus de plaisir au quotidien. || lait de vache pasteurisÍ, sel, ferments lactiques et d'affinage || Valeur énergétique en Joules :  1157kj || Valeur énergétique en Kcal : 279kcal || Glucides : 1g || Lipides : 23g || Protides :17g || A conserver entre +6°C et +4°C. || 
9,06€ / Kg || 
3,08 € || 
Coulommiers portions || La boite de 10 portions, 350g || Origine : FRANCE || Lait de vache pasteurisÍ, sel, ferment lactique et d'affinage || Valeur énergétique en Joules :  1191kj || Valeur énergétique en Kcal : 287kcal || Glucides : 1g || Lipides : 23g || Protides :19g || A conserver entre +4°C et +6°C. || 
10,57€ / Kg || 
3,70 € || 
Le Bon Brie, fromage au lait pasteurisé || Le paquet de 200g || Origine : FRANCE || Au lait pasteurisé. || Conservation entre +4° et + 6°C maximum. || 
9,35€ / Kg || 
1,87 € || 
Le Crémeux Normand || La piece de 200g || Origine : FRANCE || LAIT DE VACHE PASTEURISE / SEL / FERMENTS LACTIQUES ET D'AFFINAGE || Valeur énergétique en Joules :  1416kj || Valeur énergétique en Kcal : 342kcal || Glucides : 1g || Lipides : 30g || Protides :17g || 
12,30€ / Kg || 
2,46 € || 
Petit camembert || La pièce de 150g || Origine : FRANCE || 
12,13€ / Kg || 
1,82 € || 
Camembert au lait cru, certifié AB || La barquette de 250g || Origine : FRANCE || 
16,36€ / Kg || 
4,09 € || 
Camembert au lait cru, certifié AB || La barquette de 250g || Origine : FRANCE || 
16,36€ / Kg || 
4,09 € || 
Camembert au lait cru, moulé à la louche, AOC || La boîte de 250g || Origine : FRANCE || Camembert au lait cru. || A conserver entre +4°C et +8°C. || 
9,66€ / Kg || ##
Camembert au lait cru, moulé à la louche, AOC || La boîte de 250g || Origine : FRANCE || Camembert au lait cru. || A conserver entre +4°C et +8°C. || 
9,66€ / Kg || ##
Camembert au lait cru, moulé à la louche, AOC || La boîte de 250g || Origine : FRANCE || Camembert au lait cru. || A conserver entre +4°C et +8°C. || 
12,88€ / Kg || 
3,22 € || 
Petit camembert au lait cru || La pièce de 150g || Origine : FRANCE || Petit camembert au lait cru fabriqué en Normandie. || Fromage au lait cru. 45% MG/ES FIDM. 22% MG/poids total. || A conserver entre +4° et +7°C. || 
16,00€ / Kg || 
2,40 € || 
Camembert d'Isigny, bio, moulé à la louche || La pièce de 250g || Origine : FRANCE || 
17,72€ / Kg || 
4,43 € || 
Camembert d'Isigny, bio, moulé à la louche || La pièce de 250g || Origine : FRANCE || 
17,72€ / Kg || 
4,43 € || 
Le Rustique, camembert || La boîte de 250g || Origine : FRANCE || Le Camembert Le Rustique est exclusivement fabriqué avec du lait collecté dans des fermes sélectionnées, adhérant à une charte de qualité exigeante.Nos producteurs s'engagent notamment à respecter le bien être des vaches : bien nourries et bien traitées, les vaches donnent du meilleur lait. C'est avec ce bon lait et out le savoir-faire de nos fromagers que le Camembert Le Rustique développe sa texture souple et fondante en bouche, son goût riche et son caractère unique. || Au lait pasteurisé. 45% de matière grasse/ES, 20% de matière grasse/produit fini. || A conserver entre +4° et + 8°C. || 
8,04€ / Kg || 
2,01 € || 
Camembert de Normandie AOP, moulé à la louche, 22% de matière    grasse sur produit fini || La boite de 250g || Origine : FRANCE || 
18,08€ / Kg || 
4,52 € || 
Camembert, moulé à la louche || La boîte de 250g || Origine : FRANCE || Au lait thermisé. || A conserver entre +4°C et +8°C || 
10,48€ / Kg || 
2,62 € || 
Brie de caractère, typé et affiné à coeur || La portion de 200g || Origine : FRANCE || 
12,20€ / Kg || 
2,44 € || 
Coulommiers, Normandie || La boîte de 350g || Origine : FRANCE || C'est avec du bon lait et tout le savoir-faire de nos fromages que le Coulommiers Le Rustique développe sa texture souple et fondante en bouche, son goût riche et son caractère unique. || Coulommiers au lait pasteurisé. 50% MG/ES, 23% MG/produit fini. || A conserver au froid entre +4°C et +8°C. || 
9,40€ / Kg || 
3,29 € || 
Camembert, Normandie || Les 8 portions, 240g || Origine : FRANCE || Camembert au lait pasteurisé fabriqué en Normandie. || Valeur énergétique en Joules :  1080kj || Valeur énergétique en Kcal : 258kcal || Glucides : 0Traces || Lipides : 20g || Protides :19g || A conserver entre +4°C et +8°C || 
12,54€ / Kg || 
3,01 € || 
Coulommiers au lait pasteurisé || La boîte de 350g || Origine : FRANCE || Lait, crème, sel, ferments. || Valeur énergétique en Joules :  1211kj || Valeur énergétique en Kcal : 289kcal || Glucides : 0Traces || Lipides : 24g || Protides :19g || A conserver entre +4°C et +8°C || 
7,31€ / Kg || 
2,56 € || 
La Brique, fromage à pâte molle et au lait de vache pasteurisé || La boîte de 200g || Origine : FRANCE || Gourmets avisés ou gourmands en herbe, laissez-vous séduire par la Brique de Président qui vous assure douceur de goût et finesse de sa croûte jusqu'à la dernière bouchée. || Formage à pâte molle au lait de vache pasteurisé. || Valeur énergétique en Joules :  1365 || Valeur énergétique en Kcal : 326,1 || Glucides : 0 || Lipides : 30 || Protides :15 || Conservation entre +4° et + 8°C maximum. || 
12,90€ / Kg || 
2,58 € || 
Le Carré Bridel || Le paquet de 200g || Origine : FRANCE || Nos maîtres fromagers ont mis tout leur savoir-faire dans l'élaboration du Carré d'émile Bridel, un fromage doux et moelleux idéal pour toute la famille. || Lait pasteurisé(97% de lait) || Conservation entre +4° et + 8°C maximum. || 
9,85€ / Kg || 
1,97 € || 
Petit brie || La boîte de 500g || Origine : FRANCE || Crémeux & gouteux à point. || Petit brie au lait de vache pasteurisé. 31% de MG dans le produit fini. || Valeur énergétique en Joules :  1443Kj || Valeur énergétique en Kcal : 345Kcal || Glucides : 0Traces || Lipides : 31g || Protides :17g || A conserver entre +4°C et +8°C || 
10,98€ / Kg || 
5,49 € || 
Pointe de brie au lait pasteurisé, 32% de matière grasse || La portion de 200g || Origine : FRANCE || Pointe de brie au lait pasteurisé. || Conservation entre +4° et + 8°C maximum. || 
9,95€ / Kg || 
1,99 € || 
Bûche de chèvre, produit issu de l'Agriculture Biologique || La Bûche de 180g || Origine : FRANCE || Fromage affiné à pâte molle au lait pasteurisé de chèvre issu de l'agriculture biologique. || Lait entier pasteurisé de chèvre*, sel, ferments, présure animale. *Ingrédient issu de l'agriculture biologique. || Valeur énergétique en Joules :  1100kj || Valeur énergétique en Kcal : 265kcal || Glucides : traces || Lipides : 21g || Protides :19g || A conserver entre 0°C et +6°C. || 
15,61€ / Kg || 
2,81 € || 
Bûche de chèvre, produit issu de l'Agriculture Biologique || La Bûche de 180g || Origine : FRANCE || Fromage affiné à pâte molle au lait pasteurisé de chèvre issu de l'agriculture biologique. || Lait entier pasteurisé de chèvre*, sel, ferments, présure animale. *Ingrédient issu de l'agriculture biologique. || Valeur énergétique en Joules :  1100kj || Valeur énergétique en Kcal : 265kcal || Glucides : traces || Lipides : 21g || Protides :19g || A conserver entre 0°C et +6°C. || 
15,61€ / Kg || 
2,81 € || 
Chabichou Poitou AOC, au lait cru de chèvre || La pièce de 150g || Origine : FRANCE || Lait cru de chèvre, sel, ferments, présure animale. || Valeur énergétique en Joules :  1263kj || Valeur énergétique en Kcal : 305kcal || Glucides : 1,9g || Lipides : 25g || Protides :18g || A conserver entre +2°C et +6°C || 
19,33€ / Kg || 
2,90 € || 
Crottin de Chavignol, fromage au lait cru, AOC || La boîte de 60g || Origine : FRANCE || Fromage au lait cru. || A conserver entre +0°C et +6°C. || 
37,33€ / Kg || 
2,24 € || 
Crottins de chèvre, au lait pasteurisé || Le paquet de 2, 120g || Origine : FRANCE || Crottins de chèvre au lait pasteurisé. || A conserver entre 0°C et +6°C. || 
16,83€ / Kg || 
2,02 € || 
Fromage de brebis || Le paquet de 200g || Origine : FRANCE || Lait de brebis pasteurisé, sel, ferments lactiques, présure. || Valeur énergétique en Joules :  1083Kj || Valeur énergétique en Kcal : 261KCal || Glucides : 0,8g || Lipides : 22g || Protides :15g || A conserver entre +2°C et +6°C. || 
9,95€ / Kg || 
1,99 € || 
Fromage de chèvre || La boîte de 180g || Origine : FRANCE || Fromage de plateau, le fromage de chèvre MONOPRIX se caractérise par une texture onctueuse et un goût typé net et franc. || Lait de chèvre pasteurisé - sel - présure -ferments lactiques et d'affinage. || Valeur énergétique en Joules :  1211kj || Valeur énergétique en Kcal : 292kcal || Glucides : 0g || Lipides : 24g || Protides :19g || A conserver entre 4°C et +8°C || 
11,06€ / Kg || 
1,99 € || 
Fromage de chèvre || Le paquet de 150g || Origine : FRANCE || Frais et léger, ce fromage pur chèvre se consomme à tout moment de la journée.Cet emballage pratique permet de préserver toute la saveur de ce fromage, même après ouverture. || Sortez-le du réfrigérateur juste avant de le consommer et replacez-le dans son emballage, après chaque utilisation. || Lait de chèvre et crème de lait de chèvre pasteurisés, sel, ferments lactiques, présure caprine. Fromage de chèvreau lait pasteurisé48% de mat. gr. / mat. sèche. 13% de mat. gr. / poids total. || Valeur énergétique en Joules :  685Kj || Valeur énergétique en Kcal : 165Kcal || Glucides : 3g || Lipides : 13g || Protides :9g || A conserver entre +2°C et + 6°C. || 
16,87€ / Kg || 
2,53 € || 
Fromage de lactosérum de vache || Le pot de 250g || Origine : ITALIE || Lactosérum 91%, crème et lait écrémé pasteurisés, sel, acidifiant : acide lactique. Elaboré et conditionné en Italie. 10% de MG. || Valeur énergétique en Joules :  555kj || Valeur énergétique en Kcal : 134kcal || Glucides : 3,9g || Lipides : 10g || Protides :7g || A conserver entre 0°C et +6°C. A consommer rapidement après ouverture. || 
5,80€ / Kg || 
1,45 € || 
Fromage frais au lait de chèvre, pasteurisé || La boîte de 200g || Origine : FRANCE || Lait entier de chèvre pasteurisé, sel, ferments lactiques, présure caprine. || Valeur énergétique en Joules :  705Kj || Valeur énergétique en Kcal : 170Kcal || Glucides : 2,2g || Lipides : 13g || Protides :11g || A conserver entre +2°C et +6°C. A consommer dans les 72 heures après ouverture. || 
10,80€ / Kg || 
2,16 € || 
Ossau-iraty, fromage de brebis || La barquette de 180g || Origine : FRANCE || Fromage au lait pasteurisé de brebis. || Lait pasteurisé de brebis, sel, présure animale, chlorure de calcium, ferments, colorants de croûte : E160b et E150a, conservateur de croûte : E235. || Valeur énergétique en Joules :  1655Kj || Valeur énergétique en Kcal : 399KCal || Glucides : 0,5g || Lipides : 33g || Protides :25g || A conserver entre +2°C et +°6C. Conditionné sous atmosphère protectrice. || 
16,33€ / Kg || 
2,94 € || 
Petits fromages de chèvre || Les 10 portions, 200g || Origine : FRANCE || Fromage de chèvre au lait pasteurisé, élaboré en Poitou-Charentes. || Se consomme chaud ou froid. A chaud : dans un four traditionnel très chaud en position gril durant 5 à 10 minutes selon la puissance de votre four et votre convenance. A froid : de préférence, sortez les fromages du réfrigérateur 30 minutes avant dégustation. || Lait de chèvre pasteurisé, sel, ferments lactiques, présure animale. || Valeur énergétique en Joules :  1083Kj || Valeur énergétique en Kcal : 259Kcal || Glucides : 2g || Lipides : 21g || Protides :16g || A conserver entre +2°C et +6°C || 
13,85€ / Kg || 
2,77 € || 
Petit valençay, fromage de chèvre au lait cru || La boîte de 110g || Origine : FRANCE || Ce fromage de terroir s'apprécie particulièrement en fin de repas accompagné d'un assortiment de pains de campagne et de seigle. || Lait de chèvre cru, ferments, sel, cendre végétale, présure animale. 45% de mat. gr./mat. sèche. 23% de mat. gr./produit fini. || Valeur énergétique en Joules :  1183kj || Valeur énergétique en Kcal : 285kcal || Glucides : 0g || Lipides : 6,9g || Protides :5,4g || A conserver entre 0°C et +6°C. || 
27,00€ / Kg || 
2,97 € || 
Rocamadour, fromage de chèvre au lait cru, AOC || Le paquet de 3, 105g || Origine : FRANCE || Lait de chèvre cru, ferments, sel, présure animale. || Valeur énergétique en Joules :  1100kj || Valeur énergétique en Kcal : 265kcal || Glucides : 1g || Lipides : 21g || Protides :18g || A conserver entre +0°C et +6°C. || 
29,43€ / Kg || 
3,09 € || 
Sainte Maure, fromage de chèvre || La bûche de 200g || Origine : FRANCE || Lait de chèvre pasteurisé - sel - présure -ferments lactiques et d'affinage.Fabriqué dans les Deux-Sèvres. || Valeur énergétique en Joules :  1317Kj || Valeur énergétique en Kcal : 318Kcal || Glucides : 1,9g || Lipides : 26g || Protides :19g || A conserver entre +4°C et +8°C || 
8,75€ / Kg || 
1,75 € || 
Sainte Maure de Touraine, fromage de chèvre au lait cru, AOC || La bûche de 250g || Origine : FRANCE || Fromage de chèvre au lait cru. || Fromage de chèvre au lait cru. || Valeur énergétique en Joules :  1137kj || Valeur énergétique en Kcal : 274kcal || Glucides : 1g || Lipides : 22g || Protides :18g || A conserver entre +4°C et +8°C. || 
24,68€ / Kg || 
6,17 € || 
Selles-sur-cher, fromage de ch{vre au lait cru, AOC || La barquette de 150g || Origine : FRANCE || Lait cru de chèvre 98%, sel, ferments lactiques, présure animale, cendre végétale. || Valeur énergétique en Joules :  1179kj || Valeur énergétique en Kcal : 284kcal || Glucides : 0g || Lipides : 6,9g || Protides :5,4g || A conserver entre 0°C et +6°C. || 
26,07€ / Kg || 
3,91 € || 
Fromage de brebis, 50% de mat. Gr. || La boîte de 180g || Origine : FRANCE || Découvrez un fromage pur brebis, à la texture moelleuse et fondante. Le lait des brebis élevées dans une nature généreuse apporte au Brebiou l'originalité et la finesse de son goût. || Conservation à +2°/ +8°C. || 
16,72€ / Kg || 
3,01 € || 
Fromage de chèvre || La boîte de 150g || Origine : FRANCE || Goût si pur, si fondant  Pure nature, pur plaisir. 100% lait de chèvre. || Pour mieux apprécier Chavroux démoulez-le ! C'est facile, pressez légèrement sur les angles. || Lait de chèvre et crème de chèvre pasteurisés, sel fin (1,25%), arôme naturel de chèvre. Matière grasse/poids total : 13,5%. Fabriqué dans un atelier utilisant du lait de vache. || Valeur énergétique en Joules :  771 || Valeur énergétique en Kcal : 184,2 || Glucides : 4 || Lipides : 15 || Protides :8,7 || A garder au réfrigérateur. A conserver entre +2°C et +6°C. || 
20,47€ / Kg || 
3,07 € || 
Tendre bûche, fromage au lait de chèvre pasteurisé || La bûche de 160g || Origine : FRANCE || C'est la crème que nous ajoutons dans notre recette qui rend la Tendre Bûche de Chavroux si douce et si crémeuse. || Lait de chèvre, crème de chèvre, sel fin, arôme naturel de chèvre, gélatine, émulsifiant : E471, ferments, présure. 29% de mat. grasse dans le produit fini. || A conserver entre +2°C et +6°C. || 
15,81€ / Kg || 
2,53 € || 
Fromage de brebis || Le fromage de 250g || Origine : FRANCE || Lait pasteurisé de brebis, sel ferments lactiques, chlorure de calcium, présure. 48% de mat. Gr., soit nouvel affichage 29% mat. Gr. Dans le produit fini. || Conservation entre +2° et + 6°C maximum. || 
21,16€ / Kg || 
5,29 € || 
Fromage de brebis, Pays Basque || La barquette de 210g || Origine : FRANCE || Etorki signifie origine en langue basque. Fabriqué à Mauléon au coeur du pays Basque, le fromage pur brebis Etorki est issu du savoir-faire des bergers basques. Il puise dans son pays sa force et son goût typé caractéristique. || Lait de brebis pasteurisé, sel, conservateurs : E235, E1105 (extrait de blanc d'oeuf). Croûte non destinée à être consommée. || A consommer dans la semaine suivant l'ouverture. || 
16,90€ / Kg || 
3,55 € || 
Ossau iraty, fromage au lait pasteurisé de brebis, AOC, pur brebis || La barquette de 180g || Origine : FRANCE || Découvrez son goût délicatement fruité et sa texture fondante.Fruit de la tradition pastorale du Béarn et du Pays Basque, l'AOC Ossau Iraty est un fromage au pur lait de brebis. || Ne pas consommer la croûte. || Lait de brebis pasteurisé, sel, présure, ferments lactiques, colorants de la croûte : caramel naturel, rocou, conservateur : E235. || A conserver au froid entre +2°C et +6°C. Conditionné sous atmosphère protectrice. || 
19,50€ / Kg || 
3,51 € || 
P'tit Basque, fromage de brebis || La barquette de 220g || Origine : FRANCE || Laissez vous surprendre par sa douceur et sa texture fondante. || Fromage de brebis au lait pasteurisé. || Conservation entre +2° et +6°. || 
20,53€ / Kg || 
3,08 € || 
Fromage de brebis || La boîte de 100g || Origine : FRANCE || Savoureux et fondant. || Fromage de brebis au lait pasteurisé. || A conserver entre +2° et + 6°C. || 
18,80€ / Kg || 
1,88 € || 
Tomme de brebis || Le sachet de 200g || Origine : FRANCE || 
12,85€ / Kg || ##
Tomme de brebis || Le sachet de 200g || Origine : FRANCE || 
12,85€ / Kg || ##
Tomme de brebis || Le sachet de 200g || Origine : FRANCE || 
17,15€ / Kg || 
3,43 € || 
Fromage de chèvre || La barquette de 200g || Origine : FRANCE || Lait de chèvre pasteurisé, sel (1%), ferments lactiques, présure naturelle. || A conserver à +2° / +6°C. || 
14,95€ / Kg || 
2,99 € || 
Fromage de chèvre || La pièce de 140g || Origine : FRANCE || Lait de chÈvre entier pasteurisÍ (origine France), sel, ferments lactiques, ferments de surface, prÍsure naturelle || Valeur énergétique en Joules :  1075 || Valeur énergétique en Kcal : 259 || Glucides : 0.5 || Lipides : 21 || Protides :17 || 
22,50€ / Kg || 
3,15 € || 
Bûche fondante, pur chèvre, fabriquée et affinée dans le Poitou || La pièce de 250g || Origine : FRANCE || Fromage de chèvre au lait pasteurisé. || Valeur énergétique en Joules :  1248kj || Valeur énergétique en Kcal : 301kcal || Glucides : traces || Lipides : 25g || Protides :19g || A conserver entre 4°C et 8°C. || 
11,32€ / Kg || 
2,83 € || 
La bûche fondante, fromage de chèvre || La bûche de 180g || Origine : FRANCE || C'est à Saint-Varent, au coeur du Poitou, que les fromagers affineurs Président, forts de leur savoir-faire, fabriquent cette bûche pur chèvre. || Fromage de chèvre au lait pasteurisé. || Valeur énergétique en Joules :  1238Kj || Valeur énergétique en Kcal : 299KCal || Glucides : Traces || Lipides : 25g || Protides :18g || A conserver entre +4°C et +8°C. || 
11,61€ / Kg || 
2,09 € || 
Cabécou du Périgord || Le paquet de 3, 105g || Origine : FRANCE || Le lait des chèvres vous offre un fromage unique, tendre et crémeux. || Pour mieux l'apprécier, sortir du réfrigérateur une heure avant de déguster. || Fromage de chèvre au lait pasteurisé. 22% mg. 45% mg/es. || A conserver entre +0°C et +6°C. || 
24,76€ / Kg || 
2,60 € || 
Crottin cendre || Les 2 pièces de 60g, soit 120g || Origine : FRANCE || Moulage et affinage traditionnels. Sélection par notre fromager. Goût fin & frais. || Lait pasteurisÍ de chÈvre, ferments, sel, colorant : charbon vÍgÍtal, prÍsure || A conserver entre 0°C et +6°C. || 
28,25€ / Kg || 
3,39 € || 
Crottins de chèvre au lait cru, 45% de mat. Gr. || Le paquet de 2, 120g || Origine : FRANCE || Moulage et affinage traditionnels. Sélection par notre fromager. || Pur lait de chèvre pasteurisé. 22% MG || A conserver entre +0°C/+6°C. || 
24,67€ / Kg || 
2,96 € || 
Le chèvre crémier || La boite de 125g || Origine : FRANCE || Nos maîtres fromagers ont mis tout leur savoir-faire dans l'élaboration de votre Chèvre Crémier. Fait à partir de laits sélectionnés en Périgord, ils l'ont soigneusement affiné dans nos hâloirs pour lui garantir son authenticité. || Pensez à le sortir du réfrigérateur 15 minutes avant dégustation. Jeune (J*-30) : votre Chèvre Crémier est ferme, au goût caprin subtil. Affiné (J*-15) : votre Chèvre Crémier est onctueux, au goût caprin typé. *J : date indiquée sur la boite. || Lait de chÈvre pasteurisÍ, sel, ferments || A conserver entre 0°C et +6°C. || 
24,64€ / Kg || 
3,08 € || 
Mini chèvres de terroir, chèvre cendré - chèvre de Dordogne - Cabécou du Périgord || Les 3 pièces, 85g || Origine : FRANCE || Les Mini-Chèvres de Terroir Rians, une sélection d'authentiques fromages de chèvre proposés en petites portions et prêts à être dégustés. || Idéal pour une présentation facile en assiette gourmande accompagnée de salade croquante. Original et rapide pour un apéritif aux saveurs du terroir. || Lait de chÈvre pasteurisÍ, sel, ferments lactiques et d'affinage || A conserver entre +0°C et +6°C. || 
2,80€ / Kg || 
2,38 € || 
Bûchette de chèvre cendree || La barquette de 150g || Origine : FRANCE || Lait de chÈvre pasteurisÍ, sel, conservateur : E202, ferments, cendre, coagulant || Valeur énergétique en Joules :  1031kj || Valeur énergétique en Kcal : 247kcal || Glucides : 2,4g || Lipides : 19 || Protides :16,5g || A conserver entre +2¢C et +6¢C || 
15,00€ / Kg || 
2,25 € || 
Buûche de chèvre, teneur en sel réduit de 25% || La pièce de 180g || Origine : FRANCE || Valeur énergétique en Joules :  1219kj || Valeur énergétique en Kcal : 292kcal || Glucides : 1g || Lipides : 23g || Protides :21g || 
14,17€ / Kg || 
2,55 € || 
Fromage au lait de chèvre pasteurisé || La bûche de 120g || Origine : FRANCE || Fromage au lait de chèvre pasteurisé. || A conserver entre +2°C et +6°C. || 
15,00€ / Kg || 
1,80 € || 
La bûchette de chèvre nature || La pièce de 150g || Origine : FRANCE || 
15,13€ / Kg || 
2,27 € || 
Mini bûches de fromage de chèvre || Le sachet de 6 pièces, 150g || Origine : FRANCE || 
18,53€ / Kg || 
2,78 € || 
Cantal au lait cru, affiné 4 mois, AOC || Le paquet de 200g || Origine : FRANCE || Fromage au lait cru de vache. || Lait cru de vache, sel, présure animale, ferments, chlorure de calcium. || Valeur énergétique en Joules :  1544kj || Valeur énergétique en Kcal : 372kcal || Glucides : 0g || Lipides : 9g || Protides :7,5g || A conserver entre +2°C et +°6C. || 
13,00€ / Kg || 
2,60 € || 
Comté, fromage à pâte pressée cuite || Le paquet de 450g || Origine : FRANCE || Fromage à pâte pressée cuite. || Sachet fraîcheur refermable. Sortir du réfrigérateur une heure avant consommation. || Lait cru de vache, ferments lactiques (dont lait), sel, présure animale. || Valeur énergétique en Joules :  1754kj || Valeur énergétique en Kcal : 423kcl || Glucides : 0g || Lipides : 35g || Protides :27g || A conserver entre +4°C et +8°C. A consommer rapidement après ouverture. || 
11,42€ / Kg || 
5,14 € || 
Comté, fromage à pâte pressée cuite, AOC || Le paquet de 250g || Origine : FRANCE || Fromage à pâte pressée cuite. || Sachet fraîcheur refermable. Sortir du réfrigérateur une heure avant consommation. || Lait cru de vache, ferments lactiques (dont lait), sel, présure animale. || Valeur énergétique en Joules :  1754kj || Valeur énergétique en Kcal : 423kcal || Glucides : 0g || Lipides : 35g || Protides :27g || A conserver entre +4°C et +8°C. A consommer rapidement après ouverture. || 
11,96€ / Kg || 
2,99 € || 
Comté au lait cru || Le sachet de 200g || Origine : FRANCE || Affinage : 6 mois minimum. Riche en calcium. || Afin de profiter pleinement de toute la saveur de ce fromage, sortez-le de son emballage 1/2 heure avant de le déguster. || Lait cru de vache*, sel, présure animale, ferments lactiques. *ingrédient issu de l'agriculture biologique. || Valeur énergétique en Joules :  1717kj || Valeur énergétique en Kcal : 414kcal || Lipides : 34g || Protides :27g || A conserver entre 0 et +6°C. || 
17,55€ / Kg || 
3,51 € || 
Comté au lait cru || Le sachet de 200g || Origine : FRANCE || Affinage : 6 mois minimum. Riche en calcium. || Afin de profiter pleinement de toute la saveur de ce fromage, sortez-le de son emballage 1/2 heure avant de le déguster. || Lait cru de vache*, sel, présure animale, ferments lactiques. *ingrédient issu de l'agriculture biologique. || Valeur énergétique en Joules :  1717kj || Valeur énergétique en Kcal : 414kcal || Lipides : 34g || Protides :27g || A conserver entre 0 et +6°C. || 
17,55€ / Kg || 
3,51 € || 
Edam || Le paquet de 290g || Origine : FRANCE || Lait de vache pasteurisé, sel, ferments lactiques, coagulant, conservateur : nitrate de sodium, colorant : rocou. Croûte non consommable. || A conserver entre +2°C et +8°C. A consommer rapidement après ouverture. || 
8,31€ / Kg || 
2,41 € || 
Emmental au lait cru, AOC, fabriqué en Suisse || Le paquet de 250g || Origine : SUISSE || Ouvrir le sachet 20min. avant consommation. || Lait cru de vache, sel, ferments lactiques, présure. || Valeur énergétique en Joules :  1640 || Valeur énergétique en Kcal : 395 || Glucides : 0g || Lipides : 31g || Protides :29g || A conserver de +4°C à +8°C. || 
15,52€ / Kg || 
3,88 € || 
Emmental au lait cru de Franche Comté, biologique, affinage 10 semaines minimum || Le paquet de 228g || Origine : ALLEMAGNE || Monoprix a sélectionné pour vous, avec des entreprises partenaires, des produits issus de l'agriculture biologique. Leurs modes de production et de transformation sont contrôlés et certifiés par un organisme indépendant, conformément à la réglementation en vigueur. Les producteurs emploient des fertilisants respectueux de l'environnement et pratiquent la rotation des cultures afin de garder des sols vivants et une fertilité durable. || Afin de profiter pleinement de toute la saveur de ce fromage, sortez-le de son emballage 1/2 heure avant de le déguster. || Lait cru vache * - sel - présure fermets lactiques                             *Ingrédient issu de l'agriculture biologique. || Valeur énergétique en Joules :  15463kj || Valeur énergétique en Kcal : 376kcal || Glucides : 0,1 || Lipides : 29g || Protides :28,8g || A conserver entre +2°C et +6°C. || 
14,17€ / Kg || 
3,90 € || 
Emmental au lait cru de Franche Comté, biologique, affinage 10 semaines minimum || Le paquet de 228g || Origine : ALLEMAGNE || Monoprix a sélectionné pour vous, avec des entreprises partenaires, des produits issus de l'agriculture biologique. Leurs modes de production et de transformation sont contrôlés et certifiés par un organisme indépendant, conformément à la réglementation en vigueur. Les producteurs emploient des fertilisants respectueux de l'environnement et pratiquent la rotation des cultures afin de garder des sols vivants et une fertilité durable. || Afin de profiter pleinement de toute la saveur de ce fromage, sortez-le de son emballage 1/2 heure avant de le déguster. || Lait cru vache * - sel - présure fermets lactiques                             *Ingrédient issu de l'agriculture biologique. || Valeur énergétique en Joules :  15463kj || Valeur énergétique en Kcal : 376kcal || Glucides : 0,1 || Lipides : 29g || Protides :28,8g || A conserver entre +2°C et +6°C. || 
14,17€ / Kg || 
3,90 € || 
Emmental français, fromage à pâte pressée cuite || Le paquet de 250g || Origine : FRANCE || LAIT DE VACHE PASTEURISE, SEL, FERMENTS LACTIQUES, COAGULANT ENZYMATIQUE || Valeur énergétique en Joules :  1495 || Valeur énergétique en Kcal : 360 || Lipides : 28 || Protides :27 || A conserver entre +4°C et + 8°C. Après ouverture, à conserver au réfrigérateur et à utiliser rapidement. || 
8,04€ / Kg || 
2,01 € || 
Emmental français, fromage à pâte pressée cuite || Le paquet de 500g || Origine : FRANCE || Lait de vache pasteurisé, sel, ferments lactiques, coagulant. || Valeur énergétique en Joules :  1495Kj || Valeur énergétique en Kcal : 360KCal || Glucides : <0,1g || Lipides : 28g || Protides :27g || A conserver entre +4°C et +8°C. Après ouverture, à conserver au réfrigérateur et à utiliser rapidement. || 
7,68€ / Kg || 
3,84 € || 
Gouda || Le paquet de 290g || Origine : PAYS-BAS || Fromage à pâte pressée non cuite. || Lait de vache pasteurisé, sel, ferments lactiques, présure animale, conservateur : nitrate de sodium, colorant : rocou. Croûte non consommable. || Valeur énergétique en Joules :  1501kj || Valeur énergétique en Kcal : 362kcal || Glucides : <0,1g || Lipides : 30g || Protides :23g || A conserver entre +4°C et +8°C. A consommer rapidement après ouverture. || 
9,76€ / Kg || 
2,83 € || 
Gouda || Les 8 tranches, 200g || Origine : PAYS-BAS || Lait de vache pasteurisé, sel, ferments lactiques, coagulant, conservateur : E251, colorant : E160a. || Valeur énergétique en Joules :  1501Kj || Valeur énergétique en Kcal : 359Kcal || Glucides : 0,1g || Lipides : 30g || Protides :23g || A conserver entre 0°C et +8°C. || 
10,65€ / Kg || 
2,13 € || 
Mimolette jeune || Le paquet de 290g || Origine : FRANCE || Fromage à pâte pressée non cuite. || Fromage pasteurisé à pâte pressée non cuite. 40% de mat. gr./matière sèche. 24% de mat. gr./poids total. || Valeur énergétique en Joules :  1293kj || Valeur énergétique en Kcal : 311kcal || Glucides : <0,1g || Lipides : 23g || Protides :26g || A conserver entre +4°C et +8°C. A consommer rapidement après ouverture. || 
9,59€ / Kg || 
2,78 € || 
Mimolette vieille, 12 mois d'affinage minimum || La barquette de 200g || Origine : FRANCE || Lait pasteurisé - sel - ferments lactiques - présure - colorant : rocou - conservateur : lysozyme d'oeuf. || Valeur énergétique en Joules :  1583kj || Valeur énergétique en Kcal : 381kcal || Glucides : 0,1g || Lipides : 29g || Protides :30g || A conserver entre +4°C et +8°C || 
14,05€ / Kg || 
2,81 € || 
Parmigiano Reggiano, affiné 24 mois || Le paquet de 200g || Origine : ITALIE || Lait cru - sel - présure animale - ferments. || Valeur énergétique en Joules :  1597kj || Valeur énergétique en Kcal : 384kcal || Glucides : 0g || Lipides : 28g || Protides :33g || 
30,19€ / Kg || 
5,59 € || 
Mimolette demi-vieille, affinée 7 mois || La portion de 250g || Origine : FRANCE || Affinée en cave sur planches de bois 7 mois. || Lait de vache pasteurisé partiellement écrémé, sel, ferments lactiques, présures, chlorure de calcium, colorant : rocou, conservateur : lysozyme d'oeuf. 28% de matière grasse dans le produit fini. || A conserver entre +4°C et +8°C. || 
17,64€ / Kg || 
4,41 € || 
Comté, affiné dans le Jura || Le paquet de 325g || Origine : FRANCE || Le Comté est un fromage naturel, sans additifs ni conservateurs. Il est fabriqué à partir d'un lait rigoureusement sélectionné pour sa qualité.Ce lait est issu de vaches de race Montbéliarde et Simmental française dont l'alimentation est essentiellement constituée d'herbe fraîche à la belle saison et de foin l'hiver. Entremont sélectionne les meilleures meules fabriquées dans les fruitières au coeur du massif jurassien. Puis ses affineurs leur apportent tous leurs soins et leur savoir-faire, pendant toute la durée de l'affinage, pour en délivrer le goût subtil et fruité et vous offrir le plaisir d'un fromage issu de la tradition fromagère. || Conservation : + 8°C maxi. || 
13,80€ / Kg || 
4,83 € || 
Comté du Haut Doubs, fromage à pâte pressée cuite, fruité, AOC || Le paquet de 200g || Origine : FRANCE || Entremont a sélectionné pour vous une gamme de fromages d'exception : l'occasion de découvrir des Comtés aux goûts et aux intensités spécifiques selon leur terroir d'origine. || A conserver à +8°C maxi. || 
19,30€ / Kg || 
3,86 € || 
Emmental, affinage de tradition || Le paquet de 250g || Origine : FRANCE || L'Emmental Français Entremont : tout le plaisir de l'Affinage de Tradition !Depuis toujours chez Entremont, nous apportons tout notre amour et notre savoir-faire à l'élaboration et l'affinage de nos meules pour vous offrir le meilleur de l'emmental :une pâte blonde aux saveurs fruitées sous une fine croûte ambrée, signe de notre affinage de Tradition. || Afin de bénéficier de toutes les qualités de l'emmental Entremont, dégustez le 1/2 h après l'avoir sorti du réfrigérateur. Sachet pratique refermable. || Conservation à + 8° maximum. || 
12,32€ / Kg || 
3,08 € || 
Emmental rapé || Le sachet refermable de 150g || Origine : FRANCE || L'emmental râpé extra-fin Entremont : irrésistiblement fondant et savoureux ! Issu exclusivement de Meules Affinage de Tradition, l'emmental Entremont est râpé selon une méthode spécifique qui assure un fondant et une finesse de goût extrêmes. || Sachet fraîcheur refermable. || A conserver à +8°C maxi. Après ouverture, à consommer de préférence dans les 5 jours. Conditionné sous atmosphère protectrice. || 
11,67€ / Kg || 
1,75 € || 
Entremont comte tranches || Le paquet de 120g || Origine : FRANCE || Fromage à pâte pressée cuite, 34% de MG dans le produit fini. || A conserver à +8°C maxi. Conditionné sous atmosphère protectrice. || 
19,33€ / Kg || 
2,32 € || 
Gruyère tendre dégustation || Le paquet de 250g || Origine : FRANCE || Grâce à sa recette exclusive au secret jalousement gardé, Dégustation vous offre un goût délicatement fruité et un moelleux incomparable. || Sachet refermable pour mieux préserver toutes les saveurs et les qualités de votre fromage. || Conservation à + 8° maximum || 
12,28€ / Kg || 
3,07 € || 
Fol épi tranches, fromage tendre et fruité || Le paquet de 150g || Origine : FRANCE || Lait de vache pasteurisÍ, ferments lactiques/propioniques, sel, croÛte consommable colorÍe avec E150a et E160b. || Valeur énergétique en Joules :  1495 || Valeur énergétique en Kcal : 360 || Glucides : 2 || Protides :25 || A conserver entre +4°C et +6°C. Conditionné sous atmosphère protectrice. || 
15,53€ / Kg || 
2,33 € || 
Mini soufflés au fromage || Les 2 pièces de 80g || Origine : FRANCE || Soufflés au fromage Fol Epi: Fromages 40% (Fol Epi*, emmental), lait demi-écrémé, oeufs, amidon modifiés de maïs, sel, poivre *Fromage au lait de vache pasteurisé découpé dans un atelier manipulant des produits au lait de vache et de brebis. Colorants contenus dans la croûte: caramel, annato || Valeur énergétique en Joules :  983 || Valeur énergétique en Kcal : 236 || Glucides : 7 || Lipides : 16 || Protides :16 || 
17,19€ / Kg || 
2,75 € || 
Comté juraflore bio || Le paquet de 240g || Origine : FRANCE || 
16,89€ / Kg || 
4,05 € || 
Comté juraflore bio || Le paquet de 240g || Origine : FRANCE || 
16,89€ / Kg || 
4,05 € || 
Gouda au cumin vieux AOP || La portion de 200g || Origine : PAYS-BAS || Les fromages Holland Master sont affinés pendant de long mois sur des planches de bois, selon la tradition. || Croûte non consommable contenant un conservateur de surface : natamycine. En raison de son long affinage, ce fromage peut avoir légèrement blanchi. Ceci n'altère en rien ses qualités. || LAIT DE VACHE || Valeur énergétique en Joules :  1749kj || Valeur énergétique en Kcal : 422kcal || Glucides : 0g || Lipides : 35g || Protides :27g || A conserver entre 4 et 6°C. Conditionné sous atmosphère protectrice. || 
15,40€ / Kg || 
3,08 € || 
Gouda vieux AOP || La portion de 200g || Origine : PAYS-BAS || Les fromages Holland Master sont affinés pendant de longs mois sur planches de bois. Situés plusieurs mètres en-dessous du niveau de la mer et balayés par les vents marins, les pâturages de la péninsule Noord-Holland confèrent au lait des qualités gustatives reconnues et au Gouda Vieux AOP sa richesse aromatique et sa texture incomparable. Riche et intense en goût. Légers cristaux. || Etui refermable. || LAIT DE VACHE || Valeur énergétique en Joules :  1750kj || Valeur énergétique en Kcal : 420kcal || Glucides : 0g || Lipides : 35g || Protides :27g || A conserver entre +4 et +6°C. Conditionné sous atmosphère protectrice. || 
14,65€ / Kg || 
2,93 € || 
Comté 15 mois affiné au Fort des Rousses || La barquette de 200g || Origine : FRANCE || Depuis 1907, les Fromageries Arnaud vous proposent des fromages d'exception, dont le Comté JuraFlore Fort des Rousses dans différents affinages.Présent maintenant en libre service dans 2 affinages : 9 mois et 15 mois, le Comté JuraFlore Fort des Rousses est protégé par une cave ouvrable et refermable, la Cave Arnaud. Ce procédé unique de conservation garantit la préservation de ses saveurs et de ses arômes. || Sortez la Cave Arnaud du réfrigérateur 30 minutes avant consommation. Remettre le comté dans la Cave Arnaud puis dans votre réfrigérateur. || Fromage à pâte pressée cuite. Sans conservateur, sans colorant ni additif. || Valeur énergétique en Kcal : 414kcal || Glucides : 0,5g || Lipides : 33,7g || Protides :28,3g || A conserver au frais entre 4°C et 10°C. || 
15,48€ / Kg || ##
Comté 15 mois affiné au Fort des Rousses || La barquette de 200g || Origine : FRANCE || Depuis 1907, les Fromageries Arnaud vous proposent des fromages d'exception, dont le Comté JuraFlore Fort des Rousses dans différents affinages.Présent maintenant en libre service dans 2 affinages : 9 mois et 15 mois, le Comté JuraFlore Fort des Rousses est protégé par une cave ouvrable et refermable, la Cave Arnaud. Ce procédé unique de conservation garantit la préservation de ses saveurs et de ses arômes. || Sortez la Cave Arnaud du réfrigérateur 30 minutes avant consommation. Remettre le comté dans la Cave Arnaud puis dans votre réfrigérateur. || Fromage à pâte pressée cuite. Sans conservateur, sans colorant ni additif. || Valeur énergétique en Kcal : 414kcal || Glucides : 0,5g || Lipides : 33,7g || Protides :28,3g || A conserver au frais entre 4°C et 10°C. || 
15,48€ / Kg || ##
Comté 15 mois affiné au Fort des Rousses || La barquette de 200g || Origine : FRANCE || Depuis 1907, les Fromageries Arnaud vous proposent des fromages d'exception, dont le Comté JuraFlore Fort des Rousses dans différents affinages.Présent maintenant en libre service dans 2 affinages : 9 mois et 15 mois, le Comté JuraFlore Fort des Rousses est protégé par une cave ouvrable et refermable, la Cave Arnaud. Ce procédé unique de conservation garantit la préservation de ses saveurs et de ses arômes. || Sortez la Cave Arnaud du réfrigérateur 30 minutes avant consommation. Remettre le comté dans la Cave Arnaud puis dans votre réfrigérateur. || Fromage à pâte pressée cuite. Sans conservateur, sans colorant ni additif. || Valeur énergétique en Kcal : 414kcal || Glucides : 0,5g || Lipides : 33,7g || Protides :28,3g || A conserver au frais entre 4°C et 10°C. || 
20,65€ / Kg || 
4,13 € || 
Fromage au lait pasteurisé || Le paquet de 250g || Origine : FRANCE || Fromage au lait pasteurisé ingrédients: lait écrémé,lait, créme (5%), sel (1,7%), ferments lactiques, enzymecoagulante microbienne, colorant E160a, dans la croûte: colorant E160b, conservateur E235, Croûte non alimentaire, non consommable. Conditionn{ sous atmosphére protectrice. Tenir au froid entre + 4[C et + 8[ || Valeur énergétique en Joules :  1590kj || Valeur énergétique en Kcal : 384kcal || Glucides : 0,1g || Lipides : 32g || Protides :24g || 
13,16€ / Kg || 
3,29 € || 
Fromage au lait pasteurisé || Les 6 tranches, 150g || Origine : FRANCE || Intense et fondant. Retrouvez la douceur de Leerdammer, relevée d'une touche de crème qui lui confère une texture moelleuse. L'affinage spécifique de Leerdammer Le Moelleux lui garantit une saveur légèrement relevée. Leerdammer Le Moelleux est la combinaison surprenant d'une texture fondante et d'un goût intense. || Lait écrémé, lait, crème (5%), sel (1.6%), ferments lactiques, enzyme coagulante microbienne, colorant : béta carotène. || Conservation : min. 4°C, max. 7°C. || 
16,00€ / Kg || 
2,40 € || 
Fromage au lait pasteurisé, spécial baguette || Les 8 tranches, 160g || Origine : PAYS-BAS || Un pique-nique improvisé ? Un déjeuner à emporter ? Avec les tranches Leerdammer Spécial Baguette, retrouvez le goût doux et fruité de Leerdammer dans vos sandwiches maison !Une forme pratique, adaptée à la taille de la baguette, des tranches épaisses et généreuses  pour des sandwiches irrésistibles ! || Lait, sel de cuisine (1,5%), ferments lactiques, enzyme coagulante microbienne. || A conserver entre +4°C et +8°C maximum. Conditionné sous atmosphère protectrice. || 
15,06€ / Kg || 
2,41 € || 
Merzer tendrement léger, tranches || Le paquet de 8 pièces, 170g || Origine : FRANCE || Tout le plaisir d'un vrai fromage avec seulement 12% de matière grasse. || Lait de vache pasteurisé, partiellement écrémé, sel (1,5%), ferments lactiques, présure naturelle, conservateurs : E235. Sans colorant. 12% de matière grasse sur produit fini. || Valeur énergétique en Joules :  928kj || Valeur énergétique en Kcal : 222kcal || Glucides : 0,5g || Lipides : 12g || Protides :28g || A conserver à +2°C et +8°C. || 
18,00€ / Kg || 
3,06 € || 
Emmental, teneur en sel réduite || La plaquette de 200g || Origine : FRANCE || 
14,15€ / Kg || 
2,83 € || 
Emmental à croquer || Les 6 sachets de 18g || Origine : FRANCE || 
17,69€ / Kg || 
1,91 € || 
Emmental coeur de meule, format familial || Le paquet de 400g || Origine : FRANCE || C'est dans le coeur de la meule que l'emmental est le plus moelleux et le plus fruité. C'est pourquoi Président y sélectionne soigneusement ses portions d'emmental. || Fromage à pâte pressée cuite. || Valeur énergétique en Joules :  1512Kj || Valeur énergétique en Kcal : 361Kcal || Glucides : 0g || Lipides : 28g || Protides :28g || Conservation entre +4° et + 8°C maximum., utiliser dans les 8 jours || 
10,13€ / Kg || 
4,05 € || 
Emmental rapé || Le sachet de 200g || Origine : FRANCE || 
9,95€ / Kg || 
1,99 € || 
Emmental rapé, sel réduit || Le sachet de 150g || Origine : FRANCE || Moelleux et fondant en bouche, l'emmental râpé Président sel réduit de 30% révèle un bon goût fruité, faisant de chaque bouchée un vrai régal. || Emmental français râpé (fromage à pâte pressée cuite au lait pasteurisé). 30% de sel en moins que la moyenne des emmentals râpés. 28% de matière grasse sur produit fini. || Valeur énergétique en Joules :  1495kj || Valeur énergétique en Kcal : 360kcal || Glucides : Traces || Lipides : 28g || Protides :27g || A conserver entre +4°C et +8°C. Afin de mieux profiter de toute la saveur et du moelleux de votre emmental, nous vous conseillons de le consommer dans les 6 jours suivant l'ouverture du sachet. Conditionné sous atmosphère protectrice. || 
12,87€ / Kg || 
1,93 € || 
Emmental râpé fondant, 28% de matière grasse sur produit fini || Les 3 sachets de 70g, soit 210g || Origine : FRANCE || Moelleux et fondant en bouche, l'Emmental Râpé Fondant Président révèle un goût doux et fruité  Lait 100% origine France.L'emmental Râpé Fondant Président, c'est 99% de lait avec un peu de sel et de ferments ! || A savourer à chaque instant dans vos pâtes, gratins ou quiches. || Emmental français râpé (fromage à pâte pressée cuite). 28% de matière grasse sur produit fini. || Valeur énergétique en Joules :  1495kj || Valeur énergétique en Kcal : 360kcal || Glucides : traces || Lipides : 28g || Protides :27g || Conservation entre +4° et + 8°C. A consommer dans les 6 jours suivant l'ouverture du sachet. Conditionné sous atmosphère protectrice. || 
11,76€ / Kg || 
2,47 € || 
Emmental en tranches spécial baguette || Le paquet de 130g || Origine : FRANCE || Doux & fondant. || Idéal pour sandwich. Ouvrir 1/2 heure avant consommation. || Lait de vache pasteurisÍ , ferments lactiques, sel, coagulant || Valeur énergétique en Joules :  1525kj || Valeur énergétique en Kcal : 367kcal || Glucides : traces || Lipides : 28g || Protides :28g || A conserver entre +4°C et +8°C. Conditionné sous atmosphère protectrice. || 
14,38€ / Kg || 
1,87 € || 
Comté rapé, fromage à pâte pressée cuite || Le sachet de 140g || Origine : FRANCE || Finement râpé, ce fromage apportera un goût subtil et fruité à toutes vos recettes. || Lait crue de vache - sel - ferment lactiques - présure animale. || Valeur énergétique en Joules :  1734kj || Valeur énergétique en Kcal : 418kcal || Glucides : 0,1g || Lipides : 34g || Protides :28g || A conserver entre +4°C et +8°C. A consommer dans la semaine suivant l'ouverture. Conditionné sous atmosphère protectrice. || 
13,43€ / Kg || 
1,88 € || 
Emmental français râpé || Les 3 sachets de 35g || Origine : FRANCE || Emmental français râpé, fromage à pâte pressée cuite. || Lait de vache, sel, ferments lactiques, coagulant. || Valeur énergétique en Joules :  1549kj || Valeur énergétique en Kcal : 373kcal || Glucides : <0,1g || Lipides : 29g || Protides :28g || A conserver entre +4°C et +8°C. Après ouverture, à conserver au réfrigérateur et à consommer dans les 5 jours. Conditionné sous atmosphère protectrice. || 
11,24€ / Kg || 
1,18 € || 
Emmental français râpé || Le sachet de 200g || Origine : FRANCE || Emmental français râpé, fromage à pâte pressée cuite. || Lait de vache pasteurisé, sel, ferments lactiques coagulant. || A conserver entre +4°C et +8°C. Après ouverture, à conserver au réfrigérateur et à consommer dans les 5 jours. Conditionné sous atmosphère protectrice. || 
7,65€ / Kg || 
1,53 € || 
Emmental français râpé || Le sachet de 400g || Origine : FRANCE || Emmental français râpé, fromage à pâte pressée cuite. || Lait de vache pasteurisé, sel, ferments lactiques, coagulant. || Valeur énergétique en Joules :  1549kj || Valeur énergétique en Kcal : 373kcal || Glucides : 0,1g || Lipides : 29g || Protides :28g || A conserver entre +4°C et +8°C. Après ouverture, à conserver au réfrigérateur et à consommer dans les 5 jours. Conditionné sous atmosphère protectrice. || 
7,48€ / Kg || 
2,99 € || 
Emmental râpé || Les 3 sachets de 70g || Origine : FRANCE || Emmental français râpé, fromage à pâte pressée cuite. || Lait, ferments lactiques, coagulant, sel. || A conserver entre +4°C et +8°C. Après ouverture, à conserver au réfrigérateur et à consommer dans les 5 jours. Conditionné sous atmosphère protectrice. || 
7,62€ / Kg || 
1,60 € || 
Emmental râpé || Le sachet de 100g || Origine : FRANCE || Emmental français râpé, fromage à pâte pressée cuite. || Lait , ferments lactiques ,-coagulant , sel. || Valeur énergétique en Joules :  1549Kj || Valeur énergétique en Kcal : 373Kcal || Glucides : <01,1g || Lipides : 29g || Protides :28g || A conserver entre +4°C et +8°C. Après ouverture, à conserver au réfrigérateur et à consommer dans les 5 jours. Conditionné sous atmosphère protectrice. || 
11,20€ / Kg || 
1,12 € || 
Emmental râpé, au lait cru de Franche Comté || Le sachet de 100g || Origine : FRANCE || Monoprix a sélectionné pour vous avec des entreprises partenaires, des produits issus de l'agriculture biologique. Leurs modes de production et de transformation sont contrôlés et certifiés par un organisme indépendant, conformément à la réglementation en vigueur. Les producteurs emploient des fertilisants respectueux de l'environnement et pratiquent la rotation des cultures afin de garder des sols vivants et une fertilité durable. || Lait cru de vache* - sel - présure - ferments lactiques.                       *ingrédients issu de l'agriculture biologique. || Valeur énergétique en Joules :  1563kj || Valeur énergétique en Kcal : 376kcal || Glucides : 0,1g || Lipides : 29g || Protides :29g || A conserver entre +4°C et +8°C maxi. || 
14,50€ / Kg || 
1,45 € || 
Emmental râpé, au lait cru de Franche Comté || Le sachet de 100g || Origine : FRANCE || Monoprix a sélectionné pour vous avec des entreprises partenaires, des produits issus de l'agriculture biologique. Leurs modes de production et de transformation sont contrôlés et certifiés par un organisme indépendant, conformément à la réglementation en vigueur. Les producteurs emploient des fertilisants respectueux de l'environnement et pratiquent la rotation des cultures afin de garder des sols vivants et une fertilité durable. || Lait cru de vache* - sel - présure - ferments lactiques.                       *ingrédients issu de l'agriculture biologique. || Valeur énergétique en Joules :  1563kj || Valeur énergétique en Kcal : 376kcal || Glucides : 0,1g || Lipides : 29g || Protides :29g || A conserver entre +4°C et +8°C maxi. || 
14,50€ / Kg || 
1,45 € || 
Grana padano, fromage râpé italien, affiné 15 mois || Le sachet de 100g || Origine : ITALIE || Ce fromage italien au lait cru bénéficie d'une Appellation d'origine Protégée (A.O.P.). Le Grana Padano Monoprix Gourmet est obtenu par râpage de la partie noble de la meule, c'est-à-dire son coeur. La technique de râpage en petits grains permet d'obtenir un produit fondant et onctueux mais surtout de préserver toute la saveur originelle du produit. || Ce fromage râpé est idéal pour relever vos préparations à base de pâtes, vos gratins, vos soupes et même vos pizzas. || Lait cru de vache, sel, présure de veau, conservateur : lysozyme (protéine naturelle dérivée du blanc d'oeuf). || Valeur énergétique en Joules :  1693Kj || Valeur énergétique en Kcal : 407KCal || Glucides : 1,5g || Lipides : 29g || Protides :35g || A consommer entre 0°C et +8°C. || 
24,60€ / Kg || 
2,46 € || 
Parmigiano Reggiano, AOP, affiné 30 mois || La pointe de 150g || Origine : ITALIE || Lait, sel, présure. || Valeur énergétique en Joules :  1633kj || Valeur énergétique en Kcal : 392kcal || Glucides : 0g || Lipides : 28,4g || Protides :33g || A conserver entre 0°C et +4°C. || 
33,27€ / Kg || 
4,99 € || 
Parmigiano reggiano, fromage râpé italien || Le sachet de 70g || Origine : FRANCE || Lait cru de vache, sel, ferments lactiques, présure animale. || Valeur énergétique en Joules :  1633Kj || Valeur énergétique en Kcal : 392Kcal || Glucides : 0 || Lipides : 28,4g || Protides :33g || A conserver entre +2°C et +8°C. A consommer dans la semaine suivant l'ouverture. || 
22,71€ / Kg || 
1,59 € || 
Parmigiano Reggiano, parmesan en copeaux, affiné 24 mois || La boîte de 80g || Origine : ITALIE || Affiné 18 mois minimum. || Conditionné sous atmosphère protectrice. || Lait cru, sel, présure animale. || Valeur énergétique en Joules :  1618kj || Valeur énergétique en Kcal : 389kcal || Glucides : 0 || Lipides : 28g || Protides :33g || A conserver entre 0°C et +4°C. || 
33,75€ / Kg || 
2,70 € || 
Parmigiano Reggiano, parmesan râpe, affin{ 24 mois || La boîte de 70g || Origine : ITALIE || Affiné 24 mois minimum. || Lait cru, sel, présure animale. || Valeur énergétique en Joules :  1597kj || Valeur énergétique en Kcal : 384kcal || Glucides : 0 || Lipides : 28g || Protides :33g || A conserver entre 0°C et +4°C. || 
33,57€ / Kg || 
2,35 € || 
Pecorino Romano râpé, fromage italien au lait thermisé de brebis || Le sachet de 50g || Origine : ITALIE || Lait thermisé de brebis, sel, ferments lactiques, présure animale. 31% de MG sur produit fini. || Valeur énergétique en Joules :  1623kj || Valeur énergétique en Kcal : 391kcal || Glucides : 0g || Lipides : 31g || Protides :28g || A conserver entre 0°C et +4°C. || 
19,80€ / Kg || 
0,99 € || 
Grana padano rapé || Le sachet de 100g || Origine : ITALIE || Grana Padano à 28% de MG sur poids total. || D'un goût intense tout en étant délicat, le Grana Padano accompagne les pâtes, le riz, les soupes (et plus particulièrement le minestrone). Il personnalisera les sauces aux fromages, les farces et, bien sûr tous les gratins. || Lait cru de Vache, Sel , Presure, conservateur : lyzosyme (proteines d'oeufs) || Valeur énergétique en Joules :  1597kj || Valeur énergétique en Kcal : 394kcal || Glucides : 0 || Lipides : 28g || Protides :33g || Conserver à +6°C maxi. Produit conditionné sous atmosphère protectrice. || 
15,05€ / Kg || ##
Grana padano rapé || Le sachet de 100g || Origine : ITALIE || Grana Padano à 28% de MG sur poids total. || D'un goût intense tout en étant délicat, le Grana Padano accompagne les pâtes, le riz, les soupes (et plus particulièrement le minestrone). Il personnalisera les sauces aux fromages, les farces et, bien sûr tous les gratins. || Lait cru de Vache, Sel , Presure, conservateur : lyzosyme (proteines d'oeufs) || Valeur énergétique en Joules :  1597kj || Valeur énergétique en Kcal : 394kcal || Glucides : 0 || Lipides : 28g || Protides :33g || Conserver à +6°C maxi. Produit conditionné sous atmosphère protectrice. || 
15,05€ / Kg || ##
Grana padano rapé || Le sachet de 100g || Origine : ITALIE || Grana Padano à 28% de MG sur poids total. || D'un goût intense tout en étant délicat, le Grana Padano accompagne les pâtes, le riz, les soupes (et plus particulièrement le minestrone). Il personnalisera les sauces aux fromages, les farces et, bien sûr tous les gratins. || Lait cru de Vache, Sel , Presure, conservateur : lyzosyme (proteines d'oeufs) || Valeur énergétique en Joules :  1597kj || Valeur énergétique en Kcal : 394kcal || Glucides : 0 || Lipides : 28g || Protides :33g || Conserver à +6°C maxi. Produit conditionné sous atmosphère protectrice. || 
20,10€ / Kg || 
2,01 € || 
Parmigiano reggiano râpé || Le sachet de 60g || Origine : ITALIE || Parmigiano Reggiano à 28% de matière grasse sur poids total. || D'un goût fruité le Parmesan accompagne plus particulièrement les pâtes mais aussi le riz, la polenta et les soupes. Il personnalisera les sauces aux fromages, les farces et bien sur tous les gratins. || Lait cru de Vache, Sel , Presure || Valeur énergétique en Joules :  1633kj || Valeur énergétique en Kcal : 392KCAL || Glucides : 0 || Lipides : 28.4 || Protides :33g || A conserver à +8°C maxi. Conditionné sous atmosphère protectrice et à consommer rapidement après ouverture. || 
30,17€ / Kg || 
1,81 € || 
Comté râpé || Le sachet de 140g || Origine : FRANCE || Finement râpé, ce comté vous délivrera un goût subtil et fruité pour sublimer votre cuisine.Fondant et moelleux, le Comté râpé Entremont donnera à toutes vos recettes ce délicieux petit goût fruité. Un plaisir de chaque instant ! Le Comté Entremont :lentement affiné généreux en saveurs ! || Conserver à +8°C. Conditionné sous atmosphère protectrice. || 
17,14€ / Kg || 
2,40 € || 
Emmental rapé || Le sachet refermable de 500g || Origine : FRANCE || L'Emmental français Entremont : tout le plaisir de l'affinage de Tradition ! Depuis toujours chez Entremont, nous apportons tout notre amour et notre savoir-faire à l'élaboration et l'affinage de nos Meules pour vous offrir le meilleur de l'Emmental.Irrésistiblement fondant et savoureux, cet emmental sublimera tous vos plats : parole d'Entremont. || Sachet fraîcheur refermable. || A conserver à +8°C maxi. Après ouverture, à consommer de préférence dans les 5 jours. Conditionné sous atmosphère protectrice. || 
11,22€ / Kg || 
5,61 € || 
Emmental râpé extra-fin || Les 3 sachets de 70g || Origine : FRANCE || conservation à + 8° maximum; A consommer dans les 5 jours suivants l'ouverture. || 
13,10€ / Kg || 
2,75 € || 
Emmental râpé extra-fin || Le sachet de 325g || Origine : FRANCE || conservation à + 8° maximum; A consommer dans les 5 jours suivants l'ouverture. || 
11,45€ / Kg || 
3,72 € || 
Gruyère râpé, affiné dans le Jura || Le sachet de 150g || Origine : FRANCE || Entremont a mis tout son savoir-faire dans ce délicieux Gruyère au fondant et au goût si subtils. || L'astuce maligne pour sublimer gratins traditionnels, plats de pâtes gourmands ou encore tartines chaudes. || Conservation : +8°C maxi. || 
16,33€ / Kg || 
2,45 € || 
Mélange de trois fromages râpés au lait de vache pasteurisé, tomme, émmental et mozzarella || Le sachet de 200g || Origine : FRANCE || Découvrez une recette unique, qui révèle une richesse de saveurs dans vos plats préférés grâce à l'association harmonieuse et originale de 3 savoureux fromages. 3 savoureux fromages : la tomme de caractère pour son goût intense, l'emmental pour sa note subtile et fruitée, la mozzarella pour sa douceur et son fondant exceptionnel. || Fromage à pâte pressée (lait de vache pasteurisé, sel, ferments, colorant : E160b), emmental, mozzarella, anti-agglomérant : cellulose. Fabriqué en France. || Valeur énergétique en Joules :  1435kj || Valeur énergétique en Kcal : 346kcal || Glucides : Traces || Lipides : 28g || Protides :23g || A conserver entre +4° et + 8°C maximum. Conditionné sous atmosphère protectrice. Afin de mieux profiter de toute la saveur et du fondant du râpé 'le 3 Saveurs' Président, nous vous conseillons de le consommer dans les 6 jours suivant l'ouverture du sachet. || 
13,95€ / Kg || 
2,79 € || 
Assortiment de trois fromages à raclette, nature, goût fumé et fromages aux poivres || La barquette de 700g || Origine : FRANCE || Raclette nature, fromage goût fumé, fromage aux poivres. || 5-6 personnes. Environ : 9 tranches pour chacun. || Raclette nature : lait de vache pasteurisé, sel, ferments (dont lait), colorants (croûte) : E160b, E120, conservateurs : E235 (croûte), lysozyme d'oeuf. Fromage goût fumé : lait de vache pasteurisé, sel, ferments (dont lait), colorants (croûte) : E150b, E120, conservateurs : E235 (croûte), lysozyme d'oeuf, arôme fumée. Fromage aux poivres : lait de vache pasteurisé, sel, poivres vert et noir 1%, ferments (dont lait), arôme naturel de poivre (dont lait), colorants (croûte) : E160b, E120, conservateurs : E235 (croûte), lysozyme d'oeuf. || Valeur énergétique en Joules :  1362kj || Valeur énergétique en Kcal : 328kcal || Glucides : 0,5g || Lipides : 26g || Protides :23g || A conserver entre +4°C et +8°C. Conditionné sous atmosphère protectrice. || 
10,93€ / Kg || 
7,65 € || 
Fondue aux deux fromages, Emmental et Comté || La boite de 450g || Origine : FRANCE || Préparation alimentaire fondue aux 2 fromages. || Retirez l'opercule de la barquette et versez le contenu de la barquette dans un carton. Portez à ébullition pendant quelques minutes en remuant régulièrement. Dès que la fondue est onctueuse et filante, elle est prête, maintenez à ébullition. Piquezdes dés de pain à l'aide d'une fourchette. || FROMAGES 48%(EMMENTAL 34%, COMTE 14%), EAU, VIN BLANC, AMIDON TRANSFORME DE MAIS, AIL EN POUDRE, KIRSCH, SEL, POIVRE BLANC || Valeur énergétique en Joules :  895 || Valeur énergétique en Kcal : 215 || Glucides : 5 || Lipides : 15 || Protides :15 || A conserver entre +4°C et +8°C. || 
8,64€ / Kg || 
3,89 € || 
Fromage pour raclette, en tranches || Les 2 barquettes, 800g || Origine : FRANCE || Lait de vache pasteurisé, sel, coagulant, ferments, conservateur : lysozyme d'oeuf, colorants de la croûte : E120, E160b, conservateur de la croûte : natamycine. || Pour plus de saveur, ouvrir 30 minutes avant de servir. || Valeur énergétique en Joules :  1362kj || Valeur énergétique en Kcal : 328kcal || Glucides : 0,5g || Lipides : 26g || Protides :23g || A conserver entre +4°C et +8°C. A consommer rapidement après ouverture. || 
8,36€ / Kg || 
6,69 € || 
Fromage pour raclette en tranche || La barquette de 400g || Origine : FRANCE || Pour plus de saveur, ouvrir 30 minutes avant de servir. || Lait pasteurisé, sel, coagulant, ferments, conservateur : lysozyme d'oeuf, colorants de la croûte : E120, E160b, conservateur de la croûte : natamycine. || Valeur énergétique en Joules :  1362kj || Valeur énergétique en Kcal : 328kcal || Glucides : 0,5g || Lipides : 26g || Protides :23g || A conserver entre +4°C et +8°C. || 
9,68€ / Kg || 
3,87 € || 
Raclette de Savoie tranchées, au lait cru de vache || Le plateau de 400g || Origine : FRANCE || 
22,40€ / Kg || 
8,96 € || 
Fromage pour raclette, 3 saveurs: poivre, nature et fumée || Le plateau de 550g || Origine : FRANCE || 
18,16€ / Kg || 
9,99 € || 
Plateau de raclette à la moutarde, 3 à 4 parts || Le plateau de 500g || Origine : FRANCE || lait pasteurisé de vache, graines de moutarde 1.5%, sel, enzyme coagulante, ferments lactiques. || A conserver entre + 4 °C et + 6 °C || 
20,40€ / Kg || 
10,20 € || 
Plateau de raclette au lait cru, 3 à 4 parts || Le plateau de 500g || Origine : FRANCE || Lait cru de vache, sel, enzyme coagulante, ferments lactiques. || A conserver entre + 4 °C et + 6 °C || 
20,40€ / Kg || 
10,20 € || 
Plateau de raclette au poivre, 3 à 4 parts || Le plateau de 500g || Origine : FRANCE || lait pasteurisé de vache, grains de poivre 0.3%, sel, enzyme coagulante, ferments lactiques. || A conserver entre + 4 °C et + 6 °C || 
20,40€ / Kg || 
10,20 € || 
Fromage pour raclette, au lait entier, saveur d'antan || Les 15 tranches, 350g || Origine : FRANCE || Pour 2/3 personnes. || Conserver à +8°C maximum. Conditionné sous atmosphère protectrice. || 
14,00€ / Kg || 
4,90 € || 
Plateau saveur 3 monts, morbier, raclette et tomme || La barquette de 600g || Origine : FRANCE || 
16,65€ / Kg || 
9,99 € || 
Raclette 3 saveurs, 3 poivres, nature et fumée || La barquette de 600g || Origine : FRANCE || 
12,58€ / Kg || 
7,55 € || 
Raclette nature et morbier || Le paquet de 350g || Origine : FRANCE || Raclette : fromage à pâte pressée non cuite au lait pasteurisé. Morbier : fromage à pâte pressée non cuite au lait cru. || Conditionné sous atmosphère protectrice. || A conserver au frais à +8°C maximum. A consommer rapidement après ouverture. || 
17,57€ / Kg || 
6,15 € || 
Râpé pour fondue || Le paquet de 400g || Origine : FRANCE || Grâce au savoir-faire de nos maîtres fromagers, nous vous proposons une fine sélection de fromages râpés pour préparer facilement votre fondue. Ce mélange parfaitement adapté pour réussir votre recette savoyarde, alliant le fondant de l'Emmental, lefruité du Comté et toute la saveur du Beaufort, vous garantira un moment convivial. || Frottez le caquelon avec une gousse d'ail coupée en deux. Mettez à chauffer le vin blanc à feu moyen. Quand le vin frémit, ajouter votre sachet de fromages râpés pour fondue Entremont. Laissez fondre sur feu doux, tout en mélangeant jusqu'à ce que lafondue devienne lisse et homogène. Assaisonnez de poivre et de noix de muscade et remuez le tout pendant 5 minutes jusqu'à une légère ébullition. Pour terminer, déposez votre caquelon sur le réchaud et c'est prêt. Conditionné sous atmosphère protectrice. || A conserver au frais à +8°C maximum et à consommer de préférence sous 5 jours après ouverture. || 
15,75€ / Kg || 
6,52 € || 
Fromage pour tartiflette || boite de 450g || Origine : FRANCE || Très facile et toujours apprécié par les grands comme les petits. || Lait, sel, ferments, enzymes coagulantes. || Valeur énergétique en Joules :  1366kj || Valeur énergétique en Kcal : 329kcal || Glucides : 1g || Lipides : 27g || Protides :20g || A conserver à +8°C maximum. || 
11,44€ / Kg || 
5,15 € || 
Fromage pour tartiflette || La pièce de 250g || Origine : FRANCE || Lait, sel, ferments, coagulant || Valeur énergétique en Joules :  1366 || Valeur énergétique en Kcal : 329 || A conserver Å +8¢C maximum || 
12,60€ / Kg || 
3,15 € || 
Plateau pour raclette, 3 saveurs, poivre, lait cru, moutarde || La barquette de 360g || Origine : FRANCE || 
22,61€ / Kg || 
8,14 € || 
Fondue Savoyarde, 100% fromage de Savoie au lait cru || Le sachet de 400g || Origine : FRANCE || Fondue haut de gamme riche en saveurs. Notre spécialité le Beaumont de Savoie rend cette fondue unique. L'Abondance AOP, de notre atelier sur les hauteurs du lac Léman, type finement le goût.Depuis 1919, Pochat et fils fabriquent et affinent des fromages de Savoie avec ce savoir faire qu'on se transmet de génération en génération. || Prédosée pour 2 gourmands ou un repas familial pour 3. Ajoutez le vin et préparez en 10 minutes une succulente fondue selon la méthode traditionnelle et naturelle. || 100% fromage de Savoie au lait cru, Emmental de Savoie IGP 40%, Beaumont de Savoie 40%, Beaufort AOP 10%, Abondance AOP 10%. Matière grasse dans le mélange. Sans additif ni conservateur. || Conservation entre +4° et + 8°C maximum. Conditionnée sous atmosphère modifiée. || 
18,18€ / Kg || 
7,27 € || 
Petit reblochon de Savoie fruitier, au lait cru || La pièce de 240g || Origine : FRANCE || Lait cru de vache, sel, ferments, présure, colorant de croûte : rocou. || Conserver entre +4°C et +8°C. || 
16,63€ / Kg || 
3,99 € || 
Raclette de Savoie au lait de montagne || La barquette de 360g || Origine : FRANCE || 
9,56€ / Kg || ##
Raclette de Savoie au lait de montagne || La barquette de 360g || Origine : FRANCE || 
9,56€ / Kg || ##
Raclette de Savoie au lait de montagne || La barquette de 360g || Origine : FRANCE || 
12,75€ / Kg || 
4,59 € || 
Reblochon de Savoie au lait cru, fruitier AOP || La pièce de 450g || Origine : FRANCE || Petit Reblochon de Savoie au lait cru. || Lait cru de vache, sel, ferments, présure, colorant de croûte : rocou. || Conserver entre +4°C et +8°C. || 
16,00€ / Kg || 
7,20 € || 
La fondue aux 3 fromages prête en 5min. || La boîte de 450g || Origine : FRANCE || Découvrez la fondue Président aux 3 Fromages, une recette généreuse et onctueuse, fruit d'un savoir-faire et d'une sélection rigoureuse de fromages et vin, sans colorant, ni conservateur. || Versez le contenu de la barquette dans un caquelon ou une casserole et portez à feu vif. Tournez énergiquement et constamment à l'aide d'une spatule jusqu'à ébullition. Dégustez votre fondue en trempant des dés de pain avec des piques ou fourchettes,tout en maintenant le caquelon ou la casserole au chaud à l'aide d'un réchaud ou d'une chauffe-plat, et en remuant régulièrement. || Fromages 51% (emmental 36%, comté 11%, gruyère 4%), eau, vin blanc, amidon transformé de maïs, ail, kirsch, sel, poivre blanc. Sans colorant, ni conservateur. || Conservation entre +2° et + 6°C maximum. || 
11,09€ / Kg || 
4,99 € || 
Assortiment de fromage à raclette, affinage sur épicéa || Les 27 tranches, 700g || Origine : FRANCE || Avec ses 3 savoureuses variétés de fromage, l'assortiment RicheMonts est le plateau idéal pour une soirée raclette parfaite. Lait de montagne. Affinage sur épicéa.L'assortiment RicheMonts séduira vos convives par son originalité pleine de saveur et de gourmandise. || Pour 6 à 7.  Il vous suffit de retirer le film protecteur du plateau 30 minutes avant de servir. || Raclette de caractère : lait pasteurisé, sel, ferments lactiques, colorants de la croûte : E150b, E160, conservateurs : E235, E1105 (extrait de l'oeuf). 29% mat. Gr. Dans le produit fini. Nature : lait pasteurisé, sel, ferments lactiques, colorants de la croûte : E160b, E120, conservateurs : E235, E1105 (extrait de l'oeuf). 26% mat. Gr. Dans le produit fini. 3 poivres : lait pasteurisé, sel, poivre 1%, ferments lactiques, colorants de la croûte : E160b, E120, conservateurs : E235, E1105 (extraitde l'oeuf), arôme naturel. 26% mat. Gr. Dans le produit fini. Conditionné sous atmosphère protectrice. || Conservation : +4°C +8°C. || 
14,84€ / Kg || 
10,39 € || 
Fondue au poivre || La boîte de 150g || Origine : FRANCE || Valeur énergétique en Joules :  963 || Valeur énergétique en Kcal : 232 || Glucides : 3.5 || Lipides : 18 || Protides :14 || 
16,53€ / Kg || 
2,48 € || 
Fromage à raclette classique, -25% de sel || Le paquet de 400g || Origine : FRANCE || LAIT DE VACHE PASTEURISE - SEL - FERMENTS LACTIQUES ET D'AFFINAGE - COAGULANT - CONSERVATEUR (E 235) || 
12,63€ / Kg || 
5,05 € || 
Fromage pour raclette, affinage sur épicéa || Les 2 barquettes, 850g || Origine : FRANCE || Riches Monts, La Raclette, un grand moment de plaisir à partager en famille ou entre amis. Affinage sur Epicea. Trente ans de tradition. || Pour 7 à 8 personnes. || Lait pasteurisé, sel, ferments lactiques, colorants de la croûte : E160b, E120, conservateurs : E235, E1105 (oeuf). 48% mat. gr./E.S. = 26% mat. gr. Dans le produit fini. || A conserver entre +4°C et +8°C. Conditionné sous atmosphère protectrice. || 
11,75€ / Kg || 
9,99 € || 
Fromage pour raclette, au lait de montagne || Les 16 tranches, 400g || Origine : FRANCE || Découvrez toute la richesse du lait de montagne dans cette raclette au goût subtil et fruité, qui se dévoile dans une pâte onctueuse à souhait.C'est l'excellente qualité de l'herbe en montagne qui contribue à la qualité aromatique de ce lait. La marque n°1 de la raclette. || 3-4 personnes. || Lait pasteurisé, sel, ferments lactiques, colorants de la croûte : E150b, E120, conservateurs : E235, E1105 (extrait de l'oeuf). 50% mat. gr./E.S. = 29% mat. gr. dans le produit fini. || Conservation : +4°C +8°C. || 
12,63€ / Kg || 
5,05 € || 
Fromage pour raclette, classique || Les 16 tranches, 400g || Origine : FRANCE || Trente ans de tradition. Affinage sur Epicéa.La marque n°1 de la raclette. || Valeur énergétique en Joules :  100 || Valeur énergétique en Kcal : 100 || Glucides : 100 || Lipides : 400 || Protides :100 || LAIT DE VACHE PASTEURISE - SEL - COAGULANT - CHLORURE DE CALCIUM - FERMENT LACTIQUE ET D'AFFINAGE COLORANT DE SURFACE E 160b   E 120 - CONSERVATEURS E 235 - LYSOZYME E 1105 || A CONSERVER ENTRE 4¢C ET 6¢C || 
12,38€ / Kg || 
4,95 € || 
Fromage pour raclette, goût nature, affinage sur épicéa || Les 10 tranches, 250g || Origine : FRANCE || Affinage sur Epicea. Trente ans de tradition. || Pour 2 personnes. || Lait pasteurisé, sel, ferments lactiques, colorants de la croûte : E160b, E120, conservateurs : E235, E1105 (extrait de l'oeuf). 48% matière grasse/ES = 26% matière grasse dans le produit fini. || A conserver entre +4°C et +8°C. Conditionné sous atmosphère protectrice. || 
13,96€ / Kg || 
3,49 € || 
Fromage pour raclette, goût nature et fumé || Les 16 tranches, 400g || Origine : FRANCE || 
13,60€ / Kg || 
5,44 € || 
Fromage pour raclette, goût nature et moutarde || Les 16 tranches, 400g || Origine : FRANCE || Fromages à pâte pressée nature et aromatisé à la moutarde. || Pour 3/4 personnes. Environ 16 tranches. || A conserver entre +4°C et +8°C. Conditionné sous atmosphère protectrice. || 
12,83€ / Kg || 
5,13 € || 
Fromage pour raclette sans croûte, au lait de montagne || Les 16 tranches, 400g || Origine : FRANCE || Tout le plaisir sans la croûte.La marque n°1 de la raclette. || Pour 3-4 personnes. || Lait pasteurisé, sel, ferments lactiques, conservateurs : E235, E1105 (extrait de l'oeuf). 48% mat. gr./E. S. = 26% mat. gr. dans le produit fini. || Conservation : 4°C - 8°C. || 
12,48€ / Kg || 
4,99 € || 
Mini fondue, recette savoyarde aux 3 fromages || Le pot de 150g || Origine : FRANCE || 
16,13€ / Kg || 
2,42 € || 
Raclette, tranches XXL || La barquette de 490g || Origine : FRANCE || LAIT DE VACHE PASTEURISE - SEL - FERMENTS LACTIQUES ET D'AFFINAGE - COAGULANT - CONSERVATEUR (E 235) || 
14,14€ / Kg || 
6,93 € || 
Beaufort au lait cru, affiné 6 mois, AOC || Le paquet de 200g || Origine : FRANCE || Fromage à pâte pressée cuite au lait cru de vache. || Fromage à pâte pressée cuite au lait entier. || Valeur énergétique en Joules :  1689g || Valeur énergétique en Kcal : 407g || Glucides : 1,5g || Lipides : 33g || Protides :26g || A conserver entre +4°C et +8°C. Conditionné sous atmosphère protectrice. || 
24,85€ / Kg || 
4,97 € || 
Brique au lait de vache pasteurisé || La barquette de 200g || Origine : FRANCE || Pour apprécier toute la saveur de la Brique Monoprix, sortez-la du réfrigérateur en début de repas. || Lait et crème pasteurisés, sel, ferments, présure animale. || Valeur énergétique en Joules :  1473kj || Valeur énergétique en Kcal : 356kcal || Glucides : 1g || Lipides : 32g || Protides :16g || A conserver entre +2°C et +6°C. A consommer rapidement après ouverture. || 
9,75€ / Kg || 
1,95 € || 
Cantal au lait cru, affiné 4 mois, AOC || Le paquet de 200g || Origine : FRANCE || Fromage au lait cru de vache. || Lait cru de vache, sel, présure animale, ferments, chlorure de calcium. || Valeur énergétique en Joules :  1544kj || Valeur énergétique en Kcal : 372kcal || Glucides : 0g || Lipides : 9g || Protides :7,5g || A conserver entre +2°C et +°6C. || 
13,00€ / Kg || 
2,60 € || 
Crème fraîche épaisse, 30% de mat. Gr. || Le pot de 20cl || Origine : FRANCE || Crème de lait, ferments lactiques sélectionnés. || Valeur énergétique en Joules :  1198kj || Valeur énergétique en Kcal : 287kcal || Glucides : 2,9g || Lipides : 30g || Protides :2,3g || A conserver entre +2°C et +6°C || 
3,55€ / L || 
0,71 € || 
Mascarpone || Le pot de 250g || Origine : ITALIE || Crème pasteurisée, correcteur d'acidité : acide citrique. || A conserver entre 0°C et +4°C. || 
7,40€ / Kg || 
1,85 € || 
Morbier au lait cru, AOP || Le morceau de 200g || Origine : FRANCE || Lait cru de vache - sel - présure animale - ferments lactiques - charbon       lactiques. || Valeur énergétique en Joules :  1580kj || Valeur énergétique en Kcal : 381kcal || Glucides : 1,9g || Lipides : 31g || Protides :23g || 
12,30€ / Kg || 
2,46 € || 
Petit Pont l'Evêque AOC, au lait de vache pasteurisé || La boîte de 220g || Origine : FRANCE || Lait pasteurisé de vache, sel, ferments, présure, chlorure de calcium. || Valeur énergétique en Joules :  1188kj || Valeur énergétique en Kcal : 286kcal || Glucides : 0g || Lipides : 22g || Protides :22g || A conserver entre 0°C et +8°C || 
12,64€ / Kg || 
2,78 € || 
Queso Manchego || La piece de 180g || Origine : ESPAGNE || Fromage de brebis au lait pasteurisé. || Pour une meilleure dégustation, nous vous conseillons de sortir le produit du réfrigérateur et de le retirer de son emballage 15 minutes avant l'usage. || Lait de brebis pasteurisé, ferments lactiques, sel, présure animale, conservateur : lysozyme (protéine d'oeuf). Croûte non consommable (colorants : oxydes de fer et caramel au sulfite d'ammonium, conservateurs : natamycine et acide sorbique). Conditionné en Espagne. || Valeur énergétique en Joules :  1887kj || Valeur énergétique en Kcal : 455kcal || Glucides : 1,3g || Lipides : 38g || Protides :27g || A conserver entre 0°C et +6°C. || 
20,22€ / Kg || 
3,64 € || 
Saint Félicien, fromage au lait cru || La boîte de 180g || Origine : FRANCE || Fromage au lait cru de vache 90%, crème pasteurisée de lait de vache 5%, ferments lactiques, sel, présure. || Valeur énergétique en Joules :  1246kj || Valeur énergétique en Kcal : 301kcal || Glucides : 0,5g || Lipides : 27g || Protides :14g || A conserver entre +2°C et +6°C. || 
10,67€ / Kg || 
1,92 € || 
Saint Marcellin, fromage au lait cru || La boîte de 80g || Origine : FRANCE || Lait cru entier de vache, ferments lactiques, sel, présure. || Valeur énergétique en Joules :  1138kj || Valeur énergétique en Kcal : 275kcal || Glucides : 0,9g || Lipides : 23g || Protides :16g || A conserver entre +2°C et +6°C. || 
14,00€ / Kg || 
1,12 € || 
Saint-Nectaire laitier || La barquette de 160g || Origine : FRANCE || Lait pasteurisé de vache - sel - ferments - présure animale. || Valeur énergétique en Joules :  1427kj || Valeur énergétique en Kcal : 344kcal || Glucides : 1g || Lipides : 28g || Protides :22g || 
9,86€ / Kg || 
2,76 € || 
Tête de moine rosettes, fromage de bellelay || La boîte de 55g || Origine : SUISSE || Lait de vache cru, sel, ferments, présure animale. 51% de mat. gr./mat. sèche. 33% de mat. gr./poids total. || A conserver entre 0°C et +4°C. || 
49,27€ / Kg || 
2,71 € || 
Cousteron, 50% de mat. Gr. || Le paquet de 320g || Origine : FRANCE || Cousteron révèle sous sa croûte rustique une pâte tendre au goût finement typé qui rappelle le bon goût de nos terroirs. Il bénéficie tout au long de son affinage, du contrôle et des soins attentifs de nos fromagers. || Lait pasteurisé, sel (1.8%), ferments lactiques, enzyme coagulante microbienne, conservateur : E 235. || Tenir au frais entre +4°C et +8°C || 
8,94€ / Kg || 
2,86 € || 
Maroilles || Le paquet de 200g || Origine : FRANCE || Fromage au lait pasteurisé. || Conservation entre +2° et +8°C. || 
13,85€ / Kg || 
2,77 € || 
Pave d'affinois original || La boite de 200g || Origine : FRANCE || Fromage à pâte molle au lait de vache pasteurisé 20% MG/produit fini. || Lait de vache pasteurisÍ, ferments lactiques et d'affinage, sel, coagulant. AllergÈnes : lait et produits Å base de lait (y compris lactose) || Valeur énergétique en Joules :  1012 || Valeur énergétique en Kcal : 244 || Glucides : 1 || Lipides : 20 || Protides :15 || A conserver au frais à +4°C +8°C. || 
14,25€ / Kg || 
2,85 € || 
Pavé d'affinois original || Le filet de 6 portions, 180g || Origine : FRANCE || Lait de vache pasteurisÍ, crÈme, ferments lactiques et d'affinage, sel, coagulant. AllergÈnes : lait et produits Å base de lait (y compris lactose) || Valeur énergétique en Joules :  1391 || Valeur énergétique en Kcal : 333 || Glucides : 1.2 || Lipides : 30 || Protides :14.5 || 
15,72€ / Kg || 
2,83 € || 
Pave d'affinois secret || La boite de 200g || Origine : FRANCE || Fromage à pâte molle au lait de vache pasteurisé. || Pour apprécier toutes les qualités du fromage, sortez-le du réfrigérateur 1 heure avant de le déguster. || Lait de vache pasteurisÍ, crÈme, ferments lactiques et d'affinage, sel, coagulant. AllergÈnes : lait et produits Å base de lait (y compris lactose) || Valeur énergétique en Joules :  1647 || Valeur énergétique en Kcal : 394 || Glucides : 1 || Lipides : 38 || Protides :12 || A conserver au frais à +4°C +8°C. || 
13,85€ / Kg || 
2,77 € || 
Le Vieux Pané, fromage à pâte molle || Le paquet de 200g || Origine : FRANCE || Le Vieux Pané est un fromage de tradition, issu de plus de 80 ans d'expertise fromagère. Tout au long de l'affinage, nos Maîtres Fromagers perpétuent les gestes de ce savoir-faire en brossant et retournant à la main régulièrement le Vieux Pané. Il révèle ainsi sous sa belle croûte orangée toute sa saveur et son caractère. || Lait de vache pasteurisé 25% M.G./Poids TOTAL ou 50% M.G. sur extrait sec.     Présence possible d'extrait de blanc d'oeuf. || Conservation entre +2° et +8°C. || 
14,55€ / Kg || 
2,91 € || 
Mascarpone || Le pot de 500g || Origine : ITALIE || 
11,06€ / Kg || 
5,53 € || 
Mascarpone, fromage italien tartinable de triple crème || La boîte de 250g || Origine : ITALIE || Crème de lait de vache pasteurisée, lait de vache pasteurisé, correcteur d'acidité : acide citrique. Min 80% de Mat. Gr. (41,5% de mat. Gr. Dans le produit fini). || Conserver au froid : +4°C/+6°C. || 
12,44€ / Kg || 
3,11 € || 
Munster, fromage au lait cru || Le paquet de 220g || Origine : FRANCE || Alimentation des vaches composée essentiellement de fourrage et d'herbage altitude. || Lait cru de vache, présure animale, ferments lactiques, sel. || Valeur énergétique en Joules :  1529 || Valeur énergétique en Kcal : 368 || Glucides : Traces || Lipides : 21g || Protides :16g || A conserver à +2°C +8°C. || 
19,86€ / Kg || 
4,37 € || 
Isseler demi-vieux, affiné 8 mois || La portion de 200g || Origine : PAYS-BAS || Les fromages Holland Master sont affinés pendant de longs mois sur planches de bois. Les rives de l'Ijssel, dans l'est des Pays-Bas, pâturages généreux et régulièrement inondés, sont un terroir riche et préservé, duquel l'Isseler Demi-Vieux tire toute sa rondeur en bouche et sa subtilité. Subtilement typé et équilibré. Texture ferme. || Etui refermable. || LAIT DE VACHE || Valeur énergétique en Joules :  1720kj || Valeur énergétique en Kcal : 410kcal || Glucides : 0g || Lipides : 32g || Protides :30g || A conserver entre +4 et +6°C. Conditionné sous atmosphère protectrice. || 
15,40€ / Kg || 
3,08 € || 
Fromage à pâte molle au lait pasteurisé || Le paquet de 250g || Origine : FRANCE || Doux et nature. || Convient aux végétariens. Sortez le fromage du froid 1/2 heure avant de succomber à sa douceur. || Lait pasteurisé, ferments lactiques, sel. Teneur réduite en sel : 1,18%. Sans colorant, sans conservateur. 29% MG sur poids total. || Valeur énergétique en Joules :  1388Kj || Valeur énergétique en Kcal : 332Kcal || Glucides : 1,25g || Lipides : 28g || Protides :17,6g || Conserver au froid à +7°C maxi. || 
8,64€ / Kg || 
2,16 € || 
Tomme fruitée || La pièce de 280g || Origine : FRANCE || Découvrez la Tomme Fruitée Le Rustique, toujours fondante grâce à son affinage en cave. Pour un goût plus typé, dégustez-la avec sa croûte. || LAIT DE VACHE PASTEURISE / SEL / FERMENTS LACTIQUES ET D'AFFINAGE || Valeur énergétique en Joules :  1410kj || Valeur énergétique en Kcal : 340kcal || Glucides : 1g || Lipides : 28g || Protides :21g || A conserver entre +4°C et +8°C. || 
13,93€ / Kg || 
3,90 € || 
Chaource, AOC || Le paquet de 250g || Origine : FRANCE || Le Chaource est un fromage naturel fabriqué à partir de lait de vache entier selon des méthodes traditionnelles. || Pour apprécier son goût délicat, légèrement fruité, sortez votre Chaource du réfrigérateur au moins une heure avant de le déguster. || Lait de vache thermisé - température inférieure à la pasteurisation, sel, ferments, présure. || A conserver au froid : +4°C/+8°c maxi. || 
14,28€ / Kg || 
3,57 € || 
Le délice de Bourgogne, brillat savarin affiné || La pièce de 200g || Origine : FRANCE || Fromage à pâte onctueuse. || Lait de vache pasteurisé, crème, sel, ferments, présure. Matière grasse sur le poids total 38%. || Valeur énergétique en Joules :  1619kj || Valeur énergétique en Kcal : 392kcal || Glucides : 2,5g || Lipides : 38g || Protides :10g || A conserver au frais entre +4°C et +8°C max. || 
17,15€ / Kg || 
3,43 € || 
Saint Florentin, fromage légèrement salé || La barquette de 200g || Origine : FRANCE || Par période, ce fromage est agrémenté d'un sachet d'aromatisation. || Ce fromage moulé à la louche est à tartiner ou à cuisiner   et se consomme nature ou aromatisé. || Lait entier de vache, ferments lactiques, sel, présure. Traces de type animale, conservateur E202. || +4°C/+8°C. || 
12,20€ / Kg || 
2,44 € || 
Cheddar Seriously Strong || La tranche de 200g || Origine : ROYAUME UNI || Un format carré de 200g en flow pack. Un pack clairement Scottish» (cocarde). Texture ferme et fondante en bouche et de caractère (12 mois daffinage). || Un fromage de plateau authentique (fabriqué en Ecosse). || Lait de vache pasteurisé, sel, ferments lactiques et coagulant. Produit allergène : le lait. || A conserver entre +2°C et +5°C. || 
18,30€ / Kg || 
3,66 € || 
Roucoulons || La portion de 220g || Origine : FRANCE || Fromage à pâte molle au lait de vache pasteurisé. || Convient aux végétariens. || Lait pasteurisé, sel, ferments lactiques. Sans colorant. Sans conservateur. 30% de MG sur poids total. || Valeur énergétique en Joules :  1429 || Valeur énergétique en Kcal : 345 || Glucides : traces || Lipides : 30 || Protides :18.88 || Conserver au froid +7°C maxi. || 
5,34€ / Kg || ##
Roucoulons || La portion de 220g || Origine : FRANCE || Fromage à pâte molle au lait de vache pasteurisé. || Convient aux végétariens. || Lait pasteurisé, sel, ferments lactiques. Sans colorant. Sans conservateur. 30% de MG sur poids total. || Valeur énergétique en Joules :  1429 || Valeur énergétique en Kcal : 345 || Glucides : traces || Lipides : 30 || Protides :18.88 || Conserver au froid +7°C maxi. || 
5,34€ / Kg || ##
Roucoulons || La portion de 220g || Origine : FRANCE || Fromage à pâte molle au lait de vache pasteurisé. || Convient aux végétariens. || Lait pasteurisé, sel, ferments lactiques. Sans colorant. Sans conservateur. 30% de MG sur poids total. || Valeur énergétique en Joules :  1429 || Valeur énergétique en Kcal : 345 || Glucides : traces || Lipides : 30 || Protides :18.88 || Conserver au froid +7°C maxi. || 
10,68€ / Kg || 
2,35 € || 
Fromage crémeux affiné, à pâte molle, au lait pasteurisé, || Le fromage de 200g || Origine : FRANCE || Lait, crème, ferments, sel (1.5%). 60% de mat. gr./ES = 30% de mat. gr./poids total. || Conservation : +2°C +8°C. || 
12,35€ / Kg || 
2,47 € || 
Fromage || Le paquet de 320g || Origine : FRANCE || Depuis près de 200 ans, nos fromagers apportent les soins les plus attentifs à la fabrication et à l'affinage de Port Salut. C'est ainsi que sa saveur unique et sa texture onctueuse ont su traverser le temps pour rester incomparables. || Lait pasteurisé, sel (1.7%), ferments lactiques, enzyme coagulante microbienne, colorant : E160a, conservateur : E235. || Valeur énergétique en Joules :  1390Kj || Valeur énergétique en Kcal : 333KCal || Glucides : 1g || Lipides : 28g || Protides :20g || Tenir au froid entre +4°C et +8°C. || 
10,31€ / Kg || 
3,30 € || 
La Cancoillotte, à napper sur pommes de terre, spécialité fromagère nature || Le pot de 250g || Origine : FRANCE || Fabriquée dans sa région d'origine au coeur de la Franche Comté, la Cancoillotte Président apportera du fondant et un petit goût fromager à vos plats en un clin d'oeil !Idéale sur les pommes de terre mais aussi en gratins, quiches et tartes salées. || Retirer l'opercule et introduire le pot sans le couvercle dans le micro-ondes. Réchauffer, sans couvrir, à puissance maximum 30 sec. pour une texture onctueuse ou à puissance minimum 1 min pour une texture plus fluide. Sortir le pot en veillant à nepas vous brûler. Remuer, c'est prêt ! Napper vos pommes de terre et accompagner de jambon ou de saucisse. Idéal aussi à froid en tartine. || Lait écrémé caille (33,5%), eau, beurre (13,4%), sel, stabilisants : phosphates, di, tri, polyphosphates de sodium. || Valeur énergétique en Joules :  675Kj || Valeur énergétique en Kcal : 162Kcal || Lipides : 11g || Protides :15g || A conserver entre +4°C et +8°C. A consommer dans les 5 jours après ouverture. Une fois refroidie, remettez votre Cancoillotte au réfrigérateur, et réchauffez-la au micro-ondes en adaptant le temps decuisson en fonction de la quantité restante. || 
11,08€ / Kg || 
2,77 € || 
Saint Albray || Les 6 portions de 30g, soit 180g || Origine : FRANCE || Fromage au lait de vache pasteurisé. || Lait de vache pasteurisÍ, sel, colorants de croÛte E160a, E160e. || Valeur énergétique en Joules :  1563kj || Valeur énergétique en Kcal : 378kcal || Glucides : <1g || Lipides : 34,3g || Protides :17,3g || Conserver à +2°C / +8°C. || 
16,33€ / Kg || 
2,94 € || 
Gâteaux au fromage blanc, légèrement citronné || La boite de 2 portions de 70g, soit 140g || Origine : FRANCE || Le gâteau au fromage blanc Saint Amour bénéficie d'un savoir faire pâtissier unique : les ingrédients sont mis en oeuvre à la main dans nos pétrins, mélangés puis cuits au four lentement. || A consommer frais. A tout moment de la journée, petit déjeuner, déjeuner, goûter et diner, il comblera vos petites faims. || GÇteau au Fromage blanc sucre, blanc d'oeuf , farine de blÍ , jaune d'oeuf , concentrÍ de citron || Valeur énergétique en Joules :  708kj || Valeur énergétique en Kcal : 168kcal || Glucides : 28g || Lipides : 3g || Protides :7g || A conserver au frais entre +2°C et +6°C. Conditionné sous atmosphère protectrice. || 
16,86€ / Kg || 
2,36 € || 
Gâteau au fromage blanc || Le paquet de 350g || Origine : FRANCE || Sa recette unique issue d'un savoir-faire pâtissier lui donne une texture très moelleuse et un goût frais. Avec 57% de fromage blanc et seulement 3% de MG, c'est un dessert léger à déguster au gré de vos envies. || Fromage blanc (57%), sucre, blanc d'oeuf, farine de blé, jaune d'oeuf, amidon transformé de maïs, concentré de citron, conservateur : sorbate de potassium, lécithine de soja. || Valeur énergétique en Joules :  698 || Valeur énergétique en Kcal : 166,8 || Glucides : 27 || Lipides : 3 || Protides :7,5 || Conservation entre +4° et + 6°C maximum. || 
11,20€ / Kg || 
3,92 € || 
Assiette de 6 fromages || L'assiette de 445g || Origine : FRANCE || Bleu d'Auvergne AOP 100g, girolles de tête de moine 20g (32,5% MG), comté AOP 100g, chèvre frais cendre 45g (18% MG), carré mirabelle 100g (18% MG). || 
42,58€ / Kg || 
18,95 € || 
Beaufort été AOP || La barquette de 200g || Origine : FRANCE || Lait cru de vache, sel, présure animale, ferments lactiques || 
34,51€ / Kg || 
8,11 € || 
Bleu d'Auvergne AOP || La barquette de 220g environ || Origine : FRANCE || 
14,94€ / Kg || 
3,21 € || 
Brie de Meaux || La barquette de 270g || Origine : FRANCE || Glucides : <0,3g || Lipides : 21g || Protides :22g || 
17,82€ / Kg || 
4,81 € || 
Cantal Entre-Deux, AOP || La portion de 340g || Origine : FRANCE || Glucides : traces || Lipides : 30g || Protides :27g || 
15,60€ / Kg || 
4,99 € || 
Comté AOP || La portion de 200/300g || Origine : FRANCE || Lait, sel, ferments, présure.                                                  Les ingrédients sont garantis sans OGM, non ionisé. Allergène présents dans le lait: protéine de lait, lactose. || 
24,62€ / Kg || 
6,77 € || 
Crottin de Chavignol Fermier || La barquette de 2x60g || Origine : FRANCE || 
50,67€ / Kg || 
6,08 € || 
Emmental de Savoie || La portion de 2/300g environ || Origine : FRANCE || Lait, sel, ferments, présure animale || 
18,44€ / Kg || 
4,61 € || 
Mimolette extra vieille || La portion || Origine : FRANCE || 
26,57€ / Kg || 
5,58 € || 
Morbier AOP || La portion de 200/300g || Origine : FRANCE || Lait, sel, ferments, présure, charbon végétal médicinal (E153)                 Les ingrédients sont garantis sans OGM, non ionisé. Allergène présent dans le le lait: protéine de lait, lactose || 
21,53€ / Kg || 
4,84 € || 
Petit Pouligny Saint-Pierre || La portion de 150g || Origine : FRANCE || 
31,93€ / Kg || 
4,79 € || 
Préparation à la cerise noire et au thym pour fromage || Le pot de 125g || Origine : FRANCE || 
16,08€ / Kg || 
2,01 € || 
Preparation figue violette aux noix pour fromage || Le pot de 125g || Origine : FRANCE || 
16,08€ / Kg || 
2,01 € || 
Reblochon Fermier AOP || La portion || Origine : FRANCE || 
23,59€ / Kg || 
6,13 € || 
Saint Félicien || La barquette de 180g || Origine : FRANCE || 
16,61€ / Kg || 
2,99 € || 
Saint Marcellin || La barquette de 80g || Origine : FRANCE || 
20,63€ / Kg || 
3,30 € || 
Saint Nectaire fermier AOP || La portion de 280g || Origine : FRANCE || Lait cru de vache - Sel - Ferments lactiques - Présure animale || 
20,09€ / Kg || 
4,32 € || 
Selles sur Cher, AOP || La barquette de 150g || Origine : FRANCE || 
30,20€ / Kg || 
4,53 € || 
Camembert affiné au calvados, camembert ensemencé de calvados, roulé dans une chapelure || La pièce de 250g || Origine : FRANCE || Camembert, lait de vache microfiltré, sel, ferments, présure animae, chlorure de calcium, calvados, chapelure. || 
20,40€ / Kg || 
5,10 € || 
Dés de mimolette, 28% de mat. Gr. || La coupelle de 150g || Origine : FRANCE || 
29,53€ / Kg || 
4,43 € || 
L'enrobé airelles, fromage de chèvre au lait pasteurisé || La portion de 80g || Origine : FRANCE || Lait de chèvre pasteurisé, ferments lactiques, présure, sel.                   Enrobage : demi-airelles séchées, sucre, agent d'enrobage (huile végétale) || +2 à +6°C || 
36,00€ / Kg || 
2,88 € || 
L'enrobé échalote et ciboulette || La portion de 80g || Origine : FRANCE || Lait de chèvre pasteurisé, ferments lactiques, présure, sel                    - Enrobage : échalote semoule, ciboulette déshydratée || +2 à +6°C || 
36,00€ / Kg || 
2,88 € || 
L'enrobé raisin, fromage de chèvre au lait pasteurisé || La portion de 80g || Origine : FRANCE || Lait de chèvre pasteurisé, ferments lactiques, présure, sel                    - Enrobage : raisin golden, agent denrobage (huile végétale hydrogénée), conse sulfureux E220). || 
36,00€ / Kg || 
2,88 € || 
Mothais sur feuille, fromage de chèvre au lait pasteurisé || La portion de 190g environ || Origine : FRANCE || Lait de chèvre pasteurisé, sel, presure, 25% MG/Poids total || 
22,33€ / Kg || 
4,02 € || 
Parmesan AOP, sous vide pendant 30 mois || La barquette de 200g || Origine : FRANCE || Lait, sel, présure. 32% mat. Grasse/sèche min. 28,4% Gr /poids total || A conserver entre +6°C/+12°C. || 
39,90€ / Kg || 
7,98 € || 
Parmiggiano Reggiano copeaux AOP || La boite de 100g || Origine : ITALIE || 
39,70€ / Kg || 
3,97 € || 
Plateau de 4 fromages || Le plateau || Origine : FRANCE || Chèvre frais blanc 30g (18% MG), fourme d'ambert AOP 30g, morbier AOP 40g, cantal entre deux AOP 30g.                                                         ALLERGENE: lait de vache, lait de chèvre. || 
49,15€ / Kg || 
6,39 € || 
Plateau de 4 fromages || Le plateau || Origine : FRANCE || Chèvre frais cendre 30g (18% MG), fourme d'ambert AOP 30g, morbier AOP 40g, cantal entre deux AOP 30g.                                                        ALLERGENE: Lait de vache, lait de chèvre || 
49,15€ / Kg || 
6,39 € || 
Rocamadour fermier, fromage de chèvre au lait cru de chèvre, AOP || Les 2 portions || Origine : FRANCE || 
39,71€ / Kg || 
2,78 € || 
Roulés de jambon au fromage frais pour l'apéritif || La barquette de 16 pièces || Origine : FRANCE || Sortir 15 min à T°C ambiante avant consommation                               A consommer rapidement après ouverture. || Fromage pasteurisé de vache 50% (lait, sel, conservateur : sorbate de potassium, Jambon cuit 50% (viande de porc, eau, sel, protéines végétales (soja), amidon de blé (gluten), émulsifiants : E450-E451-E407, dextrose, maltose, protéines animales, antioxydant : E316, exhausteur de goût E621, épices, acidifiants : E3225-E327-E330-E331, conservateurs : E250-E262-E270) / Autres ingrédients mélangés dans le fromage : mélange persil et ail, olives vertes, ail surchoix, poivre noir moulu, paprika. || +2 à +6 °C || 
30,36€ / Kg || 
3,40 € || 
Tranchettes Le Brezain, fromage à pâte pressée non cuite || La barquette de 360g || Origine : FRANCE || 
16,58€ / Kg || 
5,97 € || 
Vacherin au lait cru || La portion de 330g environ || Origine : FRANCE || Lait cru de vache, sel, ferments lactiques, presure. (Allergènes : lait et produits dérivés). || 
22,79€ / Kg || 
7,52 € || 
Dés de gouda || La barquette de 150g || Origine : FRANCE || 
28,13€ / Kg || 
4,22 € || 
Parmiggiano Reggiano râpé AOP || La boite de 100g || Origine : ITALIE || 
39,70€ / Kg || 
3,97 € || 
Comté Juraflore, 15/20 mois || La portion de 200g environ || Origine : FRANCE || 
21,63€ / Kg || 
4,33 € || 
Mozzarella || Le sachet de 150g || Origine : ITALIE || 
11,12€ / Kg || 
1,39 € || 
Comté || La portion de 250g environ || Origine : FRANCE || 
22,15€ / Kg || 
5,54 € || 
Comté au lait cru issu de l'agriculture biologique || La portion de 250/300g || Origine : FRANCE || 
23,59€ / Kg || 
6,72 € || 
Comté au lait cru issu de l'agriculture biologique || La portion de 250/300g || Origine : FRANCE || 
23,59€ / Kg || 
6,72 € || 
Fromage de chèvre || La portion de 250g environ || Origine : FRANCE || 
17,00€ / Kg || 
4,17 € || 
Ossau Iraty AOP || Laportion de 250g environ || Origine : FRANCE || 
22,56€ / Kg || 
6,32 € || 
Croissance, de 10 mois à 3 ans || La bouteille de 1L || Origine : FRANCE || Candia Croissance apporte à votre enfant les éléments essentiels à son développement, conformément à la règlementation: du fer et du zinc pour entretenir les défenses de son organisme.de la vitamine D pour son capital osseux, des acides gras essentiels pour son développement cérébral, des vitamines pour faire le plein d'énergie, et la juste dose de protéines pour son équilibre nutritionnel. || Quantité quotidienne conseillée par nos pédiatres: 500ml de Candia Croissance répartis dans la journée. Ce lait est prêt-à-l'emploi, ne pas rajouter d'eau, ni de sucre. Bien agiter la bouteille avant emploi. Peut-être réchauffé au micro-ondes dans unrécipient adapté. Ne pas faire bouillir. Ne pas préparer les biberons à l'avance et jeter toujours un biberon entamé. Vérifier la température avant de faire consommer. Candia Croissance peut être consommé froid ou chaud, nature ou mélangé. Candia Croissance convient à l'alimentation progressivement diversifiée du nourrisson à partir de 6 mois. Il ne peut être utilisé comme substitut du lait maternel. Les 6 premiers mois de la vie. La décision d'introduire des aliments complémentaires, y comprisavant l'âge de 6 mois, doit être prise sur avis d'un professionnel de la santé. || Lait partiellement écrémé, eau, lactose, huiles végétales (colza, tournesol), vitamines : A, B1, B2, B5, B6, B8, B9, B12, C, D3, E, K1 et PP, substances d'apport minéral :  sulfates de fer, magnésium, zinc, cuivre et manganèse, citrate de sodium, émulsifiant : lécithine de colza, éthylvanilline. Ne contient pas de gluten conformément à la règlementation. || Valeur énergétique en Joules :  272kj || Valeur énergétique en Kcal : 65KCal || Glucides : 8g || Lipides : 2,5g || Protides :2,6g || Avant ouverture, à conserver dans un endroit frais et sec. Après ouverture, à conserver au froid à +6°C maxi et à consommer dans les 48h. || 
1,99€ / L || 
1,99 € || 
Croissance, de 10 mois à 3 ans || Les 6 bouteilles de 1L || Origine : FRANCE || Candia Croissance apporte à votre enfant les éléments essentiels à son développement, conformément à la règlementation: du fer et du zinc pour entretenir les défenses de son organisme.de la vitamine D pour son capital osseux, des acides gras essentiels pour son développement cérébral, des vitamines pour faire le plein d'énergie, et la juste dose de protéines pour son équilibre nutritionnel. || Quantité quotidienne conseillée par nos pédiatres: 500ml de Candia Croissance répartis dans la journée. Ce lait est prêt à l'emploi, ne pas rajouter d'eau, ni de sucre. Bien agiter la bouteille avant emploi. Peut-être réchauffé au micro-ondes dans unrécipient adapté. Ne pas faire bouillir. Ne pas préparer les biberons à l'avance et jeter toujours un biberon entamé. Vérifier la température avant de faire consommer. Candia Croissance peut être consommé froid ou chaud, nature ou mélangé. Candia Croissance convient à l'alimentation progressivement diversifiée du nourrisson à partir de 6 mois. Il ne peut être utilisé comme substitut du lait maternel. Les 6 premiers mois de la vie. La décision d'introduire des aliments complémentaires, y comprisavant l'âge de 6 mois, doit être prise sur avis d'un professionnel de la santé. || Lait partiellement écrémé, eau, lactose, huiles végétales (colza, tournesol), vitamines : A, B1, B2, B5, B6, B8, B9, B12, C, D3, E, K1 et PP, substances d'apport minéral :  sulfates de fer, magnésium, zinc, cuivre et manganèse, citrate de sodium, émulsifiant : lécithine de colza, ethylvanilline. Ne contient pas de gluten conformément à la règlementation. || Avant ouverture, à conserver dans un endroit frais et sec. Après ouverture, à conserver au froid à +6°C maxi et à consommer dans les 48h. || 
1,79€ / L || 
10,72 € || 
Lait de croissance pour bébés de 10 mois à 3 ans || La bouteille de 1L || Origine : FRANCE || Elaboré par le département nutrition Lactel Eveil est un  lait de croissance avec une formule améliorée sans sucres ajoutés, pour ne pas habituer votre enfant trop tôt au goût sucré. || Agiter avant emploi. Ne pas faire bouillir. || Eau, lait partiellement écrémé, poudre de perméat de lait partiellement déminéralisé, maltodextrines, huiles de colza et de tournesol, arôme naturel de vanille, citrates de calcium, de potassium et de magnesium, phosphate de sodium, sulfate de fer gluconates de zinc, de cuivre et de manganèse, sélénite de sodium, iodure de potassium,  vitamines (A, D, C, E, B1, B2,  B5, B6, B8, B9, B12, K, PP), émulsifiant : mono et diglycérides d'acides gras, antioxygène : alpha-tocophérols.. || Valeur énergétique en Joules :  273 || Valeur énergétique en Kcal : 65,2 || Glucides : 8 || Lipides : 2,7 || Protides :2,2 || Après ouverture, à conserver au réfrigérateur (+6°C max) et à consommer dans les 48 heures. || 
2,18€ / L || 
2,18 € || 
Lait de croissance pour bébés de 10 mois à 3 ans || Les 6 briques de 1L || Origine : FRANCE || Lait partiellement écrémé, filtrat de lait, eau, lactose, huiles de tournesol et de colza, arôme vanille, correcteur d'acidité : citrate de sodium, gluconate et lactate de calcium, émulsifiants : mono et diglycérides, antioxygènes : palmitate d'ascorbyle et alpha-tocophérol, sulfates de fer et de zinc, vitamines : A, D, C, B1, B5, B6, B9, B12, PP. || A conserver au froid après ouverture.; Conservation à + 6°c maximum.; 48h au réfrigérateur après ouverture. || 
2,18€ / L || 
13,09 € || 
Lait demi-écrémé || Les 6 bouteilles de 25cl || Origine : FRANCE || Monoprix a mis en place un partenariat avec des fermes françaises sélectionnées, pour vous proposer du lait provenant de producteurs engagés dans une démarche d'amélioration continue. || 
2,23€ / L || 
3,35 € || 
Lait demi-écrémé || Les 6 bouteilles de 50cl || Origine : FRANCE || Monoprix a mis en place un partenariat avec des fermes françaises sélectionnées, pour vous proposer du lait provenant de producteurs engagés dans une démarche d'amélioration continue.                                       Avec une bouteille 15% pluslégère* et sans opercule aluminium, Monoprix agit pour réduire so nimpact sur l'environnement, tout en garantissant une conservation optimale du lait.                                            *Par rapport à une bouteille PEHD standard du marché. Différence moyenne calculée sur un échantillon de 9 bouteilles PEHD standard du marché. || 
1,36€ / L || 
4,08 € || 
Lait demi-écrémé, stérilisé UHT || La bouteille de 1L || Origine : FRANCE || Lait stérilisé UHT demi-écrémé. || Bien agiter avant dégustation. || Lait demi-écrémé. || Valeur énergétique en Joules :  195kj || Valeur énergétique en Kcal : 46kcal || Glucides : 4,7g || Lipides : 1,6g || Protides :3,3g || A conserver dans un endroit propre et sec à l'abri de la chaleur et de la lumière. Après ouverture, à conserver au frais (à +6°C maximum) et à consommer sous 5 jours maximum. || 
0,83€ / L || 
0,83 € || 
Lait demi-écrémé, stérilisé UHT || La bouteille de 25cl || Origine : FRANCE || Lait stérilisé UHT demi-écrémé. || Bien agiter avant dégustation. || Lait demi-écrémé. || Valeur énergétique en Joules :  195kj || Valeur énergétique en Kcal : 46kcal || Glucides : 4,7g || Lipides : 1,6g || Protides :3,3g || A conserver dans un endroit propre et sec à l'abri de la chaleur et de la lumière. Après ouverture, à conserver au frais (à +6°C maximum) et à consommer sous 5 jours maximum. || 
2,24€ / L || 
0,56 € || 
Lait demi-écrémé, stérilisé UHT || La bouteille de 50cl || Origine : FRANCE || Lait stérilisé UHT demi-écrémé. || Bien agiter avant dégustation. || Lait demi-écrémé. || Valeur énergétique en Joules :  195kj || Valeur énergétique en Kcal : 46kcal || Glucides : 4,7g || Lipides : 1,6g || Protides :3,3g || A conserver dans un endroit propre et sec à l'abri de la chaleur et de la lumière. Après ouverture, à conserver au frais (à +6°C maximum) et à consommer sous 5 jours maximum. || 
1,36€ / L || 
0,68 € || 
Lait demi-écrémé, stérilisé UHT || La brique de 1L || Origine : FRANCE || Lait stérilisé UHT demi-écrémé. || Bien agiter avant dégustation. || Lait demi-écrémé. || Valeur énergétique en Joules :  195kj || Valeur énergétique en Kcal : 46kcal || Glucides : 4,7g || Lipides : 1,6g || Protides :3,3g || A conserver dans un endroit propre et sec à l'abri de la chaleur et de la lumière. Après ouverture, à conserver au frais (à +6°C maximum) et à consommer sous 5 jours maximum. || 
0,79€ / L || 
0,79 € || 
Lait demi-écrémé, stérilisé UHT || Les 6 bouteilles de 1L || Origine : FRANCE || Monoprix a mis en place un partenariat avec des fermes françaises sélectionnées, pour vous proposer du lait provenant de producteurs engagés dans une démarche d'amélioration continue.                                       Avec une bouteille 15% pluslégère* et sans opercule aluminium, Monoprix agit pour réduire so nimpact sur l'environnement, tout en garantissant une conservation optimale du lait.                                            *Par rapport à une bouteille PEHD standard du marché. Différence moyenne calculée sur un échantillon de 9 bouteilles PEHD standard du marché. || Valeur énergétique en Joules :  193Kj || Valeur énergétique en Kcal : 46KCal || Glucides : 4,8g || Lipides : 1,55g || Protides :3,2g || Avant ouverture, à conserver à température ambiante. Après ouverture, à conserver au réfrigérateur et à consommer rapidement. || 
0,83€ / L || 
4,99 € || 
Lait demi-écrémé, stérilisé UHT || Les 6 briques de 1L || Origine : FRANCE || Monoprix a mis en place un partenariat avec des fermes françaises sélectionnées, pour vous proposer du lait provenant de producteurs engagés dans une démarche d'amélioration continue. || Lait demi écrémé issu de la filière Bleu Blanc Coeur. || Après ouverture, à conserver au froid (+6°C maximum) et à consommer rapidement. || 
0,79€ / L || 
4,75 € || 
Lait demi-écrémé biologique stérilisé UHT || La bouteille de 1L || Origine : FRANCE || Ce lait, provenant d'élevages français nourris essentiellement avec des ingrédients d'origine biologique conformément au mode de production biologique, a été certifié par ECOCERT sas F32600. || Lait* à 15,5 g/l de matière grasse.                                            *ingrédient issu de l'agriculture biologique. || Valeur énergétique en Joules :  193Kj || Valeur énergétique en Kcal : 46KCal || Glucides : 4,8g || Lipides : 1,55g || Protides :3,2g || Après ouverture, à conserver au froid (+6°C max.) et à consommer rapidement. || 
1,17€ / L || 
1,17 € || 
Lait demi-écrémé biologique stérilisé UHT || La bouteille de 1L || Origine : FRANCE || Ce lait, provenant d'élevages français nourris essentiellement avec des ingrédients d'origine biologique conformément au mode de production biologique, a été certifié par ECOCERT sas F32600. || Lait* à 15,5 g/l de matière grasse.                                            *ingrédient issu de l'agriculture biologique. || Valeur énergétique en Joules :  193Kj || Valeur énergétique en Kcal : 46KCal || Glucides : 4,8g || Lipides : 1,55g || Protides :3,2g || Après ouverture, à conserver au froid (+6°C max.) et à consommer rapidement. || 
1,17€ / L || 
1,17 € || 
Lait demi-écrémé stérilisé UHT, certifié AB || Les 6 bouteilles de 1L || Origine : FRANCE || Ce lait, provenant d'élevages français nourris essentiellement avec des ingrédients d'origine biologique conformément au mode de production biologique, a été certifié par ECOCERT sas F32600. || Lait* à 15,5 g/l de matière grasse. *ingrédient issu de l'agriculture biologique. || Valeur énergétique en Joules :  193Kj || Valeur énergétique en Kcal : 46KCal || Glucides : 4,8g || Lipides : 1,55g || Protides :3,2g || Apres ouverture, a conserver au froid (+6°C max.) et à consommer rapidement. || 
1,17€ / L || 
7,00 € || 
Lait demi-écrémé stérilisé UHT, certifié AB || Les 6 bouteilles de 1L || Origine : FRANCE || Ce lait, provenant d'élevages français nourris essentiellement avec des ingrédients d'origine biologique conformément au mode de production biologique, a été certifié par ECOCERT sas F32600. || Lait* à 15,5 g/l de matière grasse. *ingrédient issu de l'agriculture biologique. || Valeur énergétique en Joules :  193Kj || Valeur énergétique en Kcal : 46KCal || Glucides : 4,8g || Lipides : 1,55g || Protides :3,2g || Apres ouverture, a conserver au froid (+6°C max.) et à consommer rapidement. || 
1,17€ / L || 
7,00 € || 
Lait frais et demi-écrémé, microfiltré || La bouteille de 1L || Origine : FRANCE || Retrouver la vraie saveur du lait... Monoprix gourmet vous propose ce lait aux qualités gustatives incomparables, celles du lait cru. Le traitement thermique classique de la pasteurisation a été remplacé (sauf pour la crème) par un passage à traversdes filtres très fins. Ce procédé permet de conserver toutes les propriétés gustatives du lait cru et de garantir une meilleure conservation, les bactéries ayant été retenues par les filtres. Monoprix Gourmet ou les plaisirs d'une tradition retrouvée... Pour le plus grand plaisir de tous, Monoprix Gourmet vous propose ce lait microfiltré, alliant saveur et authenticité. || Lait frais demi écrémé microfiltré. || Valeur énergétique en Joules :  199Kj || Valeur énergétique en Kcal : 832Kcal || Glucides : 5g || Lipides : 1,6g || Protides :3,2g || A conserver entre 0°C et +4°C. A consommer dans les trois jours qui suivent l'ouverture. || 
1,27€ / L || 
1,27 € || 
Lait demi-écrémé stérilisé UHT || Les 6 briques de 1L || Origine : FRANCE || 
0,64€ / L || 
3,84 € || 
Lait frais demi-écrémé || La bouteille de 1L || Origine : FRANCE || 
1,30€ / L || 
1,30 € || 
Lait demi-écrémé, stérilisé UHT || La brique de 1L || Origine : FRANCE || Ne pas donner aux enfants de moins de 1 an sauf prescription médicale. || Lait demi-écrémé stérilisé UHT collecté et conditionné en France. || Après ouverture, à conserver au froid et à consommer rapidement. || 
0,64€ / L || 
0,64 € || 
Lait Bio, demi-écrémé || Le pack de 6x25cl, soit 1,5l || Origine : FRANCE || Lait demi-écrémé stérilisé uht issu de l'agriculture biologique. || Après ouverture, à conserver au froid et à consommer rapidement. || 
3,05€ / L || 
4,57 € || 
Lait Bio, demi-écrémé || Le pack de 6x25cl, soit 1,5l || Origine : FRANCE || Lait demi-écrémé stérilisé uht issu de l'agriculture biologique. || Après ouverture, à conserver au froid et à consommer rapidement. || 
3,05€ / L || 
4,57 € || 
Lait demi-écrémé, stérilisé UHT || Les 6 bouteilles de 1L || Origine : FRANCE || Lait demi-écrémé, vitamine D. || A conserver au frais après ouverture.; Consommer rapidement après ouverture. || 
0,93€ / L || 
5,60 € || 
Lait demi-écrémé, stérilisé UHT, avec vitamine D || La bouteille de 1L || Origine : FRANCE || Pour vous aider à entretenir votre capital osseux, Lactel a renforcé tous ses laits classiques en vitamine D.Depuis toujours, Lactel s'engage aux côtés de ses éleveurs à vous offrir le meilleur du lait. || Lait demi-écrémé, vitamine D. || Valeur énergétique en Joules :  190kj || Valeur énergétique en Kcal : 45KCal || Glucides : 4,8g || Lipides : 1,5g || Après ouverture, à conserver au frais et à consommer rapidement. || 
0,93€ / L || 
0,93 € || 
Lait demi-écrémé, stérilisé UHT, facile à digérer, à teneur réduite en lactose || La bouteille de 1L || Origine : FRANCE || Matin Léger est un lait facile à digérer. Il apporte autant de calcium, de protéines et de vitamine D que votre lait Lactel classique. Seulement 0,5% de lactose. || Lait écrémé à 1,2% de matière grasse, lactase, vitamine D. || Valeur énergétique en Joules :  190 || Valeur énergétique en Kcal : 45,4 || Glucides : 4,8 || Lipides : 1,5 || Protides :3,2 || Après ouverture, à conserver au froid et à consommer rapidement. || 
1,44€ / L || 
1,44 € || 
Lait demi-écrémé, stérilisé UHT, facile à digérer, à teneur réduite en lactose || Les 6 bouteilles de 1L || Origine : FRANCE || Lait écrémé, lactase, vitamine D. || A conserver au froid après ouverture.; Consommer rapidement après ouverture. || 
1,44€ / L || 
8,65 € || 
Matin léger, 0,5% de lactose, 1,2% de matière grasse || Le pack de 6x50cl, soit 3l || Origine : FRANCE || Matin Léger est un lait facile à digérer dont chaque bol de 250 ml vous apporte 37% des apports journaliers recommandés en calcium et en vitamine D. || Lait à 1,2% de matière grasse, lactase, vitamine D. || Valeur énergétique en Joules :  180kj || Valeur énergétique en Kcal : 42kcal || Glucides : 4,8g || Lipides : 1,2g || Protides :3,2g || Après ouverture, à conserver au froid et à consommer rapidement. || 
2,25€ / L || 
6,76 € || 
Lait demi-écrémé bio || Les 6 briques de 20cl || Origine : FRANCE || 
2,70€ / L || 
3,24 € || 
Lait demi-écrémé bio || Les 6 briques de 20cl || Origine : FRANCE || 
2,70€ / L || 
3,24 € || 
Lait frais pasteurisé demi écrémé || La bouteille de 1l || Origine : FRANCE || Ce lait est produit et embouteillé en région Ile de France. La ferme est à moins de 20 km de Paris ! Il a très peu voyagé et il garantit une rémunération équitable à son producteur. || Lait frais pasteurisé demi-écrémé. || Conservation : +5°C maxi. || 
13,80€ / L || 
1,38 € || 
Lait UHT écrémé || Les 6 bouteilles de 1L || Origine : FRANCE || Monoprix a mis en place un partenariat avec des fermes françaises sélectionnées, pour vous proposer du lait provenant de producteurs engagés dans une démarche d'amélioration continue.                                       Avec une bouteille 15% pluslégère* et sans opercule aluminium, Monoprix agit pour réduire so nimpact sur l'environnement, tout en garantissant une conservation optimale du lait.                                            *Par rapport à une bouteille PEHD standard du marché. Différence moyenne calculée sur un échantillon de 9 bouteilles PEHD standard du marché. || Avant ouverture, à conserver dans un endroit frais et sec. Après ouverture, à conserver au froid (+6°C maximum) et à consommer de préférence dans les 4 jours. || 
0,91€ / L || 
5,48 € || 
Lait Bio écrémé || Le pack de 6x50cl, soit 3l || Origine : FRANCE || Lait écrémé stérilisé UHT issu de l'agriculture biologique. || Lait écrémé stérilisé uht issu de l'agriculture biologique. || Valeur énergétique en Joules :  140kj || Valeur énergétique en Kcal : 33kcal || Glucides : 4,8g || Lipides : <0,1g || Protides :3,2g || Après ouverture, à conserver au froid et à consommer rapidement. || 
2,05€ / L || 
6,15 € || 
Lait Bio écrémé || Le pack de 6x50cl, soit 3l || Origine : FRANCE || Lait écrémé stérilisé UHT issu de l'agriculture biologique. || Lait écrémé stérilisé uht issu de l'agriculture biologique. || Valeur énergétique en Joules :  140kj || Valeur énergétique en Kcal : 33kcal || Glucides : 4,8g || Lipides : <0,1g || Protides :3,2g || Après ouverture, à conserver au froid et à consommer rapidement. || 
2,05€ / L || 
6,15 € || 
Lait écrémé, facile à digérer || La bouteille de 1L || Origine : FRANCE || Savourez l'onctuosité et le bon goût du lait Matin Léger. Parce qu'il contient seulement 0,5% de lactose, Matin Léger est un lait facile à digérer avec un goût légèrement plus sucré.Sa teneur en sucre reste identique à celle d'un lait classique. Matin Léger est un lait facile à digérer qui vous apporte autant de calcium, de protéines et de vitamine D que votre lait Lactel classique écrémé. || Lait écrémé, lactase, vitamine D. Lait écrémé stérilisé UHT à teneur réduite en lactose (<0,5g/100ml) et enrichi en vitamine D. || Valeur énergétique en Joules :  140kj || Valeur énergétique en Kcal : 33kc || Glucides : 4,8g || Lipides : 0,2g || Protides :3,2g || Après ouverture, à conserver au frais et à consommer rapidement. || 
1,86€ / L || 
1,86 € || 
Lait écrémé, facile à digérer || Les 6 bouteilles de 1L || Origine : FRANCE || Valeur énergétique en Joules :  140Kj || Valeur énergétique en Kcal : 33Kc || Glucides : 4,8g || Lipides : 0,2g || Protides :3,2g || Après ouverture, à conserver au froid et à consommer rapidement || 
1,86€ / L || 
11,14 € || 
Lait écrémé, stérilisé UHT, bio || La bouteille de 1L || Origine : FRANCE || Retirez complètement l'opercule aluminium et savourez votre lait Lactel Bio. Aplatissez la bouteille vide puis rebouchez-la. || Valeur énergétique en Joules :  140Kj || Valeur énergétique en Kcal : 33Kc || Glucides : 4,8g || Lipides : 0,1g || Protides :3,2g || Après ouverture, à conserver au froid et à consommer rapidement. || 
1,53€ / L || 
1,53 € || 
Lait écrémé, stérilisé UHT, bio || La bouteille de 1L || Origine : FRANCE || Retirez complètement l'opercule aluminium et savourez votre lait Lactel Bio. Aplatissez la bouteille vide puis rebouchez-la. || Valeur énergétique en Joules :  140Kj || Valeur énergétique en Kcal : 33Kc || Glucides : 4,8g || Lipides : 0,1g || Protides :3,2g || Après ouverture, à conserver au froid et à consommer rapidement. || 
1,53€ / L || 
1,53 € || 
Matin léger, 0,5% de lactose, écrémé || Le pack de 6x50cl, soit 3l || Origine : FRANCE || Lait écrémé stérilisé UHT à teneur réduite en lactose (<0,5g/100ml) et enrichi en vitamine D. || Eau de source 80%, jus de fruits à base de concentrés 12% (pomme 8,5%, cassis 2%, sureau, framboise 0.2%), sucre, acidifiant : acide citrique et acide malique, arômes, antioxygène : acide ascorbique. Sans colorant ni conservateur. Sans arôme artificiel. || Après ouverture, à conserver au froid et à consommer rapidement. || 
2,13€ / L || 
6,39 € || 
Lait écrémé, stérilisé UHT || La bouteille de 1L || Origine : FRANCE || Monoprix a mis en place un partenariat avec des fermes françaises sélectionnées, pour vous proposer du lait provenant de producteurs engagés dans une démarche d'amélioration continue. Avec une bouteille en moyenne 15% plus légère et sans opercule aluminium, Monoprix agit pour réduire son impact sur l'environnement, tout en garantissant une conservation optimale du lait. || Lait entier. || Valeur énergétique en Joules :  269kj || Valeur énergétique en Kcal : 64kcal || Glucides : 4,7g || Lipides : 3,6g || Protides :3,3g || A conserver dans un endroit frais et sec à l'abri de la chaleur et de la lumière. Après ouverture, à conserver au frais (à +6°C) et à consommer sous 5 jours maximum. || 
1,02€ / L || 
1,02 € || 
Lait frais et entier, microfiltré || La bouteille de 1L || Origine : FRANCE || Retrouver la vraie saveur du lait... Monoprix gourmet vous propose ce lait aux qualités gustatives incomparables, celles du lait cru. Le traitement thermique classique de la pasteurisation a été remplacé (sauf pour la crème) par un passage à traversdes filtres très fins. Ce procédé permet de conserver toutes les propriétés gustatives du lait cru et de garantir une meilleure conservation, les bactéries ayant été retenues par les filtres. Monoprix Gourmet ou les plaisirs d'une tradition retrouvée... Pour le plus grand plaisir de tous, Monoprix Gourmet vous propose ce lait microfiltré, alliant saveur et authenticité. || Lait frais entier microfiltré. || Valeur énergétique en Joules :  269Kj || Valeur énergétique en Kcal : 1124Kcal || Glucides : 4,9g || Lipides : 3,6g || Protides :3,1g || A conserver entre 0°C et +4°C. A consommer dans les trois jours qui suivent l'ouverture. || 
1,33€ / L || 
1,33 € || 
Lait UHT entier || Les 6 bouteilles de 1L || Origine : FRANCE || Monoprix a mis en place un partenariat avec des fermes françaises sélectionnées, pour vous proposer du lait provenant de producteurs engagés dans une démarche d'amélioration continue.                                       Avec une bouteille 15% pluslégère* et sans opercule aluminium, Monoprix agit pour réduire so nimpact sur l'environnement, tout en garantissant une conservation optimale du lait.                                            *Par rapport à une bouteille PEHD standard du marché. Différence moyenne calculée sur un échantillon de 9 bouteilles PEHD standard du marché. || Lait entier issu de la filière Bleu-Blanc-Coeur. || Avant ouverture, à conserver dans un endroit frais et sec. Après ouverture, à conserver au froid (+6°C maximum) et à consommer de préférence dans les 4 jours. || 
1,02€ / L || 
6,09 € || 
Lait entier, stérilisé UHT, bio || La bouteille de 1L || Origine : FRANCE || Engagé dans le bio depuis plus de 15 ans, Lactel est au coeur de la chaîne du bio. Lactel Bio c'est un contact humain à chaque étape : de la ferme jusqu'à la mise en bouteille !Lactel a une connaissance complète de la chaîne du Bio. Il aide ses producteurs à passer au bio et les accompagne au quotidien dans leur production. || Lait entier stérilisé UHT issu de l'agriculture biologique. || Après ouverture, à conserver au froid et à consommer rapidement. || 
1,72€ / L || 
1,72 € || 
Lait entier, stérilisé UHT, bio || La bouteille de 1L || Origine : FRANCE || Engagé dans le bio depuis plus de 15 ans, Lactel est au coeur de la chaîne du bio. Lactel Bio c'est un contact humain à chaque étape : de la ferme jusqu'à la mise en bouteille !Lactel a une connaissance complète de la chaîne du Bio. Il aide ses producteurs à passer au bio et les accompagne au quotidien dans leur production. || Lait entier stérilisé UHT issu de l'agriculture biologique. || Après ouverture, à conserver au froid et à consommer rapidement. || 
1,72€ / L || 
1,72 € || 
Lait entier, stérilisé UHT, bio || Les 6 bouteilles de 1L || Origine : FRANCE || Engagé dans le bio depuis plus de 15 ans, Lactel est au coeur de la chaîne du bio. Lactel Bio c'est un contact humain à chaque étape : de la ferme jusqu'à la mise en bouteille !Lactel a une connaissance complète de la chaîne du Bio. Il aide ses producteurs à passer au bio et les accompagne au quotidien dans leur production. || Lait entier stérilisé UHT issu de l'agriculture biologique. || Valeur énergétique en Joules :  268kj || Valeur énergétique en Kcal : 64kcal || Glucides : 4,8g || Lipides : 3,6g || Protides :3,2g || Après ouverture, à conserver au froid et à consommer rapidement. || 
1,72€ / L || 
10,29 € || 
Lait entier, stérilisé UHT, bio || Les 6 bouteilles de 1L || Origine : FRANCE || Engagé dans le bio depuis plus de 15 ans, Lactel est au coeur de la chaîne du bio. Lactel Bio c'est un contact humain à chaque étape : de la ferme jusqu'à la mise en bouteille !Lactel a une connaissance complète de la chaîne du Bio. Il aide ses producteurs à passer au bio et les accompagne au quotidien dans leur production. || Lait entier stérilisé UHT issu de l'agriculture biologique. || Valeur énergétique en Joules :  268kj || Valeur énergétique en Kcal : 64kcal || Glucides : 4,8g || Lipides : 3,6g || Protides :3,2g || Après ouverture, à conserver au froid et à consommer rapidement. || 
1,72€ / L || 
10,29 € || 
Lait entier bio UHT || Le pack de 6 bouteilles de 50cl || Origine : FRANCE || 
2,56€ / L || 
7,67 € || 
Lait entier bio UHT || Le pack de 6 bouteilles de 50cl || Origine : FRANCE || 
2,56€ / L || 
7,67 € || 
Lait frais pasteurisé entier || La bouteille de 1l || Origine : FRANCE || Ce lait est produit et embouteillé en région Ile de France. La ferme est à moins de 20 km de Paris ! Il a très peu voyagé et il garantit une rémunération équitable à son producteur. || Lait frais pasteurisé entier. || Conservation : +5°C maxi. || 
1,38€ / L || 
1,38 € || 
Lait fermenté || La brick de 1L || Origine : FRANCE || Lait à 1% de matière grasse - ferments lactiques. || Valeur énergétique en Joules :  180kj || Valeur énergétique en Kcal : 43kcal || Glucides : 4,9g || Lipides : 1,1g || Protides :3,3g || 
1,42€ / L || 
1,42 € || 
Lait frais et demi-écrémé, microfiltré || La bouteille de 1L || Origine : FRANCE || Retrouver la vraie saveur du lait... Monoprix gourmet vous propose ce lait aux qualités gustatives incomparables, celles du lait cru. Le traitement thermique classique de la pasteurisation a été remplacé (sauf pour la crème) par un passage à traversdes filtres très fins. Ce procédé permet de conserver toutes les propriétés gustatives du lait cru et de garantir une meilleure conservation, les bactéries ayant été retenues par les filtres. Monoprix Gourmet ou les plaisirs d'une tradition retrouvée... Pour le plus grand plaisir de tous, Monoprix Gourmet vous propose ce lait microfiltré, alliant saveur et authenticité. || Lait frais demi écrémé microfiltré. || Valeur énergétique en Joules :  199Kj || Valeur énergétique en Kcal : 832Kcal || Glucides : 5g || Lipides : 1,6g || Protides :3,2g || A conserver entre 0°C et +4°C. A consommer dans les trois jours qui suivent l'ouverture. || 
1,27€ / L || 
1,27 € || 
Lait frais et entier, microfiltré || La bouteille de 1L || Origine : FRANCE || Retrouver la vraie saveur du lait... Monoprix gourmet vous propose ce lait aux qualités gustatives incomparables, celles du lait cru. Le traitement thermique classique de la pasteurisation a été remplacé (sauf pour la crème) par un passage à traversdes filtres très fins. Ce procédé permet de conserver toutes les propriétés gustatives du lait cru et de garantir une meilleure conservation, les bactéries ayant été retenues par les filtres. Monoprix Gourmet ou les plaisirs d'une tradition retrouvée... Pour le plus grand plaisir de tous, Monoprix Gourmet vous propose ce lait microfiltré, alliant saveur et authenticité. || Lait frais entier microfiltré. || Valeur énergétique en Joules :  269Kj || Valeur énergétique en Kcal : 1124Kcal || Glucides : 4,9g || Lipides : 3,6g || Protides :3,1g || A conserver entre 0°C et +4°C. A consommer dans les trois jours qui suivent l'ouverture. || 
1,33€ / L || 
1,33 € || 
Lait frais et entier, microfiltré || La bouteille de 1L || Origine : FRANCE || Retrouvez la vraie saveur du lait... Monoprix Bio vous propose ce lait aux qualités gustatives incomparables, celles du lait cru. Le traitement thermique classique de la pasteurisation a été remplacé (sauf pour la crème) par un passage à travers desfiltres très fins. Ce procédé permet de conserver toutes les qualités gustatives du lait cru et de garantir une meilleur conservation, les bactéries ayant été retenues par les filtres. Pour le plus grand bonheur de tous, Monoprix Bio vous propose celait microfiltré issu de l'agriculture biologique, alliant saveur et authenticité. || Lait de vache issu de l'agriculture biologique. || Valeur énergétique en Joules :  295kj || Valeur énergétique en Kcal : 71kcal || Glucides : 5,1g || Lipides : 4,1g || Protides :3,3g || A conserver entre 0°c et +4°c. || 
1,73€ / L || 
1,73 € || 
Lait frais et entier, microfiltré || La bouteille de 1L || Origine : FRANCE || Retrouvez la vraie saveur du lait... Monoprix Bio vous propose ce lait aux qualités gustatives incomparables, celles du lait cru. Le traitement thermique classique de la pasteurisation a été remplacé (sauf pour la crème) par un passage à travers desfiltres très fins. Ce procédé permet de conserver toutes les qualités gustatives du lait cru et de garantir une meilleur conservation, les bactéries ayant été retenues par les filtres. Pour le plus grand bonheur de tous, Monoprix Bio vous propose celait microfiltré issu de l'agriculture biologique, alliant saveur et authenticité. || Lait de vache issu de l'agriculture biologique. || Valeur énergétique en Joules :  295kj || Valeur énergétique en Kcal : 71kcal || Glucides : 5,1g || Lipides : 4,1g || Protides :3,3g || A conserver entre 0°c et +4°c. || 
1,73€ / L || 
1,73 € || 
Lait frais au chocolat || La bouteille de 1L || Origine : FRANCE || 
2,01€ / L || 
2,01 € || 
Lait frais demi-écrémé || La bouteille de 1L || Origine : FRANCE || 
1,30€ / L || 
1,30 € || 
Lait frais entier || La bouteille de 1L || Origine : FRANCE || 
1,32€ / L || 
1,32 € || 
Lait pasteurisé à 0,5% de M.G. enrichi en vitamine D || La bouteille de 1l || Origine : FRANCE || Le lait Bridelight contient 0,5% de matières grasses. Naturellement source de calcium, le lait Bridelight est enrichi en vitamine D, nutriment qui contribue à l'entretien du capital osseux. || Lait à 0,5% de MG, vitamine D. || Valeur énergétique en Joules :  154kj || Valeur énergétique en Kcal : 36kcal || Glucides : 4,8g || Lipides : 0,5g || Protides :3,2g || A conserver au froid à +6°C max. Après ouverture, à consommer rapidement. || 
1,37€ / L || 
1,37 € || 
Lait pasteurisé demi écrémé à teneur réduite en lactose et enrichi en vitamine D || La bouteille de 1l || Origine : FRANCE || Facile à digérer, il contient seulement 0,5 % de lactose. Au rayon frais, il garde tous ses bienfaits et le bon goût du lait frais. Matin Léger est un lait facile à digérer qui vous apporte autant de calcium et de protéines qu'un lait demi écrémé classique et de la vitamine D pour mieux fixer le calcium. || Lait demi-écrémé, lactase, vitamine D. || Valeur énergétique en Joules :  190kj || Valeur énergétique en Kcal : 45kcal || Glucides : 4,8g || Lipides : 1,5g || Protides :3,2g || A conserver au froid entre +4°C et +6°C maximum. Après ouverture consommer rapidement. || 
2,15€ / L || 
2,15 € || 
Lait frais et fermenté || La brique de 1L || Origine : FRANCE || Bien agiter. || Lait à 5g de MG par litre, ferments lactiques. || Conservation à + 6°c maximum. || 
1,77€ / L || 
1,77 € || 
Lait en poudre écrémé à dissolution instantanée || La boîte de 300g || Origine : FRANCE || Pour reconstituer 250ml de lait écrémé, versez 25g (soit 5 cuillères à soupe) de lait en poudre écrémé dans 230ml d'eau chaude (mais non bouillante) ou froide. Ce produit n'est pas destiné à l'alimentation des nourrissons de moins de douze mois. || Lait en poudre écrémé 100%. Traces de lécithine de soja. || Valeur énergétique en Joules :  1526 || Valeur énergétique en Kcal : 359kcal || Glucides : 52g || Lipides : 0,8 || Protides :36g || A conserver à l'abri de la chaleur et de l'humidité. Après ouverture, à consommer dans un délai de 4 semaines. || 
6,37€ / Kg || 
1,91 € || 
Lait concentré non sucré, format malin || Le paquet de 10 dosettes de 7,5g, 75g || Origine : FRANCE || Les dosettes de lait concentré non sucré Gloria : toute la saveur d'une touche de lait avec seulement 4% de matières grasses !Complices de vos moments de détente, elles apportent de la douceur à toutes vos boissons chaudes : thé ou café. || Lait demi écrémé, extrait sec lactique dégraissé 20%. || Valeur énergétique en Joules :  463Kj || Valeur énergétique en Kcal : 110Kcal || Glucides : 11,6g || Lipides : 4g || Protides :6,9g || 
12,27€ / Kg || 
0,92 € || 
Lait concentré non sucré demi-écrémé || La boîte de 410g || Origine : FRANCE || Le Lait Concentré Non Sucré Gloria est fabriqué en Normandie à partir de lait frais. Il est obtenu par simple évaporation de l'eau présente dans le lait.Ce procédé de fabrication donne au lait Gloria une teinte caramélisée. || Bien agiter la boîte avant utilisation. Pour reconstituer du lait 1/2 écrémé, ajoutez au lait Gloria le même volume d'eau. Gloria est une aide culinaire idéale pour donner de l'onctuosité à toutes vos idées : recettes sucrées (glaces, crêpes, clafoutis...) comme salées (cakes, veloutés, quiches...). || Lait demi-écrémé, extrait sec lactique dégraissé 20%. Matières grasses du lait 4%.  Sans conservateur. || Valeur énergétique en Joules :  463Kj || Valeur énergétique en Kcal : 111KCal || Glucides : 11g || Lipides : 4g || Protides :7,5g || Après ouverture, le lait Gloria se conserve au réfrigérateur comme le lait frais soit 3 jours au maximum. || 
3,22€ / Kg || 
1,32 € || 
Lait concentré non sucré entier, 7.5%MG || La boîte de 410g || Origine : FRANCE || Lait fabriqué en Normandie à partir de lait frais. || Bien agiter la boite avant utilisation.Idéal dans la préparation des tartes, quiches, cakes. || Lait entier, extrait sec lactique dégraissé 17,5%. Sans conservateur. Contient juste 7,5% de M.G || Valeur énergétique en Joules :  555 || Valeur énergétique en Kcal : 133 || Glucides : 9.8 || Lipides : 7.5 || Protides :6.5 || Après ouverture, conserver 3 jours maximum au réfrigérateur. || 
3,07€ / Kg || 
1,26 € || 
Lait biologique demi-écrémé chocolaté || Les 6 briquettes de 20cl || Origine : FRANCE || Lait de vache 1/2 ÍcrÍmÍ 92 % - sucre de canne 6% - cacao 2% . IngrÍdients issus de l'agriculture biologique. ALGAE || Valeur énergétique en Joules :  311 || Valeur énergétique en Kcal : 73.8 || Glucides : 10.7 || Lipides : 1.8 || Protides :3.3 || 
3,38€ / L || 
4,05 € || 
Lait biologique demi-écrémé chocolaté || Les 6 briquettes de 20cl || Origine : FRANCE || Lait de vache 1/2 ÍcrÍmÍ 92 % - sucre de canne 6% - cacao 2% . IngrÍdients issus de l'agriculture biologique. ALGAE || Valeur énergétique en Joules :  311 || Valeur énergétique en Kcal : 73.8 || Glucides : 10.7 || Lipides : 1.8 || Protides :3.3 || 
3,38€ / L || 
4,05 € || 
Lait concentré, sucré || La boîte de 397g || Origine : FRANCE || Grâce à son onctuosité et à sa douceur, le lait concentré sucré Nestlé vous permettra de réaliser facilement des desserts gourmands.Idéal pour donner un goût crémeux à vos boissons chaudes, vous pourrez également le déguster tel quel tout simplement. || Lait, sucre. Matière grasse 8%, extrait sec lactique dégraissé : 20%. || Valeur énergétique en Joules :  1369Kj || Valeur énergétique en Kcal : 327,5Kc || Glucides : 55.3g || Lipides : 8g || Protides :7.8g || La boîte entamée se conserve une quinzaine de jours au frais. || 
5,37€ / Kg || 
2,13 € || 
Lait concentré, sucré || Les 2 tubes, 340g || Origine : FRANCE || Le tube Nestlé, c'est le concentré d'énergie et de gourmandise 100% naturel source de calcium. Format + pratique ! || Lait entier, sucre. Extrait sec lactique dégraissé 20%, matière grasse 8%. || Valeur énergétique en Joules :  1394Kj || Valeur énergétique en Kcal : 333KCal || Glucides : 54,2g || Lipides : 9g || Protides :8,2g || Le contenu d'un tube entamé et refermé se conserve 15 jours au frais. || 
6,68€ / Kg || 
2,27 € || 
Lait concentreé sucré || La boite de 1kg || Origine : FRANCE || Grâce à son onctuosité et à sa douceur, le lait concentré sucré Nestlé vous permettra de réaliser facilement des desserts gourmands. Idéal pour donner un bon goût crémeux à vos boissons chaudes, vous pourrez également le déguster tel quel tout simplement. || Lait, sucre. Matière grasse 8%, extrait sec lactique dégraissé : 20%. || Valeur énergétique en Joules :  1372kj || Valeur énergétique en Kcal : 325kcal || Glucides : 56g || Lipides : 8g || Protides :7,3g || La boîte entamée se conserve une quinzaine de jours au frais. || 
5,09€ / Kg || 
5,09 € || 
Lait concentré sucré || Le tube de 300g || Origine : ESPAGNE || Nouvelle valve anti-goutte. Idéal pour toute ma famille : dans le café, le thé ou le chocolat ou tout simplement sur une tartine de pain. Sur vos desserts, en nappage sur des fruits, des crêpes ou des glaces. || Lait entier, sucre. Extrait sec lactique dégraissé 20%, matière grasse 8%. || Valeur énergétique en Joules :  1372kj || Valeur énergétique en Kcal : 325kcal || Glucides : 56g || Lipides : 8g || Protides :7,3g || Le contenu d'un tube entamé et refermé se conserve 3 semaines au frais. || 
7,57€ / Kg || 
2,27 € || 
Lait concentré sucré demi-écrémé || La boite de 6, 180g || Origine : FRANCE || Du lait frais 1/2 écrémé, du sucre, simplement. || Lait frais demi écrémé pasteurisé, sucre. Matière grasse : 4%. Extrait sec lactique dégraissé : 24%. || Valeur énergétique en Joules :  1272kj || Valeur énergétique en Kcal : 300kcal || Glucides : 57,2g || Lipides : 4g || Protides :8,9g || A conserver dans un endroit frais et sec. || 
12,89€ / Kg || 
2,32 € || 
10 maxi coupelles Nuage de Lait concentré non sucré || Le paquet de 140g || Origine : FRANCE || Lait concentré non sucré. || Cassez la languette plastique de la coupelle. Tirez délicatement. Versez dans votre boisson chaude, remuez, c'est prêt ! || Lait entier. Traitement thermique. Matière grasse : 7,5%. Extrait sec dégraissé : 17,5%. || Se conserve à température ambiante. || 
11,86€ / Kg || 
1,66 € || 
Lait concentré entier, non sucré || Les 4 pots, 680g || Origine : ALLEMAGNE || Le lait concentré entier non sucré Régilait est obtenu par la simple évaporation d'une partie de l'eau contenue dans du bon lait soigneusement sélectionné. Votre boîte Régilait vous apporte ainsi un concentré de bienfaits (du calcium, des protéines,du phosphore) tout en restant un allié incomparable pour apporter goût et texture à vos recettes. || Vous pouvez consommer le lait concentré non sucré Régilait tel quel dans votre thé ou café, mais aussi dans toutes vos préparations culinaires, comme une crème liquide. Vous pouvez également reconstituer du lait entier en ajoutant au produit le mêmevolume d'eau. || Lait concentré : 7.5% de matière grasse laitière. 17.5% d'extrait sec dégraissé. || A conserver au froid après ouverture., Après ouverture, conserver 3 jours au réfrigérateur || 
4,38€ / Kg || 
2,98 € || 
Lait concentré en tube, sucré || Le tube de 300g || Origine : FRANCE || Lait entier, sucre (43.5%). Matière grasse : 9%. Extrait sec lactique dégraissé : 22%. || Valeur énergétique en Joules :  1421Kj || Valeur énergétique en Kcal : 340KCal || Glucides : 55,5g || Lipides : 9g || Protides :8,5g || Une fois entamé, ce lait se conserve 3 semaines au réfrigérateur. || 
5,53€ / Kg || 
1,66 € || 
Lait concentré non sucré || Les 10 dosettes, 75g || Origine : FRANCE || Avec Nuage de Lait, le café devient douceur et le thé onctuosité  pour de petits moments de détente à la maison, au bureau, entre amis ou rien que pour soi. || Casser la languette plastique de la coupelle, tirez délicatement, versez dans votre boisson chaude, remuez, c'est prêt ! || Lait entier. Traitement thermique. Matière grasse : 7,5%, extrait sec dégraissé : 17,5%. || Se Conserve à température ambiante. || 
12,67€ / Kg || 
0,95 € || 
Lait concentré sucré || Le tube pocket de 60g || Origine : FRANCE || Valeur énergétique en Joules :  1333 kj || Valeur énergétique en Kcal : 316 kcal || Glucides : 56g || Lipides : 8g || Protides :5g || 
12,17€ / Kg || 
0,73 € || 
Lait concentré sucré entier arômatisé || Les 4 tubes de 60g (240g) || Origine : FRANCE || Lait concentré sucré aromatisé. || Lait entier, sucre : 45%, arome naturel (fraise ou vanille)  MatiÈre grasse  : 8%. Extrait sec lactique dÍgraissÍ : 19,9% || Valeur énergétique en Joules :  1318 || Valeur énergétique en Kcal : 310 || Glucides : 55,3g || Lipides : 8g || Protides :7,7G || A conserver dans un endroit sec. Une fois entamé, se conserve 3 semaines au réfrigérateur. || 
17,13€ / Pce || 
4,11 € || 
Lait écrémé issu de fermes laitières françaises || La boîte de 750g || Origine : FRANCE || Le lait en poudre Régilait est réalisé à partir de lait liquide soigneusement collecté dans des fermes françaises. Il est ensuite pasteurisé, séché pour évaporer l'eau qu'il contient. Il ne reste que l'essentiel du lait, un vrai concentré d'élémentsnutritionnels. || Pour obtenir 1/2 litre de lait écrémé : 45 cl d'eau + 8 cuillères à soupe de Régilait (50 g). Pour vos boissons chaudes : mettez directement la quantité de poudre que vous souhaitez, mélangez, c'est prêt ! Régilait ne refroidit pas les boissons chaudes. En cuisine : mélangé tel quel aux autres ingrédients secs, Régilait est épatant pour les sauces, les crêpes, les purées, les glaces  Régilait écrémé n'est pas destiné à l'alimentation des nourrissons de moins de 12 mois. || Lait écrémé en poudre. Peut contenir des traces de lécithine de soja. Ne contient aucun additif, ni conservateur conformément à la réglementation en vigueur. || Valeur énergétique en Joules :  1512kj || Valeur énergétique en Kcal : 356kcal || Glucides : 51,7 || Lipides : 0,8g || Protides :35,5g || A conserver dans un endroit sec. Après ouverture, se conserve 4 semaines. Bien refermer le bec verseur après chaque utilisation. || 
7,13€ / Kg || 
5,35 € || 
Lait en poudre écrémé, issu de fermes laitières françaises || La boîte de 300g || Origine : FRANCE || Régilait, c'est du lait et rient d'autre ! Le lait en poudre Régilait est réalisé à partir de lait liquide soigneusement collecté dans des fermes françaises.Il est ensuite pasteurisé, séché pour évaporer l'eau qu'il contient. Il ne reste que l'essentiel du lait, un vrai concentré d'éléments nutritionnels. Léger et facile à stocker. Régilait équivaut à 3 litres de lait UHT. || Pour vos boissons chaudes : mettez directement la quantité de poudre que vous souhaitez, mélangez. Régilait ne refroidit pas les boissons chaudes. En cuisine : mélangé tel quel aux autres ingrédients secs. Régilait Calcium n'est pas destiné à l'alimentation des nourrissons de moins de 12 mois. || Lait écrémé en poudre. Peut contenir des traces de lécithine de soja. Régilait ne contient aucun additif, ni conservateur. || Valeur énergétique en Joules :  1512Kj || Valeur énergétique en Kcal : 361,7Kc || Glucides : 51.7g || Lipides : 0.8g || Protides :35.5g || à conserver dans un endroit sec. Après ouverture, se conserve 4 semaines. Bien refermer le bec verseur après chaque utilisation. || 
8,43€ / Kg || 
2,53 € || 
Lait en poudre instantané et écrémé, bio || La boîte de 300g || Origine : FRANCE || Le lait écrémé en poudre est un des aliments les plus riches en calcium. 30g de Régilait écrémé Bio apportent 48% des apports journalier recommandés.Léger et facile à stocker. Cette boîte de Régilait équivaut à 2,5 litres de lait UHT. || Pour obtenir 1/2 litre de lait écrémé : 45cl d'eau + 8 cuillères à soupe (50g). Pour vos boissons chaudes : mettez directement la quantité de poudre que vous souhaitez, mélangez, c'est prêt ! En cuisine : mélangé tel quel aux autres ingrédients secs,Régilait est épatant pour les sauces, les crêpes, les purées, les glaces. Régilait Bio n'est pas destiné à l'alimentation des nourrissons de moins de 12 mois. || Lait écrémé en poudre, issu de l'agriculture biologique sans additif conformément à la réglementation. Peut contenir des traces de lécithine de soja. || Valeur énergétique en Joules :  1512 || Valeur énergétique en Kcal : 361,2 || Glucides : 51,7 || Lipides : 0,8 || Protides :35,5 || A conserver dans un endroit sec. Après ouverture, se conserve 4 semaines. Refermer soigneusement le bec verseur après chaque utilisation. || 
14,32€ / Kg || 
3,58 € || 
Lait en poudre instantané et écrémé, bio || La boîte de 300g || Origine : FRANCE || Le lait écrémé en poudre est un des aliments les plus riches en calcium. 30g de Régilait écrémé Bio apportent 48% des apports journalier recommandés.Léger et facile à stocker. Cette boîte de Régilait équivaut à 2,5 litres de lait UHT. || Pour obtenir 1/2 litre de lait écrémé : 45cl d'eau + 8 cuillères à soupe (50g). Pour vos boissons chaudes : mettez directement la quantité de poudre que vous souhaitez, mélangez, c'est prêt ! En cuisine : mélangé tel quel aux autres ingrédients secs,Régilait est épatant pour les sauces, les crêpes, les purées, les glaces. Régilait Bio n'est pas destiné à l'alimentation des nourrissons de moins de 12 mois. || Lait écrémé en poudre, issu de l'agriculture biologique sans additif conformément à la réglementation. Peut contenir des traces de lécithine de soja. || Valeur énergétique en Joules :  1512 || Valeur énergétique en Kcal : 361,2 || Glucides : 51,7 || Lipides : 0,8 || Protides :35,5 || A conserver dans un endroit sec. Après ouverture, se conserve 4 semaines. Refermer soigneusement le bec verseur après chaque utilisation. || 
14,32€ / Kg || 
3,58 € || 
Lait instantané arômatisé pour adoucir thé ou café || Les 15 dosettes, 60g || Origine : FRANCE || Onctuosité. || Boissons chaudes. || Poudre de lait écrémé, arôme. Peut contenir des traces de lécithine de soja. || Valeur énergétique en Joules :  1512Kj || Valeur énergétique en Kcal : 356Kcal || Glucides : 51,7g || Lipides : 0,8g || Protides :35,5g || À conserver dans un endroit sec. || 
22,33€ / Kg || 
1,34 € || 
Lait instantané demi-écrémé, issu de fermes laitières françaises || La boîte de 300g || Origine : FRANCE || Lait demi-écrémé issu de Fermes Laitières Françaises. Sélection qualité régilait. Cette boîte équivaut à 2,7L de lait UHT.Le lait demi-écrémé en poudre est un aliment riche en calcium. 30g de Régilait demi-écrémé apportent 39% des Apports JournaliersRecommandés. Le lait en poudre Régilait est réalisé à partir de lait soigneusement collecté dans des fermes françaises. Il est ensuite pasteurisé, séché pour évaporer l'eau qu'il contient. Il ne reste que l'essentiel du lait, un vrai concentré d'éléments nutritionnels. || Pour vos boissons chaudes : mettez directement la quantité de poudre que vous souhaitez, mélangez, c'est prêt ! Régilait ne refroidit pas les boissons chaudes. En cuisine : mélangé tel quel aux autres ingrédients secs, Régilait est épatant pour les sauces, les crêpes, les purées, les glaces   Pour obtenir 1/2L de lait demi-écrémé : 45cl d'eau + 6 c. à soupe (55g). Régilait demi-écrémé n'est pas destiné à l'alimentation des nourrissons de moins de 12 mois. || Lait demi-écrémé en poudre, émulsifiant : lécithine de soja, anti-oxydant : acide ascorbique. || Valeur énergétique en Joules :  1809 || Valeur énergétique en Kcal : 432,2 || Glucides : 44,7 || Lipides : 14,2 || Protides :30,8 || A conserver dans un endroit sec. Après ouverture, se conserve 4 semaines. Bien refermer le bec verseur après chaque utilisation. || 
8,07€ / Kg || 
2,42 € || 
Lait instantané entier, issu de fermes laitières françaises || La boîte de 300g || Origine : FRANCE || Aliment riche en calcium. Léger et facile à stocker. || Boissons chaudes, cuisine. || Lait entier en poudre, émulsifiant : lécithine de soja, anti-oxydant : acide ascorbique. || Valeur énergétique en Joules :  2067Kj || Valeur énergétique en Kcal : 494KCal || Glucides : 38,6g || Lipides : 26,2g || Protides :26g || A conserver dans un endroit sec. Après ouverture, se conserve 4 semaines. Bien refermer le bac verseur après chaque utilisation. || 
9,80€ / Kg || 
2,94 € || 
Regilait lait concentre sucre entier lot de 12 tubes 60g || La boite de 12 tubes 60g || Origine : FRANCE || Se consomme tel quel. || Lait entier, sucre : 43,5%. MatiÈre grasse  : 9%. Extrait sec lactique dÍgraissÍ : 22% || Valeur énergétique en Joules :  1421 || Valeur énergétique en Kcal : 337 || Glucides : 55,5g || Lipides : 9g || Protides :8,5G || A conserver dans un endroit sec et frais. Une fois entamés, les tubes de conservent 3 semaines au réfrigérateur. || 
9,65€ / Kg || 
6,95 € || 
Crème aux oeufs, caramel, cuite et dorée au four || Les 4 pots de 100g || Origine : FRANCE || Découvrez toute l'authenticité de la recette de la crème caramel MONOPRIX, aux oeufs extra frais, cuite et dorée au four. Pour le plus grand plaisir des petits comme des grands, une recette onctueuse au bon goût de caramel. || Lait demi écrémé, oeufs extra frais 18%, sucre, caramel 6% (sucre, sirop de glucose-fructose de blé, eau, amidon transformé de pomme de terre, épaississants : pectine,gomme xanthane), arôme vanille. Trace de gluten. || Valeur énergétique en Joules :  522Kj || Valeur énergétique en Kcal : 124Kcal || Glucides : 20g || Lipides : 2,7g || Protides :4,8g || A conserver entre 0°C et +6°C. || 
4,25€ / Kg || 
1,70 € || 
Crème aux oeufs, vanille, au lait entier || Les 4 pots de 100g || Origine : FRANCE || Pour le plus grand plaisir des petits comme des grands, découvrez la crème aux oeufs saveur vanille MONOPRIX, une délicieuse recette au lait entier, aux oeufs frais et à la crème. || Lait entier 53%, sucre, crème 15%, oeufs entiers frais 9.4%, jaune d'oeuf frais 4%, lait écrémé en poudre, amidon transformé de pomme de terre, arôme vanille. || Valeur énergétique en Joules :  781Kj || Valeur énergétique en Kcal : 3265Kcal || Glucides : 21g || Lipides : 9,4g || Protides :4,5g || A conserver entre 0°C et +6°C. || 
4,20€ / Kg || 
1,68 € || 
Crème aux oeufs, vanille sur lit de pommes au caramel || Les 4 pots de 100g || Origine : FRANCE || Lait entier 44%, sucre, crème 12,6%, pommes 9,5%, oeufs frais 7,8%, sirop de glucose-fructose de blé, jaune d'oeufs frais 3,3%, caramel 1,7% (sucre, eau), poudre de lait écrémé, amidons transformés de pomme de terre et de manioc, arômes, gélifiant: pectine de fruits, correcteurs d'acidité: acide citrique. || A conserver entre 0°C et +6°C maximum. || 
5,65€ / Kg || 
2,26 € || 
Petits pots à la crème chocolat et aux oeufs frais || Les 4 pots de 100g, soit 400g || Origine : FRANCE || Valeur énergétique en Joules :  649kj || Valeur énergétique en Kcal : 155kcal || Glucides : 20g || Lipides : 6,7g || Protides :3,6g || 
4,25€ / Kg || 
1,70 € || 
Petits pots à la crème saveur vanille et aux oeufs frais || Les 4 pots de 100g, soit 400g || Origine : FRANCE || Valeur énergétique en Joules :  577kj || Valeur énergétique en Kcal : 137kcal || Glucides : 20g || Lipides : 4,7g || Protides :3,7g || 
4,25€ / Kg || 
1,70 € || 
Crème aux oeufs frais, caramel || Les 4 pots de 100g || Origine : FRANCE || Bonne Maman vous propose sa crème caramel préparée uniquement à partir d'ingrédients traditionnels de qualité. || Lait entier frais, oeufs frais (15%), crème fraîche (13%), caramel(10%), sucre. || A conserver à +6°C maxi. || 
5,43€ / Kg || 
2,17 € || 
Crème aux oeufs frais, caramel, cuite et dorée au four || Les 4 pots de 100g || Origine : FRANCE || Retrouvez tout le savoir-faire de La Laitière dans sa délicieuse recette de crème caramel : des ingrédients de qualité (du lait, des oeufs frais), délicatement posés sur un généreux lit de caramel,le tout cuit au four pour offrir un plaisir onctueuxet gourmand. Une recette généreuse et authentique ! || Lait écrémé (59%), oeufs frais (14,5%), sucre, caramel (10%) (eau, sucre), blanc d'oeuf, crème (1,4%), lait écrémé en poudre, amidon modifié, sirop de glucose, arôme vanille, épaississants (pectine, gomme xanthane), correcteur d'acidité : E524. (Traces éventuelles de gluten et de fruits à coque). || Valeur énergétique en Joules :  525Kj || Valeur énergétique en Kcal : 125Kcal || Glucides : 20,5g || Lipides : 2,6g || Protides :4,5g || Conservation à +6°C maximum. || 
5,38€ / Kg || 
2,15 € || 
Crème aux oeufs frais, vanille || Les 4 pots de 100g || Origine : FRANCE || Préparée avec des oeufs extra frais, la crème aux oeufs de La Laitière est cuite en deux fois pour lui donner cette texture onctueuse, puis elle est délicatement dorée en surface. || Lait demi-écrémé (53%), crème (17,9%), oeufs extra-frais (13,6%), sucre, lait écrémé en poudre, amidon modifié, amidon, arôme vanille, colorant (béta-carotène).  Traces éventuelles de gluten. || Valeur énergétique en Joules :  690Kj || Valeur énergétique en Kcal : 165KCal || Glucides : 18,8g || Lipides : 7,9g || Protides :4,6g || A conserver à +6°C max. || 
5,55€ / Kg || 
2,22 € || 
Crème dessert à la vanille et au lait entier || Les 4 pots de 125g || Origine : FRANCE || Lait entier 80,9%, sucre, amidon transformé de maïs, crème fraîche 1,9%, lactose et protéines de lait, arôme vanille, gélifiant : carraghénanes, sel, colorant : béta-carotène. || Valeur énergétique en Joules :  486Kj || Valeur énergétique en Kcal : 115Kcal || Glucides : 18g || Lipides : 3,4g || Protides :3,2g || A conserver entre 0°C et +6°C. || 
2,04€ / Kg || 
1,02 € || 
Crème dessert au caramel et lait entier || Les 4 pots de 125g || Origine : FRANCE || Lait 76.4%, caramel 12.3% (sucre, eau), sucre, crème fraîche 3%, amidon transformé de tapioca, lactose et protéines de lait, arôme, gélifiant : carraghénanes, colorant : E150d, correcteur d'acidité : hydroxyde de sodium. || Valeur énergétique en Joules :  494Kj || Valeur énergétique en Kcal : 117Kcal || Glucides : 19g || Lipides : 3,3g || Protides :2,9g || A conserver entre 0°c et +6°C. || 
2,24€ / Kg || 
1,12 € || 
Crème dessert au chocolat, certifié AB || Les 4 pots de 125g || Origine : FRANCE || Lait écrémé* 71,6% : sucre de canne*, crème* 9%, cacao en poudre* 3.5%, chocolat* 3% (pâte de cacao*, sucre de canne*, beurre de cacao*, émulsifiant : lécithine de soja), amidon de riz, poudre de lait écrémé*, gélifiant : carraghénanes. *Issu de l'agriculture biologique. || Valeur énergétique en Joules :  531kj || Valeur énergétique en Kcal : 126kcal || Glucides : 18g || Lipides : 4,8g || Protides :3,3g || A conserver entre 0°C et +6°C. || 
3,06€ / Kg || 
1,53 € || 
Crème dessert au chocolat, certifié AB || Les 4 pots de 125g || Origine : FRANCE || Lait écrémé* 71,6% : sucre de canne*, crème* 9%, cacao en poudre* 3.5%, chocolat* 3% (pâte de cacao*, sucre de canne*, beurre de cacao*, émulsifiant : lécithine de soja), amidon de riz, poudre de lait écrémé*, gélifiant : carraghénanes. *Issu de l'agriculture biologique. || Valeur énergétique en Joules :  531kj || Valeur énergétique en Kcal : 126kcal || Glucides : 18g || Lipides : 4,8g || Protides :3,3g || A conserver entre 0°C et +6°C. || 
3,06€ / Kg || 
1,53 € || 
Crème dessert au chocolat et au lait entier || Les 4 pots de 125g || Origine : FRANCE || Lait entier 75% , sucre , dextrose de blé, cacao maigre 3% , crème fraîche 3% , lactose , amidon transformé de tapioca ,chocolat 1 % (sucre, pâte de cacao, cacao maigre en poudre, émulsifiant :lécithine de soja) , protéines de lait -gélifiant : E407. || Valeur énergétique en Joules :  44Kj || Valeur énergétique en Kcal : 129Kcal || Glucides : 20g || Lipides : 3,9g || Protides :3,5g || A conserver entre 0°C et +6°C || 
2,04€ / Kg || 
1,02 € || 
Flan, goût vanille nappé de caramel || Les 12 pots de 100g || Origine : FRANCE || Lait partiellement écrémé 82%, sucre, caramel (sucres, eau, amidon transformé de maïs, épaississants : E440, E415), amidon transformé de maïs, gélifiant : E407, arôme vanille, colorants : E16b, E100. || Valeur énergétique en Joules :  380kj || Valeur énergétique en Kcal : 90kcal || Glucides : 18g || Lipides : 0,8g || Protides :2,6g || A conserver entre 0°C et +6°C. || 
1,70€ / Kg || 
2,04 € || 
Flan, goût vanille nappé de caramel || Les 4 pots de 100g, 400g || Origine : FRANCE || Lait entier 76%, sucre, caramel 5,9%, (eau, sucre, sirop de glucose, fructose, amidons tranformés de pomme de terre, épaississant: gomme xanthane, gélifiants: pectine, carraghénanes, arôme, colorant, béta, caroténe, correcteur d'acidité: citrates desodium. || Valeur énergétique en Joules :  484kj || Valeur énergétique en Kcal : 115kcal || Glucides : 20g || Lipides : 2,8g || Protides :2,5g || 
2,28€ / Kg || 
0,91 € || 
Flans au lait fermier, cuits au four || La boite de 2 flans, 280g || Origine : FRANCE || Flan au lait fermier. || Lait fermier 65%, oeufs, sucre, amidon de maïs transformé, amidon de maïs, sucre glace, colorant : caroténoïdes, arôme naturel de vanille. || Valeur énergétique en Joules :  698kj || Valeur énergétique en Kcal : 165kcal || Glucides : 29g || Lipides : 3,7g || Protides :4g || A conserver entre +2°C et +4°C. Conditionné sous atmosphère protectrice. || 
10,25€ / Kg || 
2,87 € || 
Crème au chocolat || Les 4 pots de 100g || Origine : FRANCE || 
5,90€ / Kg || 
2,36 € || 
Crème dessert à la vanille || Les 4 pots de 100g || Origine : FRANCE || 
5,48€ / Kg || 
2,19 € || 
Crème dessert à la vanille || Les 4 pots de 125g || Origine : FRANCE || Lait entier (pour info 71,8%) crÈme (lait) sucre permÍat de petit lait (lactosÍrum) en poudre      Ípaississants: amidon transformÍ (E1442), carraghÍnanes( E 407 )  amidon gÍlatine (non porcine) Ímulsifiant: esters lactiques des mono- et diglycÍridesd'acides gras (E 472b) ar«mes (lait) colorant: b²ta caortÈne (E160a) sel || Glucides : 15,7G || Lipides : 7,2G || Protides :3,0G || 
2,98€ / Kg || 
1,49 € || 
Crème dessert au caramel || Les 4 pots de 125g || Origine : FRANCE || lait entier et lait ÍcrÍmÍ concentrÍ  (82,3%) sucre  caramel 5,6% (sucre, sirop de glucose-fructose, eau) Ípaississants: amidon transformÍ (E1442), carraghÍnanes (E407) crÈme (lait) amidon stabilisant: phosphate dipotassique (E340) ar«me (lait) sucrecuit sel || Glucides : 19,1G || Lipides : 2,7G || Protides :3,4G || 
3,28€ / Kg || 
1,64 € || 
Crème dessert au chocolat || Les 4 pots de 125g || Origine : FRANCE || lait entier et lait ÍcrÍmÍ (80,1%) sucre chocolat (2,2%) ( sucre, pate de cacao, cacao maigre en poudre, Ímulsifiant : lÍcithine de soja, ar«me) cacao maigre en poudre (soja) Ípaississants : E 1442 (amidon transformÍ), E 407 (carraghÍnanes) permÍat de petit lait (lactosÍrum) en poudre amidon || Glucides : 20,0G || Lipides : 3,0G || Protides :3,3G || 
2,98€ / Kg || 
1,49 € || 
Crème dessert au chocolat et biscuits aux 3 chocolats || Les 4 pots de 117g || Origine : FRANCE || Craquez pour Danette Crousti choco ! De la savoureuse Danette avec ses drôles de biscuits croustillants aux 3 chocolats ! || Crème dessert : lait partiellement écrémé et lait écrémé en poudre (80.1%), sucre, chocolat 2% (sucre, pâte de cacao, poudre de cacao maigre, beurre de cacao, émulsifiant : lécithine de soja, arôme : vanilline), épaississants : E1442, E407, cacao maigre, lactose, amidon, crème. Biscuits soufflés : chocolat noir (pâte de cacao, sucre, beurre de cacao, émulsifiant : lécithine de soja, arôme : vanilline), chocolat blanc (sucre, beurre de cacao, lait entier en poudre, émulsifiant : lécithine de soja, arôme : vanilline) et chocolat au lait (sucre, beurre de cacao, lait entier en poudre, pâte de cacao, émulsifiant : lécithine de soja, arôme : vanilline) (60%), farine de blé (24.1%), sucre, malt, amidon de blé, poudre à lever : bicarbonate de sodium, huile de palme, sel, dextrose, agent d'enrobage : E904. Contient : lait, blé, soja. Peut contenir : noisette, amande, pistache, noix. || Valeur énergétique en Joules :  616 || Valeur énergétique en Kcal : 147,2 || Glucides : 24,2 || Lipides : 3,7 || Protides :4 || Conserver à max +6°C. || 
3,60€ / Kg || ##
Crème dessert au chocolat et biscuits aux 3 chocolats || Les 4 pots de 117g || Origine : FRANCE || Craquez pour Danette Crousti choco ! De la savoureuse Danette avec ses drôles de biscuits croustillants aux 3 chocolats ! || Crème dessert : lait partiellement écrémé et lait écrémé en poudre (80.1%), sucre, chocolat 2% (sucre, pâte de cacao, poudre de cacao maigre, beurre de cacao, émulsifiant : lécithine de soja, arôme : vanilline), épaississants : E1442, E407, cacao maigre, lactose, amidon, crème. Biscuits soufflés : chocolat noir (pâte de cacao, sucre, beurre de cacao, émulsifiant : lécithine de soja, arôme : vanilline), chocolat blanc (sucre, beurre de cacao, lait entier en poudre, émulsifiant : lécithine de soja, arôme : vanilline) et chocolat au lait (sucre, beurre de cacao, lait entier en poudre, pâte de cacao, émulsifiant : lécithine de soja, arôme : vanilline) (60%), farine de blé (24.1%), sucre, malt, amidon de blé, poudre à lever : bicarbonate de sodium, huile de palme, sel, dextrose, agent d'enrobage : E904. Contient : lait, blé, soja. Peut contenir : noisette, amande, pistache, noix. || Valeur énergétique en Joules :  616 || Valeur énergétique en Kcal : 147,2 || Glucides : 24,2 || Lipides : 3,7 || Protides :4 || Conserver à max +6°C. || 
3,60€ / Kg || ##
Crème dessert au chocolat et biscuits aux 3 chocolats || Les 4 pots de 117g || Origine : FRANCE || Craquez pour Danette Crousti choco ! De la savoureuse Danette avec ses drôles de biscuits croustillants aux 3 chocolats ! || Crème dessert : lait partiellement écrémé et lait écrémé en poudre (80.1%), sucre, chocolat 2% (sucre, pâte de cacao, poudre de cacao maigre, beurre de cacao, émulsifiant : lécithine de soja, arôme : vanilline), épaississants : E1442, E407, cacao maigre, lactose, amidon, crème. Biscuits soufflés : chocolat noir (pâte de cacao, sucre, beurre de cacao, émulsifiant : lécithine de soja, arôme : vanilline), chocolat blanc (sucre, beurre de cacao, lait entier en poudre, émulsifiant : lécithine de soja, arôme : vanilline) et chocolat au lait (sucre, beurre de cacao, lait entier en poudre, pâte de cacao, émulsifiant : lécithine de soja, arôme : vanilline) (60%), farine de blé (24.1%), sucre, malt, amidon de blé, poudre à lever : bicarbonate de sodium, huile de palme, sel, dextrose, agent d'enrobage : E904. Contient : lait, blé, soja. Peut contenir : noisette, amande, pistache, noix. || Valeur énergétique en Joules :  616 || Valeur énergétique en Kcal : 147,2 || Glucides : 24,2 || Lipides : 3,7 || Protides :4 || Conserver à max +6°C. || 
4,81€ / Kg || 
2,25 € || 
Crème dessert au chocolat noir extra || Les 4 pots de 125g || Origine : FRANCE || Lait demi-écrémé et lait écrémé concentré ou en poudre (71,3%), sucre, cacao maigre, crème (3,4%), chocolat 2% (sucre, pâte de cacao, cacao maigre en poudre, émulsifiant : lécithine de soja, arôme : vanilline), épaississants : E1442, E407, amidon. || Valeur énergétique en Joules :  553 || Valeur énergétique en Kcal : 132,1 || Glucides : 20,5 || Lipides : 3,7 || Protides :4 || A conserver à +6°C max. || 
3,18€ / Kg || 
1,59 € || 
Crème dessert saveur expresso || Les 4 pots de 125g || Origine : FRANCE || Lait entier et lait écrémé concentré ou en poudre (83,1%), sucre, extrait de café (1,6%), épaississants : E1442, E407, amidon. || Valeur énergétique en Joules :  525Kj || Valeur énergétique en Kcal : 125Kcal || Glucides : 21,4g || Lipides : 2,8g || Protides :3,4g || A conserver à +6°C max. || 
3,28€ / Kg || 
1,64 € || 
Dessert lacté au chocolat || Les 6 pots de 70g || Origine : FRANCE || Lait demi-écrémé et lait écrémé en poudre (80,2%), sucre, crème, épaississants : E1442, E407, chocolat 1% (sucre, pâte de cacao, cacao maigre en poudre, émulsifiant : lécithine de soja, arôme : vanilline), cacao maigre, amidon. || Valeur énergétique en Joules :  485 || Valeur énergétique en Kcal : 115 || Glucides : 18,6g || Lipides : 3g || Protides :3,4g || A conserver à +6°C max. || 
4,40€ / Kg || 
1,85 € || 
Lait emprésuré aromatisé au chocolat || Les 4 pots de 125g, soit 500g || Origine : FRANCE || Emprésuré au chocolat Malo x4 || Lait partiellement écrémé pasteurisé (64,1%), concentré de lait écrémé, sucre (11%), cacao (2,4%), chocolat 1% : pâte de cacao et beurre de cacao, présure, chlorure de calcium. || 
4,30€ / Kg || 
2,15 € || 
Emprésuré au chocolat noir intense || Les 4 pots de 125g || Origine : FRANCE || Emprésuré au chocolat intense Malo x4 || Lait partiellement écrémé pasteurisé (53,6%), concentré de lait écrémé, sucre (9,2%), cacao (3,8%), chocolat 0,8% : pâte de cacao et beurre de cacao, présure, chlorure de calcium. || 
4,42€ / Kg || 
2,21 € || 
Crème chocolat banane || Les 2 pots de 150g || Origine : FRANCE || Température conseillée +6°C. || 
5,33€ / Kg || 
1,60 € || 
Crème dessert au café || Les 2 pots de 150g || Origine : FRANCE || A conserver à +6°C maxi. || 
4,37€ / Kg || 
1,31 € || 
Crème dessert au caramel et beurre salé || Les 2 pots de 150g || Origine : FRANCE || A conserver à +6°C maxi. || 
4,80€ / Kg || 
1,44 € || 
Crème dessert au chocolat || Les 2 pots de 150g || Origine : FRANCE || A conserver à +6°C maxi. || 
4,80€ / Kg || 
1,44 € || 
Crème dessert au chocolat noir || Les 2 pots de 150g || Origine : FRANCE || A conserver à 6°C. || 
5,00€ / Kg || 
1,50 € || 
Dessert lacté à la crème de marrons || Les 2 pots de 150g, soit 300g || Origine : FRANCE || 
6,13€ / Kg || 
1,84 € || 
Dessert lacté à la pistache || Les 2 pots de 150g || Origine : FRANCE || A conserver à +6°C maxi. || 
5,20€ / Kg || 
1,56 € || 
Yaourt au citron, lemon curd || Les 2 pots de 150g || Origine : FRANCE || 
5,07€ / Kg || 
1,52 € || 
Yaourts sucrés ananas passion || Les 2 pots de 150g || Origine : FRANCE || Yaourt brassé sucré, aux fruits. || A conserver à +6°C maxi. || 
5,07€ / Kg || 
1,52 € || 
Yaourt onctueux à la vanille de Madagascar 100% vrai || Le pot de 1Kg || Origine : FRANCE || Lait entier, de la créme, une pointe de sucre(7%), des gousses de vanille infusées(1%), des ferments lactiques. || Valeur énergétique en Joules :  476kj || Valeur énergétique en Kcal : 114kcal || Glucides : 10,9g || Lipides : 6,5g || Protides :2,9g || 
4,10€ / Kg || 
4,10 € || 
Yaourt onctueux aux noisettes 100%vrai || Le pot de 500g || Origine : FRANCE || Les ingrédients de votre vache en pot sont du bon lait entier, de la crème, de la pâte de noisette (8%) (sucre, noisettes torréfiées, huile de noisette), une pointe de sucre (6%), des gousses de vanille infusées, des ferments lactiques. Yaourt concocté en France. || Valeur énergétique en Joules :  433,7kj || Valeur énergétique en Kcal : 103,7kcal || Glucides : 9,7g || Lipides : 6,1g || Protides :2,7g || A conserver entre 0 et +6°C. Après ouverture, à conserver jusqu'à 5 jours. || 
6,16€ / Kg || 
3,08 € || 
Flans vanille nappés de caramel || Les 4 pots de 100g || Origine : FRANCE || Flanby + de 70% de lait. Pour démouler c'est plus rigolo ! || Lait à 1,1% de matière grasse (73%), Sucre (8,3%), caramel : 6% (sucre et glucose caramélisés, amidon modifié, épaississants : pectine , gomme xanthane, eau), eau, sirop de glucose-fructose , amidon de maïs, lait écrémé en poudre, gélifiant (carraghénanes), arôme, colorant (bêta-carotène). || Conservation à +6°C. || 
2,55€ / Kg || 
1,02 € || 
########
Cheesecake au citron || La boîte de 2, 160g || Origine : FRANCE || 
15,38€ / Kg || 
2,46 € || 
Clafoutis aux cerises, cuit et doré au four || Les 4 pots de 85g || Origine : FRANCE || Pour le plaisir des petits comme des grands, découvrez et savourez ce clafoutis Monoprix, cuit et doré au four, aux oeufs frais et au lait entier. || Lait entier 44,2%, spécialité de cerises 21,2% (cerises 70%, eau, sucre, amidon transformé de mais, arôme, épaississants : E460, E466, conservateur : sorbate de potassium, correcteur d'acidité : citrate trisodique, colorant : E120), oeufs frais 16,1%, sucre, farine de blé, amidon transformé de maïs, arôme, épaississant : gomme xanthane. || Valeur énergétique en Joules :  662kj || Valeur énergétique en Kcal : 157kcal || Glucides : 26g || Lipides : 3,5g || Protides :5g || A conserver entre 0°C et +6°C. || 
6,82€ / Kg || 
2,32 € || 
Coeur fondant au chocolat || Les 2 pots de 90g || Origine : FRANCE || Tous, les plaisirs du chocolat dans ce dessert aux multiples facettes : un gâteau moelleux exprimant toute la douceur du chocolat avec un coeur coulant aux saveurs de cacao corsé. || Oeuf, sucre, chocolat noir 18% (pâte de cacao, sucre, émulsifiant : lécithine de soja, arôme : vanilline), farine de blé, beurre, eau, poudre de cacao 2%. || Valeur énergétique en Joules :  1518Kj || Valeur énergétique en Kcal : 6345Kcal || Glucides : 45g || Lipides : 17g || Protides :7,3g || A conserver entre 0°C et +6°C. || 
15,17€ / Kg || 
2,73 € || 
Crème brûlée, à la vanille bourbon et aux éclats de caramel || Les 2 pots de 100g, soit 200g || Origine : FRANCE || Préparation pour crème brûlée. || Dégustation à froid : répartissez les éclats de caramel sur votre crème et dégustez. Dégustation à chaud : préchauffez le four 5 à 10 minutes en position grill à 270°C ou thermostat 9. Saupoudrez les éclats de caramel sur le dessus de votre dessert.Disposez les pots sous le grill le plus près possible de la source de chaleur. Laissez dorer 5 minutes jusqu'à ce que cela forme une couche de caramel. Avant de déguster votre dessert, laissez-le refroidir quelques minutes, de préférence au réfrigérateur, afin d'obtenir une fine couche craquante de caramel. || Préparation pour crème brûlée 96% : crème 68%, oeufs frais 12,5%, sucre, jaune d'oeufs frais 7,5%, arôme naturel de vanille Bourbon. Garniture 4% : éclats de caramel (caramel aromatique (sirop de glucose, sucre)). || Valeur énergétique en Joules :  1341kj || Valeur énergétique en Kcal : 323kcal || Glucides : 18g || Lipides : 26g || Protides :4,3g || A conserver entre 0°C et +4°C. || 
11,30€ / Kg || 
2,26 € || 
Croustillant au chocolat noir, noisettes et amandes || La boîte de 2, 160g || Origine : FRANCE || 
16,00€ / Kg || 
2,56 € || 
Iles flottantes aux oeufs frais, avec sachets de caramel || Les 4 pots de 95g || Origine : FRANCE || Lait partiellement écrémé (à 1,6% de matière grasse), blanc d'oeuf frais 17%, sucre, jaune d'oeuf frais 6,5%, amidon transformé de pomme de terre, arôme vanille, épaississant: gomme xanthane. Garniture caramel: sirop de glucose-fructose, eau. || A conserver entre 0°c et +6°C. || 
5,80€ / Kg || 
2,32 € || 
Panna Cotta et son coulis de framboise || Les 2 pots de 120g || Origine : FRANCE || Versez le contenu de la dosette de coulis de framboise sur votre Panna Cotta et dégustez bien frais. || Crème fraîche 31,7%, spécialité de framboises 20,8% (framboises 50%, eau, sucre, amidon de maïs, correcteur d'acidité : acide citrique, gélifiant : pectine de fruits, arômes, extrait de sureau, conservateur : sorbate de potassium, antioxygène : acideascorbique), eau, sirop de glucose, lait écrémé en poudre, sucre, huile de coco, alcool, épaississants : carraghénanes et alginate de sodium, émulsifiant : mono-et diglycérides d'acides gras, arôme. Teneur en alcool : 1,1%. || Valeur énergétique en Joules :  948kj || Valeur énergétique en Kcal : 227kcal || Glucides : 25g || Lipides : 13g || Protides :2,8g || A conserver entre 0°C et +4°C. || 
8,54€ / Kg || 
2,05 € || 
Profiteroles au chocolat || Les 2 pots de 90g || Origine : FRANCE || Choux fourrés nappés de sauce au chocolat. || Sauce chocolat 57,8% (eau, sirop de glucose, lait entier, crème fraîche, lait écrémé en poudre, chocolat en poudre 4,4% (sucre, cacao en poudre), jaune d'oeuf, huile de coco raffinée, sucre, cacao maigre, stabilisant : sirop de sorbitol, alcool, chocolat 0,7% (pâte de cacao, sucre, cacao maigre, beurre de cacao, émulsifiant : lécithine de soja, gousses de vanille), épaississants : carraghénanes, gomme xanthane, farine de graines de guar, émulsifiant : mono- et diglycérides d'acides gras, amidonde maïs). Fourrage des choux 35,5% (eau, sirop de glucose, lait entier, lait écrémé en poudre, jaune d'oeuf, sucre, huile de coco raffinée, stabilisant : sirop de sorbitol, alcool, caramel (sucre, eau), amidon de maïs, épaississants : carraghénanes,gomme xanthane, farine de graines de caroube, émulsifiant : mono- et diglycérides d'acides gras, arôme). Choux 6,7% (oeufs, farine de blé, huile de coco raffinée, sel, poudre à lever : carbonate acide d'ammonium). Tous les % sont exprimés sur le produit fini. Teneur en alcool : 1,2%. Traces de fruits à coque. || Valeur énergétique en Joules :  1096kj || Valeur énergétique en Kcal : 262kcal || Glucides : 30g || Lipides : 12g || Protides :6,3g || A conserver entre 0°C et +4°C. || 
9,22€ / Kg || 
1,66 € || 
########
Tiramisu à la framboise || Les 2 pots de 100g || Origine : ITALIE || Spécialité de framboises 30% (framboises 50%, eau, sucre, amidon de maïs, correcteur d'acidité : acide citrique, gélifiant : pectine de fruits, arômes, extrait de sureau, conservateur : sorbate de potassium, antioxygène : acide ascorbique), eau, sirop de glucose, génoise 12% (oeufs frais, farine de blé, sucre, fécule de pommes de terre, sucre glace (sucre, amidon de blé), émulsifiant : mono- et diglycérides d'acides gras, poudres à lever : diphosphate disodique et carbonate acide de sodium, arômes), mascarpone 9.3% (crème fraîche, lait entier, correcteur d'acidité : acide lactique), lait écrémé en poudre, sucre, jaune d'oeuf, alcool éthylique, vin marsala 0.7%, cacao en poudre 0.5%, caramel (sucre, eau), gélatine de porc, émulsifiant : mono- et diglycérides d'acides gras, amidon de maïs, arômes, épaississant : gomme xanthane, correcteur d'acidité : acide citrique. Teneur en alcool : 0.9%. || Valeur énergétique en Joules :  843Kj || Valeur énergétique en Kcal : 200Kcal || Glucides : 33g || Lipides : 5,6g || Protides :3,5g || A conserver entre 0°C et +4°C. || 
10,75€ / Kg || 
2,15 € || 
########
########
########
Assortiment de petits macarons au chocolat || La boîte de 12 macarons, 144g || Origine : FRANCE || 
56,53€ / Pce || 
8,14 € || 
Baba au rhum à la crème vanillée || Les 2 pots de 140g, soit 280g || Origine : FRANCE || Eau, sucre, farine de blé, crème fraîche (9%), rhum à 54° (6,6%), oeufs frais, miel, sucre inverti, poudre à lever (pyrophosphate de sodium, carbonate acide de sodium), sel, gélifiant : pectine de fruits, extrait naturel de vanille. || A conserver à +6°C maxi. || 
7,14€ / Kg || 
2,00 € || 
Coeur fondant au chocolat || La boite de 2 pièces, 160g || Origine : FRANCE || Gâteau au chocolat au coeur fondant au chocolat. || Pour une préparation rapide, sortez le Coeur Fondant de son sachet transparent, et réchauffez-le dans votre micro-ondes 15 secondes à 900 Watts (pleine puissance). Pour réchauffer plusieurs desserts, multipliez alors ce temps par le nombre de produits à déguster. Pour une préparation optimale, nous vous suggérons de réchauffer le coeur fondant dans votre four traditionnel pendant 10 minutes à 180°C (th 6). || A conserver à +6°C maxi jusqu'à la date indiquée sur la boîte. || 
16,00€ / Kg || 
2,56 € || 
########
Recette dessert au fraisier || Les 2 pots de 100g || Origine : FRANCE || Bonne Maman vous propose son fraisier préparé uniquement à partir d'ingrédients traditionnels de qualité. || A conserver à +6°C maxi. || 
10,30€ / Kg || 
2,06 € || 
Recette dessert au moka || Les 2 pots de 100g || Origine : FRANCE || Bonne Maman vous propose son moka préparé à partir d'ingrédients traditionnels de qualité. || Lait entier frais, crème fraîche, sucre, eau, oeufs frais, farine de blé, beurre, fécule de maïs,  extraits et  arôme naturel de café (1,5%), épaississants : pectine de fruits, fécule de pomme de terre, poudre à lever (pyrophosphate acide de sodium,carbonate acide de sodium). || A conserver à +6°C maxi. || 
10,65€ / Kg || 
2,13 € || 
Tarte au citron meringuée || les 2 portions de 90g, soit 180g || Origine : FRANCE || Bonne Maman vous propose sa tarte au citron meringuée, plus fruitée, préparée uniquement à partir d'ingrédients traditionnels de qualité. || OEufs frais, sucre, eau, jus de citron 10%, lait entier frais, farine de blé, sirop de sucre inverti, crème fraîche, beurre, épaississants (fécule de maïs, pectine de fruits), arôme naturel de citron, sel. || A conserver à +6°C maxi. || 
11,67€ / Kg || 
2,10 € || 
Cheesecakes, zestés au citron || Le paquet de 2, 180g || Origine : ROYAUME UNI || Préparées avec des citrons juteux directement venus d'Espagne, ces petites beautés zestées font du bien aux zygomatiques. Un véritable délice citronné très Früit-Früit, posé au-dessus de son biscuit croquant et délicatement lové dans un ramequin en verre. || Servir frais. Convient aux végétariens. Manipuler les ramequins avec précaution. || A conserver entre 0°C et 6°C. Ce produit a pu être congelé, ne pas recongeler. || 
22,28€ / Kg || 
4,01 € || 
Cheesecakes au spéculoos || La boite de 2 pièces, 160g || Origine : FRANCE || Avec une base de biscuits spéculoos et un cheesecake ultra-crémeux à la vanille de Madagascar. || Convient au végétarien. Servir frais. Manipuler les ramequins avec précaution. || Garder au réfrigérateur entre 0°C et 6°C. Ce produit a pu être congelé, ne pas recongeler. || 
25,06€ / Kg || 
4,01 € || 
Coeur fondant au chocolat || La boîte de 200g || Origine : ROYAUME UNI || Gü Coeur Fondant au Chocolat  (2 x 100g) || 
20,55€ / Kg || 
4,11 € || 
Moelleux au chocolat || Les 2 pots de 65g || Origine : ROYAUME UNI || Gü, expérience chocolat extrême. Plongez votre cuillère au coeur de son chocolat fondant et laissez fondre sur vous l'irrésistible envie de recommencer. Cuits au four traditionnel, servez chaud... vous allez être soufflé ! || Otez l'emballage et l'opercule. Cuire au four pour un résultat optimal. Au four : ôtez le moelleux du réfrigérateur et laissez reposer à température ambiante pendant 1 heure avant la cuisson. Placez les ramequins sur la grille du four préchauffé à 140°C (th 4/5). Faire cuire pendant 10 à 15 minutes. Le moelleux est prêt quand il commence à monter et qu'une croûte se forme sur le dessus. Au micro-ondes : uniquement si vous êtes pressés car la cuisson donne un résultat très différent ! Assurez-vous que l'opercule est bien enlevé. Cuisez un moelleux à la fois, 35 secondes à 650W ou 25 secondes à 800W. Ces indications sont données à titre indicatif, elles peuvent varier selon les appareils de cuisson. Servir bien chaud. Convient aux végétariens. Attention : les ramequins peuvent être très chauds après cuisson. Manipuler les ramequins avec précaution. || Garder au réfrigérateur entre 0°C et 6°C. Ce produit a pu être congelé, ne pas recongeler. || 
31,62€ / Kg || 
4,11 € || 
Cheesecakes aux fruits rouges || Les 2 pots de 100g, soit 200g || Origine : FRANCE || Une pâtisserie à base de fromage blanc sur un délicieux biscuit, rehaussée d'un nappage de fruits rouges aux notes de groseilles, framboises, fraises et cerises. || A conserver à +6°C maxi. || 
11,30€ / Kg || 
2,26 € || 
Cheese cake caramel au beurre salé || Le pot de 120g || Origine : FRANCE || A conserver à +6°C maxi. || 
18,83€ / Kg || 
2,26 € || 
Clafoutis cerise griottes || Le pot de 130g || Origine : FRANCE || A consommer de préférence à température ambiante. || A conserver à +6°C maxi. || 
15,46€ / Kg || 
2,01 € || 
Crumble pommes caramelisees façon Tatin || Le pot de 130g || Origine : FRANCE || Retirez l'emballage et l'opercule, placez la verrine quelques minutes dans votre four préalablement chauffé, laissez tiédir puis dégustez ! || A conserver à +6°C maxi. || 
15,46€ / Kg || 
2,01 € || 
Moelleux à la pistache coeur chocolat || Le pot de 100g || Origine : FRANCE || Lait entier Breton, OEufs, sucre, poudre d'amandes blanches, beurre salÍ, farine de blÍ, pate de pistache pure, chocolat, crÈme fraÓche, extrait naturel de pistache, || 
20,40€ / Kg || 
2,04 € || 
L'incroyable riz au lait à la vanille de Madagascar || Le pot de 400g || Origine : FRANCE || Lait entier 59%, crÈme, riz de Camargues 11%, sucre de canne, sucre vanillÍ (sucre de canne, gousse de vanille de Madagascar 0,3%). || Valeur énergétique en Joules :  765 || Valeur énergétique en Kcal : 183 || Glucides : 22 || Lipides : 9.1 || Protides :3.2 || 
12,08€ / Kg || 
4,83 € || 
Amandine aux poires || Les 4 pots de 85g || Origine : FRANCE || Valeur énergétique en Joules :  977kj || Valeur énergétique en Kcal : 232kcal || Glucides : 34,8g || Lipides : 7,8g || Protides :4,9g || 
9,97€ / Kg || 
3,39 € || 
Petits clafoutis aux cerises || Les 4 pots de 85g || Origine : FRANCE || Des cerises savoureuses mélangées à des ingrédients de qualité (lait entier, oeufs frais, de la crème), le tout délicatement doré au four pour vous offrir une texture moelleuse et fondante unique. || Ces pots étant en aluminium, ne pas réchauffer au micro-ondes. || Lait entier (25%), cerises (18,8%) (cerises, purée de cerises reconstituée), oeufs (15,8%), crème (13%), sucre, amidon modifié de maïs, farine de blé, blanc d'oeufs, poudre de lait écrémé, arômes. || Valeur énergétique en Joules :  824kj || Valeur énergétique en Kcal : 197kcal || Glucides : 22,6g || Lipides : 9,6g || Protides :4,9g || A conserver à +6°C maximum. || 
9,97€ / Kg || 
3,39 € || 
Profiteroles au chocolat || Les 4 pots de 90g, soit 360g || Origine : FRANCE || Recette gourmande de profiteroles : des petits choux délicatement cuits au four et fourrées d'une onctueuse crème saveur vanille, puis nappés d'une généreuse sauce au chocolat ! || Sauce au chocolat (56%) : lait écrémé (33,7%), chocolat en poudre (7,3%) (sucre, poudre de cacao), sucre, eau, crème (2,5%), poudre de lait écrémé, lactose, chocolat noir (sucre, pâte de cacao, beurre de cacao, émulsifiant (lécithine de soja), arôme), amidon modifié de maïs, épaississants (carraghénanes, gomme xanthane), arôme, correcteur d'acidité (E524). Crème dessert saveur vanille (33,3%) : lait écrémé (19,3%), sucre, eau, crème (2,1%), alcool (1,3%), poudre de lait écrémé, lactose, amidon modifié de maïs, arôme vanille, épaississants (carraghénanes, gomme xanthane), colorant (bêta-carotène), correcteur d'acidité (E524). Choux frais (10,7%) : eau, oeufs, farine de blé, blanc d'oeufs, sel, huile végétale. Traces éventuelles de fruits à coque. || Valeur énergétique en Joules :  925kj || Valeur énergétique en Kcal : 220kcal || Glucides : 28,8g || Lipides : 9,1g || Protides :5,8g || 
10,17€ / Kg || 
3,66 € || 
Carré fondant au chocolat et crème anglaise || Les 2 pots de 110g, soit 220g || Origine : FRANCE || Fondant (54,5%) : lait ÍcrÍmÍ, crÈme, sucre, chocolat noir (7%) (pÇte de cacao, sucre), jaune d'oeufs frais, beurre, cacao (5%), oeufs frais, fibres d'agrumes.                                                                                  CrÈme anglaise (45,5%) : lait entier, sucre, jaune d'oeufs frais (7,2%), Ípaississants (amidons), blanc d'oeufs frais (1%), ar«me naturel de vanille Bourbon (0,7%), graines de vanille ÍpuisÍes. || Valeur énergétique en Joules :  881kj || Valeur énergétique en Kcal : 211kcal || Glucides : 19g || Lipides : 13g || Protides :4,5g || 
11,00€ / Kg || 
2,42 € || 
Cr}me brûl{e @ la vaniile Bourbon || Le Pack de 2 pots 200h || Origine : FRANCE || Encore plus gourmande avec son sachet d'éclats de caramel. Crème brûlée authentique à la vanille Bourbon, préparée par Rians avec des ingrédients simples, gourmands et 100% naturels.Laissez-vous surprendre par le caramel craquant associé à notre crème onctueuse à la vanille Bourbon. || Facile et rapide à préparer ! Délicieuse à chaude comme à froid ! A froid : saupoudrez vos crèmes d'éclats de caramel et régalez- vous ! A chaud : préchauffez votre four position gril porte entrouverte. Saupoudrez vos crèmes d'éclats de caramel. Placez vos desserts au plus près de la résistance et laissez dorer pendant 1 minute 30. Avant de déguster, laisser refroidir 2 minutes pour obtenir une fine couche craquante de caramel prête à être cassée à la cuillère. || Crème 96% : crème (67%), oeufs frais (12,5%), sucre, lait écrémé, jaunes d'oeufs frais, arôme naturel de vanille Bourbon (0,7%), graines de vanille épuisées. Garniture 4% : éclats de caramel (caramel aromatique (sirop de glucose, sucre), sucre). || Valeur énergétique en Joules :  1330Kj || Valeur énergétique en Kcal : 318,2Kc || Glucides : 14g || Lipides : 27g || Protides :4.5g || A conserver entre +0°C et + 6°C. || 
11,30€ / Kg || 
2,26 € || 
Panna Cotta avec coulis au cinq fruits rouges || Les 2 pots de 120g, soit 240g || Origine : FRANCE || La Panna Cotta avec son coulis aux 5 fruits rouges Rians : un dessert gourmand & raffiné. Retrouvez tout le bon goût des Fruits rouges avec ce coulis préparé par nos soins, associé à notre Panna Cotta ferme et fondante. || Séparez le couvercle du pot. Enlevez l'opercule du couvercle et nappez la Panna Cotta avec le coulis. || Panna Cotta 100 g : crème (57%), lait écrémé, sucre, gélifiant : gélatine, arôme naturel de vanille. Coulis 5 fruits rouges 20 g : purée de fruits rouges 83% (fraise, framboise, groseille, mûre, griotte), sucre. || Valeur énergétique en Joules :  872kj || Valeur énergétique en Kcal : 210kcal || Glucides : 11,8g || Lipides : 16,8g || Protides :2,9g || A conserver entre 0°C et +6°C. || 
10,96€ / Kg || 
2,63 € || 
Panna Cotta avec sa confiture de lait || Les 2 pots de 120g, soit 240g || Origine : FRANCE || La Panna Cotta avec sa confiture de lait Rians : un dessert gourmand & raffiné. Retrouvez tout le bon goût du caramel au lait préparé par nos soins, associé à notre Panna Cotta ferme & fondante. || Séparez le couvercle du pot. Enlevez l'opercule du couvercle et nappez la Panna Cotta avec le coulis. || Panna Cotta 100 g : crème (57%), lait écrémé, sucre, gélifiant : gélatine, arôme naturel de vanille. Coulis de confiture de lait 20 g : lait entier pasteurisé, sucre, sirop de glucose. || Valeur énergétique en Joules :  1053kj || Valeur énergétique en Kcal : 253kcal || Glucides : 19,2g || Lipides : 17,9g || Protides :3,8g || A conserver entre 0°C et +6°C. || 
10,96€ / Kg || 
2,63 € || 
Fondant au marron || Le 2 portions de 90g || Origine : FRANCE || 
12,28€ / Kg || 
2,21 € || 
L'Île flottante aux oeufs frais battus en neige || Les 4 pots de 100g, 400g || Origine : FRANCE || Une vanille d'excellente qualité (vanille naturelle de Madagascar) et des blancs d'oeufs frais, montés en neige dans nos ateliers pour une consistance aérienne à souhait. || A conserver à +6°C maxi. || 
7,45€ / Kg || 
2,98 € || 
Gâteau de riz au lait et au caramel || Les 4 pots de 100g, soit 400g || Origine : FRANCE || Découvrez toute l'authenticité de la recette du gâteau de riz au caramel Monoprix, au lait entier, aux oeufs extra frais et doré au four. Pour le plus grand plaisir des petits comme des grands, une recette onctueuse au bon goût de caramel. || Lait entier, sucre 10%, riz rond10%, oeufs extra frais 6.8%, caramel 6% (sucre, sirop de glucose-fructose de blé, eau, amidon transformé de pomme de terre, épaississants : pectine et gomme de xanthane), crème, arôme, amidon de riz, sel. || Valeur énergétique en Joules :  638Kj || Valeur énergétique en Kcal : 151kcal || Glucides : 26g || Lipides : 3,5g || Protides :3,9g || A conserver entre 0°C et +6°C. || 
4,20€ / Kg || 
1,68 € || 
Gâteau de semoule aux raisins à l'Armagnac || Les 4 pots de 100g, soit 400g || Origine : FRANCE || Gâteau de semoule aux raisins, à l'Armagnac, nappé de caramel, aux oeufs frais, doré au four. || Lait entier 65,6%, sucre, oeufs extra-frais 7,4%, caramel 6% (sucre, sirop de glucose-fructose, eau), semoule de blé dur 5,5%, raisins à l'Armagnac 2,8% (raisins de Corinthe, armagnac, gélifiant : gomme xanthane, huile de colza), arôme vanille, amidon de blé, amidon transformé de pomme de terre, épaississants : gomme xanthane et pectine de fruits. Teneur en alcool : 0,3%. Elaboré en France. || Valeur énergétique en Joules :  595kj || Valeur énergétique en Kcal : 141kcal || Glucides : 25g || Lipides : 2,9g || Protides :3,9g || A conserver entre 0°C et +6°C. || 
4,50€ / Kg || 
1,80 € || 
Riz au lait, produit issu de l'agriculture biologique || Les 4 pots de 100g || Origine : FRANCE || Lait entier*76,7%-riz rond* 10,3%-sucre de canne*8,3%-amidon de riz-sel        *issu de l'agriculture biologique || Valeur énergétique en Joules :  495kj || Valeur énergétique en Kcal : 117kcal || Glucides : 21g || Lipides : 2,2g || Protides :3,2g || 
4,50€ / Kg || 
1,80 € || 
Riz au lait, produit issu de l'agriculture biologique || Les 4 pots de 100g || Origine : FRANCE || Lait entier*76,7%-riz rond* 10,3%-sucre de canne*8,3%-amidon de riz-sel        *issu de l'agriculture biologique || Valeur énergétique en Joules :  495kj || Valeur énergétique en Kcal : 117kcal || Glucides : 21g || Lipides : 2,2g || Protides :3,2g || 
4,50€ / Kg || 
1,80 € || 
########
Riz au lait façon grand-mère || Les 2 pots de 140g || Origine : FRANCE || Héritage de nos grands-mères , le riz au lait Monoprix Gourmet a été fabriqué dans le plus grand respect de leur recette. D'un réel savoir-faire conjugué à une lente cuisson résulte ce riz au lait à la saveur sans pareille et à la texture crémeuse. || Lait 82% , riz 8,6% , sucre , protéines de lait . || Valeur énergétique en Joules :  541Kj || Valeur énergétique en Kcal : 128Kcal || Glucides : 20g || Lipides : 3,5g || Protides :4,2g || A conserver entre 0°C et +6°C || 
6,79€ / Kg || 
1,90 € || 
Semoule au lait et à la vanille || Les 4 pots de 95g || Origine : FRANCE || Découvrez l'onctuosité de la semoule au lait entier saveur vanille MONOPRIX, pour le plaisir des petits, comme des grands ! || Lait entier 78% , sucre 10,2% ,semoule de blé dur 5,5% ,crème , amidon de riz, arôme,colorants : curcumine, rocou. || Valeur énergétique en Joules :  540Kj || Valeur énergétique en Kcal : 128Kcal || Glucides : 19g || Lipides : 4,3g || Protides :3,4g || A conserver entre 0°C et +6°C || 
3,89€ / Kg || 
1,48 € || 
Semoule au lait façon grand-mère || Les 2 pots de 140g || Origine : FRANCE || Héritage de nos grands-mères , la semoule  au lait Monoprix Gourmet a été fabriqué dans le plus grand respect de leur recette. D'un réel savoir-faire conjugué à une lente cuisson résulte ce riz au lait à la saveur sans pareille et à la texture crémeuse. || Lait 84,8% , sucre , semoule de blé dur 5,8% , protéines de lait . || Valeur énergétique en Joules :  494Kj || Valeur énergétique en Kcal : 117Kcal || Glucides : 17g || Lipides : 3,6g || Protides :4,2g || A conserver entre 0°C et +6°C. || 
6,79€ / Kg || 
1,90 € || 
Semoule au lait et à la vanille naturelle || Les 4 pots de 100g || Origine : FRANCE || Bonne Maman vous propose sa semoule au lait à la vanille naturelle préparée uniquement à partir d'ingrédients traditionnels de qualité.Bonne Maman vous propose sa Semoule au Lait préparée à partir d'ingrédients traditionnels de qualité. Dégustez cette délicieuse Semoule au Lait et retrouvez ce que vous avez toujours aimé. || Lait entier frais (66%), crème fraîche, oeufs frais, sucre inverti, semoule de blé (5%), sucre, extrait naturel de vanille. || A conserver à +6°C maxi. || 
4,98€ / Kg || 
1,99 € || 
########
Riz au lait, au riz de Camargue || Les 2 pots de 160g, soit 320g || Origine : FRANCE || Lait entier (66%), crème, riz de Camargue (11%), sucre. Fabriqué dans un atelier utilisant des fruits à coques et du gluten. || A conserver à +6°C. || 
8,25€ / Kg || 
2,64 € || 
L'incroyable riz au lait à la vanille de Madagascar || Le pot de 400g || Origine : FRANCE || Lait entier 59%, crÈme, riz de Camargues 11%, sucre de canne, sucre vanillÍ (sucre de canne, gousse de vanille de Madagascar 0,3%). || Valeur énergétique en Joules :  765 || Valeur énergétique en Kcal : 183 || Glucides : 22 || Lipides : 9.1 || Protides :3.2 || 
12,08€ / Kg || 
4,83 € || 
########
########
Gâteau de semoule aux raisins sur lit de caramel || Les 4 pots de 100g || Origine : FRANCE || Ce délicieux gâteau de semoule de La Laitière a été préparé avec des ingrédients de qualité (du lait, des oeufs extra frais, de la semoule sélectionnée et du caramel) puis doré au four pour vous offrir un plaisir gourmand unique. || Lait demi-écrémé (65%), sucre, caramel : 6% (sucre, sirop de glucose-fructose caramélisé, eau), raisins macérées dans l'Armagnac 5%, semoule de blé dur (5%), oeufs extra-frais (4,5%), arôme vanille, colorant : béta-carotène, épaississants : amidon modifié, pectine, gomme xanthane. || Conserver à max. +6°C. || 
7,20€ / Kg || 
2,88 € || 
########
########
Riz au lait et à la vanille || Les 4 pots de 115g || Origine : FRANCE || Lait entier (61 %), sirop de glucose, eau , riz (10%), crème (3%), sucre, amidon de riz, stabilisants (carraghénanes, gomme xanthane, farine de graines de caroube), sel, émulsifiant (E471), arôme vanille, colorant (rocou). || Valeur énergétique en Joules :  554 || Valeur énergétique en Kcal : 131 || Glucides : 22,2g || Lipides : 3,5g || Protides :2,7g || Conservation entre 0 et +6°C || 
3,85€ / Kg || 
1,77 € || 
Semoule au lait et à la vanille || Les 4 pots de 115g || Origine : FRANCE || Lait entier (64%), eau, sucre, semoule de blé dur (6.5%), sirop de glucose, crème (3%), amidon, émulsifiant (E471), stabilisants (Carraghénanes, Gomme xanthane, farine de graines de caroube), sel, arôme vanille, colorant (Rocou). || Valeur énergétique en Joules :  118kj || Valeur énergétique en Kcal : 498kcal || Glucides : 18g || Lipides : 3,7g || Protides :3,1g || Conservation entre 0 et +6°C || 
4,07€ / Kg || 
1,87 € || 
########
Fleur de mousse au chocolat sur ganache || Les 2 pots de 140g || Origine : FRANCE || Deux texture , une seule et même saveur : le chocolat. La légèreté et la subtilité de la mousse au chocolat se marient harmonieusement avec la ganache au chocolat intense. || Crème 74% , chocolat noir 19,7% (pâte de cacao , sucre , émulsifiant : lécithine de soja , arôme : vanilline) , oeufs , sucre , poudre de cacao 1,2% , sirop de glucose de blé , blancs d'oeufs en poudre . Mousse 75%. Ganache 25%. || Valeur énergétique en Joules :  1601Kj || Valeur énergétique en Kcal : 386Kcal || Glucides : 20 || Lipides : 32 || Protides :4,5 || A conserver au frais entre 0°C et +6°C. || 
12,16€ / L || 
3,04 € || 
Gourmandises viennoises au café || Les 4 pots de 100g || Origine : FRANCE || Pour le plaisir des petits comme des grands, découvrez les gourmandises viennoises saveur café MONOPRIX, une alliance réussie entre l'onctueuse crème fouettée et le dessert lacté saveur café. || Lait partiellement écrémé , crème légère à 26 % de MC , sucre , amidon transformé de pomme de terre , arôme naturel de café (colorant : El50b , conservateur E211 ),gélifiant : carraghénanes , protéines de lait ,arôme vanille , émulsitiant : esters lactiques des mono et diglycérides d'acide gras  ,épaississant: gommexanthane. || Valeur énergétique en Joules :  511Kj || Valeur énergétique en Kcal : 122Kcal || Glucides : 17g || Lipides : 4,9g || Protides :2,4g || A conserver entre 0°C et +6°C || 
2,88€ / Kg || 
1,15 € || 
########
########
########
Mousse au chocolat, aux oeufs frais || Les 4 pots de 10cl || Origine : FRANCE || Bonne Maman vous propose sa mousse au chocolat préparée uniquement à partir d'ingrédients traditionnels de qualité. || OEufs frais (46%), chocolat 25% (pâte de cacao, sucre, cacao maigre en poudre, émulsifiant : lécithine de soja), crème fraîche, sucre. || A conserver à +6°C maxi. || 
10,37€ / Kg || 
1,95 € || 
########
Le liégeois au café || Les 4 pots de 100g || Origine : FRANCE || Dessert lacté au café. || Valeur énergétique en Joules :  617kj || Valeur énergétique en Kcal : 147kcal || Glucides : 18,1g || Lipides : 7g || Protides :2,9g || A conserver à +6°C maximum. || 
4,10€ / Kg || 
1,64 € || 
########
Li{geois chocolat vanille || Les 4 pots de 100g || Origine : FRANCE || lait entier (76,4%) sucre crÈme (lait) permÍat de petit lait (lactosÍrum) en poudre Ípaississants: amidon transformÍ (E1442), carraghÍnanes (E407) cacao maigre (0,7%) gÍlatine (non porcine) amidon ar«me  Ímulsifiant: esters lactiques des mono- et diglycÍrides d'acides gras (E 472b)  colorant: b²ta caortÈne (E160a) sel || Glucides : 16,6G || Lipides : 5,6G || Protides :3,2G || 
4,58€ / Kg || 
1,83 € || 
########
Mousse liégeoise au chocolat || Les 4 pots de 80g || Origine : ALLEMAGNE || Danette mousse liégeoise c'est l'alliance d'un dessert entre crème et mousse et d'une fine mousse à la crème fouettée pour une sensation unique de légèreté en bouche. En plus, grâce à sa coupe large, profitez du plaisir de la mousse à la crème fouettée jusqu'à la dernière cuillère. || Lait entier (53.4%), crème (19.4%), lactose, sucre, sirop de glucose-fructose, chocolat 4.8% (sucre, pâte de cacao, poudre de cacao maigre, beurre de cacao, émulsifiant : lécithine de soja, arôme : vanilline), cacao maigre, émulsifiant : E472b, épaississants : E1442, E407, E415, gélatine, arôme, sel. || Valeur énergétique en Joules :  807Kj || Valeur énergétique en Kcal : 3373Kcal || Glucides : 23,5g || Lipides : 9,6g || Protides :3,1g || Conserver à +6°C max. || 
5,44€ / Kg || 
1,74 € || 
Mousse liégeoise au chocolat || Les 8 pots de 80g || Origine : FRANCE || 
4,30€ / Kg || 
2,75 € || 
Coeur fondant au caramel || Les 2 pots 95g || Origine : ROYAUME UNI || Gu Coeur Fondant au Caramel Salé (2x95gr) || 
21,63€ / Kg || 
4,11 € || 
########
########
########
########
Crème de marrons || Les 4 pots de 11,5cl || Origine : FRANCE || MaronSui's est une mousse unique, au à la bonne crème de marrons Clément Faugier, délicatement fouettée pour une douce sensation de fondant et de légèreté. || Crème de marrons (54%) (châtaignes, sucre, sirop de glucose, brisures de marrons glacés, arôme vanille), crème (24%), eau, émulsifiant : E471, gélatine, lait écrémé en poudre, stabilisant : E410. || Valeur énergétique en Joules :  1045 || Valeur énergétique en Kcal : 249,7 || Glucides : 34,6 || Lipides : 11,2 || Protides :1,9 || Conservation à + 6°c maximum. || 
3,80€ / L || 
1,75 € || 
Feuilleté de mousse au chocolat || Les 4 pots de 12cl || Origine : FRANCE || Découvrez Le Feuilleté de La Laitière, de fines feuilles de chocolat noir croquant mariées à une délicieuse mousse au chocolat || Mousse lactée au chocolat (90,4%) : lait entier (66%), sucre (11,5%), chocolat au lait liquide (8%) (sucre, poudre de lait, beurre de cacao, cacao, lactosérum en poudre, émulsifiant : lécithine de soja, arôme), crème (5,7%), poudre de cacao (3%), chocolat en poudre (3%), lait écrémé en poudre, gélatine, émulsifiant (E472b), correcteur d'acidité (E524), épaississants (E401, E407). Feuilles de chocolat noir avec édulcorants (9,6%) : beurre de cacao, pâte de cacao, sucre, matière grasse laitière anhydre, arôme, (Traces éventuelles de fruits à coque). || Valeur énergétique en Joules :  456kj || Valeur énergétique en Kcal : 109kcal || Glucides : 9,1g || Lipides : 7,0g || Protides :2,4g || A conserver à +6°C max. || 
8,21€ / Kg || 
2,15 € || 
Maronsui's, mousse fondante à la crème de marrons || Le paquet de 8 pots de 11,5cl soit 92cl || Origine : FRANCE || Un plaisir authentique. Maronsui's est une mousse unique, à la bonne crème de marrons Clément Faugier, délicatement fouettée pour une douce sensation de fondant et de légèreté. || Crème de marrons (54%), (châtaigne, sucre, sirop de glucose, brisures de marrons glacés, arôme  vanille), crème (24%), eau, émulsifiant : E471, gélatine, lait écrémé en poudre, stabilisant : E410. || Valeur énergétique en Joules :  1084kj || Valeur énergétique en Kcal : 258kcal || Glucides : 37,4g || Lipides : 11,3g || Protides :1,8g || Conserver à + 6° C max. || 
3,80€ / L || 
3,50 € || 
########
########
########
########
########
########
########
########
########
########
########
########
Crème dessert à la vanille || Les 4 pots de 120g || Origine : FRANCE || lait ÍcrÍmÍ (pour info 73,4%) lait ÍcrÍmÍ concentrÍ sucre (5,3%) cacao maigre Ípaississants: amidon transformÍ (E1442),carraghÍnanes (E407) chocolat (2%) (sucre, pÇte de cacao, cacao maigre en poudre, emulsifiant: lÍcithine de soja, ar«me) permÍat depetit lait (lactosÍrum) en poudre amidon Ídulcorants: acÍsulfame-k (E955), sucralose (E950) || Glucides : 15 G || Lipides : 0,9G || Protides :3,8G || 
4,33€ / Kg || 
2,08 € || 
########
########
Fondant au café || Les 4 pots de 125g || Origine : FRANCE || lait ÍcrÍmÍ (pour info, 83,7 %) sucre (5%) lait ÍcrÍmÍ en poudre  crÈme(lait)   inuline amidon  extrait liquide de cafÍ (origine BrÍsil) (1%) Ípaississants : E 1442 (amidon transformÍ), E 407 (carraghÍnanes) ar«mesucre cuit Ídulcorants : E 950 (acÍsulfame K), E 955 (sucralose) vitamine D || Glucides : 12,8 g || Lipides : 0,9 g || Protides :4,1 g || 
3,46€ / Kg || 
1,73 € || 
########
Fromage blanc, saveur coco || Les 4 pots de 120g || Origine : FRANCE || 
4,83€ / Kg || 
2,32 € || 
########
########
########
Yaourts à la cerise, 0% de mat. Gr., avec édulcorants || Les 4 pots de 125g || Origine : FRANCE || Toute l'onctuosité d'Activia et la gourmandise de ses beaux fruits avec 0% de matières grasses et de sucres ajoutés.Avec Taillefine, conciliez enfin plaisir et légèreté ! || Lait écrémé (72,6%), lait écrémé concentré ou en poudre, cerise (10%), épaississants : E1422, E440, colorant : E163, arômes, édulcorants : E951, E950, ferments lactiques, vitamine D. Contient une source de phénylalanine. 0% de sucres ajoutés. 0% de mat. gr. || Valeur énergétique en Joules :  206Kj || Valeur énergétique en Kcal : 861Kcal || Glucides : 7,3g || Lipides : 0,1g || Protides :4,6g || A conserver à +6°C max. || 
3,24€ / Kg || 
1,62 € || 
########
########
########
########
########
Yaourts au fromage blanc et à la vanille, 0% de mat. Gr. || Les 4 pots de 120g || Origine : FRANCE || Fromage blanc (66,6 %), lait écrémé, eau, fructose (2 %), agent de charge: E1200 (fibres), lait écrémé en poudre, épaississants: E1442, E440, E412, gélatine, protéines de lait, gousses de vanille épuisée, édulcorants: E950, E951, colorant : E100, vitamine D. Contient une source de phénilalanine. || Valeur énergétique en Joules :  226kj || Valeur énergétique en Kcal : 53kcal || Glucides : 6,4g || Lipides : 0,1g || Protides :6,7g || Conserver à +6°C maxi. || 
4,63€ / Kg || 
2,22 € || 
########
########
########
########
########
########
########
########
########
########
########
########
########
########
########
########
########
########
########
########
########
########
########
########
########
########
########
########
########
########
########
########
########
########
########
########
########
########
########
########
########
########
########
########
########
########
########
########
########
########
########
########
########
########
########
########
########
Yaourts aux fruits allégés || Les 16 pots de 125g || Origine : FRANCE || Fraises, cerises, cassis, abricots, ananas, pêches. Avec du bon lait, de beaux morceaux de fruits bien fermes, sa touche de crème qui rend son goût si unique C'est à Villecomtal-Sur-Arros, au coeur du Midi-Pyrénées, que nous produisons votre RecetteCrémeuse. || Lait entier (76,8%), sucre (9,5% en moyenne), fruits : ananas (6%), fraise, cerise, cassis, abricot, pêche (5,6%), lait écrémé concentré ou en poudre, crème (1,6%), épaississants : E1442, E1422, E407, E412, E440, sirop de glucose-fructose, dextrose,arômes, ferments lactiques, colorants : E120, E160c, E101. || A conserver à + 6°C maximum. || 
2,31€ / Kg || 
4,62 € || 
########
########
########
########
Danao pêche et abricot || La brique de 1L || Origine : FRANCE || Eau de source, jus de fruits Å base de concentrÍs 25,6% (p²che 12,8%, abricot 12,8%), lait ÍcrÍmÍ 16,5%, sucre, stabilisant : pectine de fruit, acidifiant : acide citrique, colorant : ÿ-carotÈne, ar«mes. Peut contenir du soja. || Valeur énergétique en Kcal : 52 || Glucides : 11 || Lipides : 0 || Protides :0.7 || 
1,62€ / L || ##
########
########
########
Kinder Pingui chocolat || les 4 pièces de 30g, soit 120g || Origine : ITALIE || Valeur énergétique en Joules :  1878 || Valeur énergétique en Kcal : 451 || Glucides : 41,5 || Lipides : 28,30 || Protides :5,7 || 
11,50€ / Kg || 
1,38 € || 
########
########
########
########
########
########
########
Caramel Macchiato, café latté frappé aromatisée au caramel || La cup de 220ml || Origine : DANEMARK || Votre cup de café latté frappé aromatisée au caramel, préparée avec le même espresso que dans nos salons de café. || 
8,91€ / Kg || 
2,05 € || 
Chocolate Mocha, café latté frappé aromatisée au chocolat || La cup de 220ml || Origine : DANEMARK || Votre cup de café latté frappé aromatisée au chocolat, préparée avec le même espresso que dans nos salons de café. || 
8,91€ / Kg || 
2,05 € || 
########
########
########
########
Yaourt à boire à la coco, sucré || La bouteille de 850g || Origine : FRANCE || Source de calcium. || Agiter avant ouverture. || Lait écrémé à base de poudre de lait, sucre 6%, sirop de glucose-fructose 5,3%, crème, poudre de lait écrémé, arômes, concentré des minéraux du lait, ferments lactiques. Sans colorants. || Conservation à +6°C maxi. || 
2,35€ / Kg || 
2,00 € || 
########
########
########
########
########
########
########
Yaourts à boire à la fraise, vanille et framboise || Les 6 bouteilles de 180g || Origine : FRANCE || 3 parfums : 2 fraise, 2 vanille, 2 framboise.Un cocktail de bienfaits pour le goûter : protéines du lait, peu de matières grasses, sans conservateur, calcium. || Agiter avant d'ouvrir et boire très frais. || Lait écrémé à base de poudre de lait, sucre : 6%, sirop de glucose-fructose : 5,3%, crème, poudre de lait écrémé, arômes, concentré de minéraux du lait, ferments lactiques. Sans colorants. Sans conservateur. || Valeur énergétique en Joules :  334 || Valeur énergétique en Kcal : 79,8 || Glucides : 13,6 || Lipides : 1,3 || Protides :2,8 || Se conserve jusqu'à 8h hors du frigo. Conservation à +6°C. || 
2,85€ / Kg || 
3,08 € || 
########
########
########
Vanille, yaourt aromatisé à la vanille, certifié agriculture biologique || Les 4 pots de 125g, soit 500g || Origine : FRANCE || Lait entier* 89%, sucre de canne* 9,8%, arôme naturel de vanille, poudre de lait écrémé*, ferments lactiques. *ingrédients issus de l'agriculture biologique. || Valeur énergétique en Joules :  400kj || Valeur énergétique en Kcal : 95kcal || Glucides : 13g || Lipides : 3,4g || Protides :3,1g || A conserver entre 0°C et +6°C. || 
3,56€ / Kg || 
1,78 € || 
########
########
Yaourt brassé nature bio, au lait entier de vache || Les 4 pots de 125g || Origine : FRANCE || Lait entier* 80% minimum, lait écrémé reconstitué*, poudre de lait écrémé*, ferments lactiques sélectionnés. *Ingrédients issus de l'agriculture biologique. || A conserver entre 0°C et +4°C. Stocker à plat. A consommer entièrement après ouverture du pot. || 
3,10€ / Kg || 
1,55 € || 
########
########
########
########
########
########
Yaourts brassés natures || Les 16 pots de 125g || Origine : FRANCE || Lait entier 98%, protéines de lait, ferments lactiques. || Valeur énergétique en Joules :  289kj || Valeur énergétique en Kcal : 69kcal || Glucides : 4,9g || Lipides : 3,5g || Protides :4,5g || A conserver au frais entre 0°C et +6°C . || 
1,31€ / Kg || 
2,62 € || 
########
########
########
########
########
########
Yaourts natures || Les 12 pots de 125g || Origine : FRANCE || Lait à 15g de matière grasse par litre, lait écrémé concentré, ferments lactiques. || Valeur énergétique en Joules :  213Kj || Valeur énergétique en Kcal : 51Kcal || Glucides : 5,4g || Lipides : 1,4g || Protides :4,1g || A conserver entre 0°C et +6°C. || 
1,16€ / Kg || 
1,74 € || 
########
########
Yaourts natures au sucre de canne || Les 4 pots de 125g || Origine : FRANCE || Lait écrémé à base de poudre de lait, lait écrémé, sucre de canne 9%, crème, poudre de lait écrémé, ferments lactiques du yaourt. || Valeur énergétique en Joules :  319Kj || Valeur énergétique en Kcal : 75Kcal || Glucides : 13g || Lipides : 1g || Protides :3,3g || A conserver entre 0°C et +6°C || 
1,42€ / Kg || 
0,71 € || 
########
########
Cottage Cheese, fromage frais salé, recette anglaise || Les 2 pots de 200g, soit 400g || Origine : ALLEMAGNE || Cottage Cheese est un fromage frais non battu au goût subtilement salé.Danone a sélectionné pour vous cette recette originale, ferme et fondant à la fois afin de vous faire découvrir une multitude de saveurs à réaliser vous-même. || Peut se déguster nature, en accompagnement de crudités ou de salade, à tartiner garni de fines herbes ou d'épices. || Lait écrémé pasteurisé, crème pasteurisée, sel (0,8%), ferments lactiques. 3,9% de matière grasse pour 100g de produit fini. 20% de matière grasse sur extrait sec. || Valeur énergétique en Joules :  382kj || Valeur énergétique en Kcal : 91kcal || Glucides : 2,3g || Lipides : 3,9g || Protides :11,7g || A conserver à +6°C maximum. || 
10,28€ / Kg || 
4,11 € || 
########
########
Yaourts natures || Les 12 pots de 125g || Origine : FRANCE || Lait ÍcrÍmÍ (92,07%) lait ÍcrÍmÍ concentrÍ ou en poudre crÈme (lait) ferments lactiques (lait) || Glucides : 5,3G || Lipides : 1G || Protides :4G || 
1,55€ / Kg || 
2,33 € || 
########
Yaourts natures || Les 4 pots de 125g || Origine : FRANCE || Lait ÍcrÍmÍ (92,07%) lait ÍcrÍmÍ concentrÍ ou en poudre crÈme (lait) ferments lactiques (lait) || Glucides : 5,3G || Lipides : 1G || Protides :4G || 
1,92€ / Kg || 
0,96 € || 
########
########
########
Yaourt grec 0% || Le pot de 500g || Origine : GRECE || Authentique yaourt égoutté grec à 0% de matière grasse. || Lait de vache écrémé, ferments lactiques vivants. || Valeur énergétique en Joules :  243kj || Valeur énergétique en Kcal : 57kcal || Glucides : 4g || Lipides : 0g || Protides :10,3g || A conserver au frais à max 7°C. Après ouverture, à consommer dans les 5 jours. || 
8,20€ / Kg || 
4,10 € || 
########
Yaourt de brebis nature, 0% de matière grasse || Les 2 pots de 125g, soit 250g || Origine : FRANCE || Yaourt maigre au lait de brebis nature. || lait de brebis ÍcrÍmÍ, poudre de lait de brebis ÍcrÍmÍ, ferments lactiques || Valeur énergétique en Joules :  182kj || Valeur énergétique en Kcal : 43kcal || Glucides : 5,2g || Lipides : 0,1g || Protides :5,3g || A conserver entre 0°C et +6°C. || 
6,60€ / Kg || 
1,65 € || 
########
########
########
########
Yaourts au lait entier, goût nature || Les 4 pots de 125g || Origine : FRANCE || Lait entier (94,1%), lait écrémé en poudre, ferments lactiques. || Valeur énergétique en Joules :  280 || Valeur énergétique en Kcal : 67 || Glucides : 4,7g || Lipides : 3,3g || Protides :3,9g || A conserver à max. +6°C. || 
3,28€ / Kg || 
1,64 € || 
########
########
Yaourts au lait de chèvre, goût nature || Les 2 pots de 120g || Origine : FRANCE || 100% lait de chèvre. || Lait de chèvre pasteurisé, protéines laitières de chèvre, ferments lactiques. || A conserver à max. +7°C. || 
7,46€ / Kg || 
1,79 € || 
########
########
########
Spécialité fermentée au soja, nature, riche en protéines végétales || Les 6 pots de 100g, soit 600g || Origine : FRANCE || Sources de protéines végétales. || Tonyu 98% (eau, graines de soja), amidon transformé de manioc, phosphate tricalcique, sel, ferments, correcteur d'acidité : acide citrique, vitamine E. Riche en protéines végétales. || Valeur énergétique en Joules :  175kj || Valeur énergétique en Kcal : 42kcal || Glucides : 1,4g || Lipides : 2g || Protides :3,9g || A conserver entre 0°C et +6°C. || 
2,73€ / Kg || 
1,64 € || 
########
Yaourts au bifidus actif, goût nature || Les 4 pots de 125g || Origine : FRANCE || Lait entier, lactose et protéines de lait, ferments lactiques dont bifidobacterium (bifidus actif). || Valeur énergétique en Joules :  262Kj || Valeur énergétique en Kcal : 1095Kcal || Glucides : 4,1g || Lipides : 3,5g || Protides :3,7g || A conserver entre 0°C et +6°C. || 
1,64€ / Kg || 
0,82 € || 
Yaourts natures au lait de vache, certifié AB || Les 4 pots de 125g || Origine : FRANCE || Lait entier* (96.4%), ferments lactiques, poudre de lait écrémé*. *Ingrédients issus de l'agriculture biologique. || Valeur énergétique en Joules :  214kj || Valeur énergétique en Kcal : 51Kcal || Glucides : 5,8g || Lipides : 1,1g || Protides :4,4g || A conserver entre 0°C et +6°C. || 
2,24€ / Kg || 
1,12 € || 
########
########
Yaourt au bifidus actif, Citron || Les 4 pots de 125g || Origine : FRANCE || lait entier (pour info en moyenne: 83%) sucre (8,3%) lait écrémé concentré ou en poudre (en moyenne 2,5%) arôme crÈme (lait) ferments lactiques dont bifidobacterium (Bifidus ActiRegularis) (lait) || Valeur énergétique en Joules :  399 || Valeur énergétique en Kcal : 95 || Glucides : 13 || Protides :4 || CONSERVER ¿ +6°C MAXIMUM || 
3,34€ / Kg || 
1,67 € || 
Yaourt au bifidus actif, saveur coco || Les 4 pots de 125g || Origine : FRANCE || lait entier (pour info en moyenne: 83%) sucre (8,3%) lait écrémé concentré ou en poudre (en moyenne 2,5%) arôme crÈme (lait) ferments lactiques dont bifidobacterium (Bifidus ActiRegularis) (lait) || Valeur énergétique en Joules :  399 || Valeur énergétique en Kcal : 95 || Glucides : 13 || Protides :4 || CONSERVER ¿ +6°C MAXIMUM || 
3,34€ / Kg || 
1,67 € || 
Yaourt au bifidus actif, saveur vanille || Les 4 pots de 125g || Origine : FRANCE || lait entier (pour info en moyenne: 83%) sucre (8,3%) lait écrémé concentré ou en poudre (pour info : en moyenne 2,5%) arôme crÈme (lait) ferments lactiques dont bifidobacterium (Bifidus ActiRegularis) (lait) || Valeur énergétique en Joules :  399 || Valeur énergétique en Kcal : 95 || Glucides : 13 || Protides :4 || CONSERVER ¿ +6°C MAXIMUM || 
3,34€ / Kg || 
1,67 € || 
Yaourts à boire, fraise || Les 6 bouteilles de 100g || Origine : BELGIQUE || Lait partiellement ÍcrÍmÍ lait ÍcrÍmÍ reconstituÍ  sucre ou sucre liquide (saccharose : 8,4%) fraise (2,1%) dextrose concentrÍ de minÍraux du lait Ípaississant : E 1442 (amidon transformÍ)  ar«me naturel ferments lactiques dont Lactobacillus casei  vitamine B6 vitamine D || 
4,78€ / Kg || 
2,87 € || 
Yaourts à boire, multifruits || Les 6 bouteilles de 100g || Origine : BELGIQUE || Lait partiellement ÍcrÍmÍ lait ÍcrÍmÍ reconstituÍ  sucre ou sucre liquide (saccharose : 9%) jus de fruits Å base de jus concentrÍs (2,1%) (ananas, p²che, orange, fraise) dextrose Ípaississants : E 1442 (amidon transformÍ), E 440 (pectine)  concentrÍde minÍraux du lait ar«me naturel  ferments lactiques dont Lactobacillus casei  vitamine B6 vitamine D || 
4,78€ / Kg || 
2,87 € || 
########
########
########
########
########
########
########
########
########
########
Yaourts au bifidus actif, Figues || Les 4 pots de 125g || Origine : FRANCE || 
3,56€ / Kg || 
1,78 € || 
########
########
########
########
########
########
########
########
########
Yaourts au bifidus actif, Pruneaux || Les 4 pots de 125g || Origine : FRANCE || 
3,90€ / Kg || 
1,95 € || 
########
########
Dessert soja à la mangue, 100% végétal || Les 4 pots de 100g || Origine : FRANCE || Sojasun mangue nouvelle recette : la saveur douce et délicate de la mangue. Un goût délicieux naturellement. Sans morceaux. || A déguster très frais. || Jus de soja 78% (eau, graines de soja* 9%), mangue 11%, sucre, phosphate de calcium, épaississants : pectine-farine de graines de caroube, arôme naturel, jus de citron concentré, ferments sélectionnés. (*soja filière française, garanti sans OGM). Sans gluten. Sans colorant ni arôme artificiel. || Valeur énergétique en Joules :  356kj || Valeur énergétique en Kcal : 85kcal || Glucides : 12,5g || Lipides : 2,1g || Protides :3,7g || A conserver entre +2°C et +6°C. || 
5,23€ / Kg || 
2,09 € || 
########
Dessert soja au chocolat, 100% végétal || Les 4 pots de 100g || Origine : FRANCE || Les produits Sojasun sont fabriqués en Bretagne par une entreprise familiale. Sojasun utilise un mode de transformation qui préserve les qualités nutritionnelles des graines de soja. || Sojasun est à déguster très frais. || Jus de soja 80% (eau, graines de soja), sucre, chocolat en poudre 3,5% (sucre, poudre de cacao maigre), épaississants : amidon transformé de maïs, pectines, carraghénanes, cacao en poudre, phosphate de calcium, arôme naturel de cacao et autres arômesnaturels, sel. Soja français non OGM. || Valeur énergétique en Joules :  481 || Valeur énergétique en Kcal : 114,9 || Glucides : 19 || Lipides : 2,7 || Protides :3,4 || A conserver entre +2°C et +6°C. || 
3,58€ / Kg || 
1,43 € || 
########
########
Panaché fruits rouges fruits jaunes, spécialité laitière aux fruits, avec édulcorants || Le paquet de 8 pots de 125g || Origine : FRANCE || Faible en mg, Danacol contient des extraits végétaux : les stérols. Leur action est de bloquer naturellement le passage d'une partie du cholestérol, limitant ainsi son absorption dans le sang.C'est pour cela que, Danacol pris quotidiennement dans lecadre d'un régime adapté réduit votre taux de cholestérol de 10% en moyenne dès 3 semaines. || Danacol est exclusivement réservé aux personnes présentant un excès de cholestérol. Les personnes sous traitement hypocholestérolémiant doivent consulter un médecin avant de consommer Danacol qui ne peut se substituer à ce type de traitement. Les femmes enceintes et qui allaitent, ainsi que les enfants et les adolescents ont des besoins nutritionnels spécifiques. Un produit qui réduit le taux de cholestérol leur est déconseillé. Attention, la consommation de plus de 3g de stérols et/ou de stanols végétaux libres par jour doit être évitée, une consommation supérieure n'entraînant pas une réduction plus importante du taux de cholestérol. || Lait écrémé 81,7%, fruits : pêche-abricot 9%, fraise 8,4%, lait écrémé en poudre, ester de stérol végétal 1,1% (dont stérol végétal libre 0,6%), agent de charge : polydextrose (fibres), épaississants : amidon transformé, carraghénanes, pectine, farine de graine de caroube, gomme xanthane, arômes, colorants : carmin, extrait de paprika, édulcorants : aspartame, sucralose, acésulfame K, protéines de lait, ferments lactiques, jus concentré de citron. Contient une source de phénylalanine. Contient des sucres naturellement présents. || Valeur énergétique en Joules :  190kj || Valeur énergétique en Kcal : 45kcal || Glucides : 6,3g || Lipides : 0,5g || Protides :3,8g || Conserver à +6°C max. || 
3,86€ / Kg || 
3,86 € || 
########
########
########
########
########
Pommes de terre façon rôtissoire, surgelées || Le sachet de 600g || Origine : FRANCE || Pommes de terre préfrites assaisonnées, surgelées. || Cet emballage contient 4 portions. A la poêle : versez la quantité désirée de pommes de terre dans une poêle chaude sans ajout de matière grasse. Laissez réchauffer à découvert, à feu moyen, pendant 15 minutes en remuant régulièrement. Au four : déposez les pommes de terre dans un plat allant au four. Placez le plat dans le four préchauffé à 200°C (th 6-7) pendant 15 minutes environ. Servez et dégustez chaud. || Pommes de terre préfrites 78% (pommes de terre, huile de tournesol, dextrose), graisse de canard 11%, ail en gousses 6%, eau, arôme naturel, ail en poudre, sel, poivre. || Valeur énergétique en Joules :  818kj || Valeur énergétique en Kcal : 196kcal || Glucides : 32g || Lipides : 17g || Protides :3,6g || 24 heures dans un réfrigérateur. 3 jours dans le compartiment à glace d'un réfrigérateur. Plusieurs mois dans le compartiment à -18°C d'un réfrigérateur*** ou dans un congélateur jusqu'à la date limite d'utilisation optimale. Ne jamais recongeler un produit décongelé. || 
5,95€ / Kg || 
3,57 € || 
########
########
########
Pommes noisettes, préfrites || La barquette de 350g || Origine : BELGIQUE || Idéales pour accompagner toutes sortes de poissons et de viandes, avec de la sauce ou tout simplement nature, les pommes noisettes MONOPRIX sont croustillantes et dorées à point. || Préparation sans décongélation. A LA POÊLE : Faites chauffer un peu d'huile et du beurre. Dans ce mélange bien chaud, versez les pommes noisettes. Laissez dorer à feu moyen 10 minutes environ, en agitant la poêle de temps en temps. AU FOUR : Préchauffez le four (th.6/7-200°C). Laissez cuire à mi-hauteur, en remuant de temps en temps. || Pommes de terre 84%, huile végétale de tournesol, amidon de blé, pomme de terre déshydratée(émulsifiant: E471, stabilisant: E450) sel,dextrose de blé, stabilisant: E461, épice et aromate. || Valeur énergétique en Joules :  805kj || Valeur énergétique en Kcal : 192kcal || Glucides : 26g || Lipides : 8g || Protides :3g || *24 heures dans un réfrigérateur. **3 jours dans le compartiment à glace d'un réfrigérateur. ***Plusieurs mois dans le compartiment à-18*C d'un réfrigérateur*** ou dans un congélateur jusqu'à la datelimite d'utilisation optimale. Attention : ne jamais recongeler un produit décongelé. || 
2,80€ / Kg || 
0,98 € || 
Pommes noisettes, préfrites || Le sachet de 1kg || Origine : BELGIQUE || Idéales pour accompagner toutes sortes de poissons et de viandes, avec de la sauce ou tout simplement nature, les Pommes Noisettes Monoprix sont croustillantes et dorées à point. Elles seront appréciées aussi bien des petits que des grands. || Préparation sans décongélation. A la poêle : faites chauffer un peu d'huile et du beurre. Dans ce mélange bien chaud, versez les Pommes Noisette. Laissez dorer à feu moyen 8 à 10min. environ en agitant la poêle de temps en temps. Au four : préchauffez le four (Th6/7-200°C). Recouvrez de préférence la plaque d'une feuille de papier aluminium et déposez-y les Pommes Noisettes. Laissez cuire à mi-hauteur, 12 à 15 minutes en remuant de temps en temps. || Pommes de terre 84% - huile végétale de tournesol - amidon de blé - pomme de terre déshydratée (émulsifiant : E471 - stabilisant : E450) - sel - dextrose de blé - stabilisant : E461 - épice et aromate. || Valeur énergétique en Joules :  805Kj || Valeur énergétique en Kcal : 192KCal || Glucides : 26g || Lipides : 8g || Protides :3g || *24 heures dans un réfrigérateur **3 jours dans le compartiment à glace d'un réfrigérateur. ***Plusieurs mois dans le compartiment à -18°C d'un réfrigérateur 3*** ou dans un congélateur jusqu'à la date limite d'utilisation optimale. || 
1,24€ / Kg || 
1,24 € || 
Pommes rissolées préfrites, surgelées || Le paquet de 450g || Origine : FRANCE || Idéales pour accompagner toutes sortes de poissons ou de viandes, avec de la sauce ou tout simplement nature, les pommes rissolées Monoprix sont croustillantes et dorées à point.Elles sont appréciées aussi bien des petits que des grands. || Sans décongélation préalable. A la poêle : versez la quantité désirée de pommes rissolées dans une poêle contenant un peu d'huile chaude. Laissez dorer pendant 10 à 15  minutes environ, en agitant la poêle régulièrement. A la friteuse : plongez les pommes de terre rissolées par petites quantités dans l'huile chaude 175°C pendant 3 à 5 minutes. || Pommes de terre, huile végétale de tournesol, stabilisant : diphosphate disodique. || Valeur énergétique en Joules :  532kj || Valeur énergétique en Kcal : 126kcal || Glucides : 20,3g || Lipides : 3,6g || Protides :2,2g || *24 heures dans un réfrigérateur. **3 jours dans le compartiment à glace d'un réfrigérateur. ***Plusieurs mois dans le compartiment à -18°C d'un réfrigérateur*** ou dans un congélateur jusqu'à la datelimite d'utilisation optimale. Ne jamais recongeler un produit décongelé. || 
2,27€ / Kg || 
1,02 € || 
Pommes rissolées  préfrites, surgelées || Le sachet de 1kg || Origine : BELGIQUE || Idéales pour accompagner toutes sortes de poissons et de viandes, avec de la sauce ou tout simplement nature, les Pommes Rissolées Monoprix sont croustillantes et dorées à point. Elles seront appréciées aussi bien des petits que des grands. || Préparation sans décongélation. A la poêle : faites chauffer un peu d'huile et du beurre. Lorsque la matière grasse est très chaude, ajoutez les pommes de terre encore surgelées. Laissez cuire à feu moyen 10 à 12 minutes environ, en agitant la poêlede temps en temps. A la friteuse électrique : plongez les pommes rissolées dans l'huile chaude (175°C) pendant 3 à 4 minutes. || Pommes de terre, huile végétale de tournesol, dextrose. || Valeur énergétique en Joules :  514Kj || Valeur énergétique en Kcal : 122KCal || Glucides : 20,5g || Lipides : 3g || Protides :2g || *24 heures dans un réfrigérateur **3 jours dans le compartiment à glace d'un réfrigérateur. *** Plusieurs mois dans le compartiment à -18°C d'un congélateur, dans la limite du délai optimale. || 
1,29€ / Kg || 
1,29 € || 
Crousti Frites, pommes de terre coupées, préfrites, surgelées || Les 2 portions de 90g || Origine : COMM. ECON EUROPEENN || Les Crousti Express Frites, le plaisir et l'équilibre en plus !Pour améliorer la qualité nutritionnelle de ses produits, tout en conservant leur bon goût et leur saveur, Findus a choisi l'huile de Colza pour la cuisson de ses pommes de terre. Naturellement riche en Oméga3, acide gras essentiel, l'huile de colza nous permet également de diminuer d'environ 85% la teneur en acides gras saturés de ce produit. || Ouvrez le couvercle. Passez au micro-ondes : 2min30 à 900 watts. Salez immédiatement. Secouez la boîte (fermée). Ouvrez et attendez 2min. Ne pas dépasser le temps de cuisson préconisé. Ne pas utiliser la fonction gril. || Pommes de terre 87%, huile de colza 13%. Sans ajout de sel. || Valeur énergétique en Joules :  1010kj || Valeur énergétique en Kcal : 240kcal || Glucides : 28g || Lipides : 13g || Protides :4g || 24 heures dans un réfrigérateur, 3 jours dans le compartiment à glace d'un réfrigérateur, plusieurs mois dans le compartiment à -18°C d'un réfrigérateur 3*** ou dans un congélateur. Ne jamais recongeler ce produit après décongélation. || 
4,58€ / Kg || ##
Crousti Frites, pommes de terre coupées, préfrites, surgelées || Les 2 portions de 90g || Origine : COMM. ECON EUROPEENN || Les Crousti Express Frites, le plaisir et l'équilibre en plus !Pour améliorer la qualité nutritionnelle de ses produits, tout en conservant leur bon goût et leur saveur, Findus a choisi l'huile de Colza pour la cuisson de ses pommes de terre. Naturellement riche en Oméga3, acide gras essentiel, l'huile de colza nous permet également de diminuer d'environ 85% la teneur en acides gras saturés de ce produit. || Ouvrez le couvercle. Passez au micro-ondes : 2min30 à 900 watts. Salez immédiatement. Secouez la boîte (fermée). Ouvrez et attendez 2min. Ne pas dépasser le temps de cuisson préconisé. Ne pas utiliser la fonction gril. || Pommes de terre 87%, huile de colza 13%. Sans ajout de sel. || Valeur énergétique en Joules :  1010kj || Valeur énergétique en Kcal : 240kcal || Glucides : 28g || Lipides : 13g || Protides :4g || 24 heures dans un réfrigérateur, 3 jours dans le compartiment à glace d'un réfrigérateur, plusieurs mois dans le compartiment à -18°C d'un réfrigérateur 3*** ou dans un congélateur. Ne jamais recongeler ce produit après décongélation. || 
4,58€ / Kg || ##
Crousti Frites, pommes de terre coupées, préfrites, surgelées || Les 2 portions de 90g || Origine : COMM. ECON EUROPEENN || Les Crousti Express Frites, le plaisir et l'équilibre en plus !Pour améliorer la qualité nutritionnelle de ses produits, tout en conservant leur bon goût et leur saveur, Findus a choisi l'huile de Colza pour la cuisson de ses pommes de terre. Naturellement riche en Oméga3, acide gras essentiel, l'huile de colza nous permet également de diminuer d'environ 85% la teneur en acides gras saturés de ce produit. || Ouvrez le couvercle. Passez au micro-ondes : 2min30 à 900 watts. Salez immédiatement. Secouez la boîte (fermée). Ouvrez et attendez 2min. Ne pas dépasser le temps de cuisson préconisé. Ne pas utiliser la fonction gril. || Pommes de terre 87%, huile de colza 13%. Sans ajout de sel. || Valeur énergétique en Joules :  1010kj || Valeur énergétique en Kcal : 240kcal || Glucides : 28g || Lipides : 13g || Protides :4g || 24 heures dans un réfrigérateur, 3 jours dans le compartiment à glace d'un réfrigérateur, plusieurs mois dans le compartiment à -18°C d'un réfrigérateur 3*** ou dans un congélateur. Ne jamais recongeler ce produit après décongélation. || 
9,17€ / Kg || 
1,65 € || 
########
########
########
########
########
########
########
########
Pommes rissolees aux herbes || La boite de 450g || Origine : COMMUNAUT EUROPEENNE || Préparées à partir de délicieuses pommes de terre rigoureusement sélectionnées, les pommes rissolées aux herbes sont coupées puis mélangées à des herbes aromatiques pour un goût original. || Findus recommande une cuisson sans ajouter de matière grasse. Pour des pommes plus croustillantes : versez les pommes rissolées aux herbes surgelées dans votre poêle sans ajouter d'huile. Faites les dorer à feu moyen pendant 10 min. Remuez de temps en temps. Pour des pommes plus fondantes : préchauffez votre four à 200° (th7) pendant 10 min. Disposez les pommes rissolées aux herbes sur votre plaque en une couche. Laissez les cuire à mi hauteur pendant environ 15 min et remuez à mi cuisson. Ce produit ne passe pas à la friteuse. || Pommes de terre 87%, huile de colza 4,6%, eau, huile de tournesol 1,8%, sel, aromates (romarin 0,3%, persil 0,1%), ail, dextrose, épices. Teneur en sel 0,7%. Sans colorant, sans conservateur, sans huile de palme. || Valeur énergétique en Joules :  660kj || Valeur énergétique en Kcal : 160kcal || Glucides : 21g || Lipides : 6,5g || Protides :2,5g || 24h dans un réfrigérateur, 3 jours dans le compartiment à glace d'un réfrigérateur, plusieurs mois à -18°C dans un congélateur. Ne pas recongeler un produit décongelé. || 
4,56€ / Kg || 
2,05 € || 
Quartiers de pommes de terre coupées préfrites, surgelés || La boîte de 180g || Origine : COMM. ECON EUROPEENN || De délicieuses pommes de terre coupées en quartiers pour une croustillance unique ! || Ouvrez le couvercle. Passez au micro-ondes 2 min 30 à 900 W. Salez immédiatement. Secouez la boîte. Ouvrez et attendez 2 min 30. Ne pas dépasser le temps de cuisson préconisé, ne pas utiliser la fonction grill. Adapté le temps de cuisson à votre équipement. Ne pas recongeler ce produit après décongélation. || Pommes de terre 89%, huile de colza 11%. Sans ajout de sel conformément à la réglementation. Sans colorant, sans conservateur et sans huile de palme. || Valeur énergétique en Joules :  920kj || Valeur énergétique en Kcal : 220kcal || Glucides : 27g || Lipides : 11g || Protides :3g || 24 heures dans un réfrigérateur. 3 jours dans le compartiment à glace d'un réfrigérateur. Plusieurs mois dans le compartiment à -18°C d'un réfrigérateur 3*** ou dans un congélateur et ce, au moins jusqu'à la date indiquée sur le paquet. || 
10,72€ / Kg || 
1,93 € || 
########
Frites || Le sachet de 1kg || Origine : FRANCE || Pommes de terre, Huile de Tournesol (4%). Non fabriquÍ Å l'huile d'arachide. || Valeur énergétique en Joules :  559 || Valeur énergétique en Kcal : 133 || Glucides : 20.5 || Lipides : 4 || Protides :2.5 || 
1,95€ / Kg || 
1,95 € || 
########
########
########
Pommes frites || Le paquet de 1,5kg || Origine : PAYS-BAS || 
2,82€ / Kg || 
4,27 € || 
########
########
########
Rosty's || Le sachet de 600g || Origine : BELGIQUE || 
3,29€ / Kg || 
2,63 € || 
########
Carottes en rondelles, surgel{es || Le sachet de 1kg || Origine : FRANCE || 100% carottes. || Valeur énergétique en Joules :  118kj || Valeur énergétique en Kcal : 28kcal || Glucides : 4,4g || Lipides : 0,4g || Protides :0,6g || 
1,45€ / Kg || 
1,45 € || 
########
########
########
########
########
########
########
########
########
########
########
########
Légumes pour potage || Le sachet de 1kg || Origine : FRANCE || De légumes déjà lavés, épluchés et coupés pour préparer rapidement un délicieux potage. || A servir mixés en soupe ou dans un bouillon de légumes. || Carottes 28% minimum, poireaux 16% minimum, pommes de terre 12% minimum, choux-fleurs 8% minimum, céleri 8% minimum, haricots verts 7% minimum, pois 2% minimum. || Valeur énergétique en Joules :  137Kj || Valeur énergétique en Kcal : 32kcal || Glucides : 5,7g || Lipides : 0,4g || Protides :1,5g || *24h dans un réfrigérateur. **3 jours dans le compartiment à glace d'un réfrigérateur. *** plusieurs mois dans le compartiment à -18°C d'un réfrigérateur*** ou dans un congélateur jusqu'à la date limite d'utilisation optimale. Attention: ne jamais recongeler un produit décongelé. || 
1,48€ / Kg || 
1,48 € || 
Mélange de champignons forestiers et cultivés, surgelés || Le sachet de 300g || Origine : FRANCE || Convient aux végétariens. 2 personnes. En accompagnement d'une cuisse de canard confite cuisinée avec des pommes de terre ou des marrons en persillade. Dans une poêle anti-adhésive, versez le mélange surgelé, couvrez et laissez cuire 5 minutes à couvert, à feu moyen, puis 3 minutes à découvert à feu vif. || Bolets bais 31%, cèpes morceaux 20%, pholiotes 20%, pleurotes 20%, champignons de Paris miniatures 9%. || Valeur énergétique en Joules :  87kj || Valeur énergétique en Kcal : 21kcal || Glucides : 1,7g || Lipides : 0,2g || Protides :2,3g || *24 heures dans un réfrigérateur. **3 jours dans le compartiment à glace d'un réfrigérateur. ***Plusieurs mois dans le compartiment à -18°C d'un réfrigérateur*** ou dans un congélateur jusqu'à la datelimite d'utilisation optimale. Attention : ne jamais recongeler un produit décongelé. || 
10,27€ / Kg || 
3,08 € || 
########
########
Oignons émincés, surgelés || Le sachet de 500g || Origine : BELGIQUE || Préparation chaude : A la poêle, 2 à 5 minutes : faites blondir les oignons à feu moyen avec un peu de matière grasse chaude en remuant régulièrement. Pour 100g : 2 minutes. Pour 225g : 5 minutes. Préparation froide : au réfrigérateur, versez les oignons dans un plat et laissez décongeler pendant 4 heures au réfrigérateur. Au four à micro-ondes, versez les oignons dans un plat creux et laissez décongeler le temps indiqué en position de décongélation en remuant à mi-temps. Pour 100g : 1 minute 30. Pour 225g : 3 minutes. || Oignons 100%. || Valeur énergétique en Joules :  173Kj || Valeur énergétique en Kcal : 41kcal || Glucides : 7,9g || Lipides : 0,2g || Protides :1,2g || *24h dans un réfrigérateur. **3 jours dans le compartiment à glace d'un réfrigérateur. *** plusieurs mois dans le compartiment à -18°C d'un réfrigérateur*** ou dans un congélateur jusqu'à la date limite d'utilisation optimale. Attention: ne jamais recongeler un produit décongelé. || 
2,04€ / Kg || 
1,02 € || 
Petits pois doux extra-fins, surgelés || La barquette de 450g || Origine : FRANCE || Pour redécouvrir le plaisir de consommer des légumes. Surgelés immédiatement après avoir été récoltés et triés, ces petits pois conservent toutes leurs saveurs et leur croquant. || Sans décongélation préalable. DANS UNE CASSEROLE : Faites chauffer  une noisette de beurre dans une casserole  anti-adhésive et faites revenir les petits pois 2 à 3 minutes. Mouillez à hauteur des légumes et portez à ébullition. Couvrez et laissez cuire 6 à 7 minutes à feu doux. AU FOUR À MICRO-ONDES : Pour 200 g de légumes,  versez un demi-verre d'eau dans un plat creux adapté.  Ajoutez les petits pois et laissez cuire 6 minutes à puissance maximale (pour un four ayant une puissance restituée de 900 Watts). Salez à votre convenance. EN AUTOCUISEUR : Versez 2 verres d'eau salée dans la cocotte. Déposez les petits pois dans le panier vapeur et comptez 5 minutes à partir de la rotation de la soupape. Assaisonnez à votre convenance.  Casserole, micro-ondes, autocuiseur || Petits pois doux extrafins 100%. || Valeur énergétique en Joules :  248Kj || Valeur énergétique en Kcal : 59Kc || Glucides : 5,5g || Lipides : 0,9g || Protides :5g || * 24 heures dans un réfrigérateur. ** 3 jours dans le compartiment à glace d'un réfrigérateur. *** Plusieurs mois dans, le compartiment à -18°C d'un réfrigérateur*** ou dans  un congélateur jusqu'à ladate limite d'utilisation optimale. Attention : ne jamais recongeler un produit décongelé. || 
3,40€ / Kg || 
1,53 € || 
########
########
########
########
########
########
########
Haricots verts extra-fins, surgelés || Le sachet de 1kg || Origine : FRANCE || Avec la gamme 'Précuit Vapeur' Bonduelle, retrouvez dans votre assiette le goût et les qualités des légumes frais en seulement 3 minutes.Ces légumes ont été cueillis en France, précuits vapeur et surgelés dans la journée. || Mode de préparation sans décongélation pour une portion de 150g. Prêt en 3 min (croquant), 5 min (fondant). A la poêle (recommandé par Bonduelle) : dans une poêle bien chaude avec un filet d'huile d'olive. A la casserole : dans une casserole d'eau bouillante salée, dès reprise de l'ébullition. Au micro-ondes : dans un plat adapté au four à micro-ondes recouvert d'un film alimentaire. || Haricots verts. Traces possibles de céleri. || Valeur énergétique en Joules :  132kj || Valeur énergétique en Kcal : 32kcal || Glucides : 3,9g || Lipides : 0,2g || Protides :2,0g || Réfrigérateur domestique : 24 heures. Dans le casier à glaçons de votre réfrigérateur : 3 jours. Congélateur *** à -18°C : plusieurs mois. Ne jamais recongeler un produit dégelé. || 
3,00€ / Kg || 
3,00 € || 
########
########
########
########
########
########
########
########
########
########
########
########
Poêlée de légumes grillés, surgelés || Le sachet de 450g || Origine : FRANCE || Mélange de légumes grillés surgelés. || 2 personnes. A la poêle : faites chauffer 1 cuillère d'huile végétale dans une poêle anti-adhésive. Versez la quantité désirée de produit encore surgelé dans la poêle. Laissez chauffer à feu doux à découvert en remuant régulièrement. Pour 200 g : 4 minutes 30. Pour 450 g : 11 minutes. Au micro-ondes : versez la quantité désirée de produit encore surgelé dans un plat adapté au four à micro-ondes. Ne couvrez pas. Faites cuire le temps conseillé en remuant à mi-cuisson. Pour 200 g : 5 minutes 30 à750 W / 4 minutes à 900 W. Pour 450 g : 11 minutes à 750 W / 8 minutes à 900 W. || Courgettes grillées 24%, aubergines grillées 22%, poivrons jaunes grillés 18%, poivrons rouges grillés 18%, oignons grillés 15%, basilic, huile d'olive vierge extra, sel, poivre. || Valeur énergétique en Joules :  191Kj || Valeur énergétique en Kcal : 46kcal || Glucides : 4,9g || Lipides : 1,4g || Protides :1,8g || * 24 heures dans un réfrigérateur. ** 3 jours dans le compartiment à glace d'un réfrigérateur. *** Plusieurs mois dans le compartiment à -18°C d'un réfrigérateur *** ou dans un congélateur jusqu'à ladate indiquée. Ne jamais recongeler un produit décongelé. || 
6,84€ / Kg || 
3,08 € || 
Purée cuisinée de pommes de terre || La boîte de 750g || Origine : FRANCE || 
2,60€ / Kg || 
1,95 € || 
Ratatouille cuisinée, surgelée || La barquette de 450g || Origine : FRANCE || Au four à micro-ondes : versez la ratatouille dans un plat adapté au four à micro-ondes. Pour 450g, faites chauffer pendant 8 à 9 minutes pour un four ayant une puissance restituée de 750 Watts. A la casserole : versez la ratatouille dans une casserole. Pour 450g, faites cuire à feu moyen 11 minutes environ, à couvert, en remuant régulièrement. || Tomates 29%, courgettes 18%, aubergines préfrites 15% (aubergines, huile de tournesol), poivrons verts et rouges grillés 11% (poivrons rouges et verts, huile de tournesol), eau, oignons rissolés 5% (oignons, huile de tournesol), purée de tomates mi-réduite (tomates, acidifiant : E330), huile d'olive vierge extra 3,5%, purée de tomates double concentrée, pulpe d'ail, sucre, sel, amidon modifié de pomme de terre, paprika, extraits naturels d'épices et d'aromates. Présence possible de lait, gluten,crustacés, oeufs, poisson, céleri, moutarde. || Valeur énergétique en Joules :  387Kj || Valeur énergétique en Kcal : 93Kcal || Glucides : 5,5g || Lipides : 6,9g || Protides :1,3g || 24 heures dans un réfrigérateur. 3 jours dans le compartiment à glace d'un réfrigérateur. Plusieurs mois dans le compartiment à -18°C d'un réfrigérateur*** ou dans un congélateur, jusqu'à la date limite d'utilisation optimale. Ne jamais recongeler un produit décongelé. || 
4,18€ / Kg || 
1,88 € || 
########
########
########
########
########
########
########
Purée 4 saveurs || Le sachet de 720g || Origine : UNION EUROPEENNE || La purée 4 saveurs est une recette unique, fruit d'un subtil mélange de haricots verts, de courgettes, d'épinards et de pois, finement relevée d'une pointe de crème. || 
2,67€ / Kg || ##
########
########
########
########
Soupe potirons & chataignes 600g || Le sachet de 600g || Origine : FRANCE || Notre chef a imaginé pour vous une recette gourmande : la douceur de la châtaigne et du potiron, agrémentée d'une pointe de crème fraîche. || Eau, potiron 18,4%, courge, pommes de terre, châtaignes 6%, crème fraîche 6%, amidon transformé, sucre, sel, extrait de levure. Teneur en sel : 0,4%. Cuisiné sans colorant, sans conservateur, sans huile de palme. || Valeur énergétique en Joules :  210kj || Valeur énergétique en Kcal : 50kcal || Glucides : 7,5g || Lipides : 1,5g || Protides :1g || -21¢ || 
5,05€ / Kg || 
3,08 € || 
########
########
########
########
########
########
########
########
########
########
########
########
########
########
########
########
########
########
########
########
########
########
########
########
########
########
########
########
########
########
########
########
########
########
########
########
########
########
########
########
########
########
########
########
########
########
########
########
########
########
########
########
########
########
########
########
########
########
########
########
########
########
########
########
########
########
########
########
########
########
########
########
########
########
########
########
########
########
########
########
########
########
########
########
########
########
########
########
########
########
########
########
########
########
########
########
########
########
########
########
########
########
########
########
########
########
########
########
########
########
########
########
########
########
########
########
########
########
########
########
########
########
########
########
########
########
########
########
########
########
########
########
########
########
########
########
########
########
########
########
########
########
########
########
########
########
########
########
########
########
########
########
########
########
########
########
########
########
########
########
########
########
########
########
########
########
########
########
########
########
########
########
########
########
########
########
########
########
########
########
########
########
########
########
########
########
########
########
########
########
########
########
########
########
########
########
########
########
########
########
########
########
########
########
########
########
########
########
########
########
########
########
########
########
########
########
########
########
########
########
########
########
########
########
########
########
########
########
########
########
########
########
########
########
########
########
########
########
########
########
########
########
########
Crème glacée, Macadamia nut brittle || Le pot de 500ml || Origine : FRANCE || Un mariage de sensations subtiles pour un goût unique: inspirées par la passion et le savoir-faire, toutes nos créations sont élaborées à base d'ingrédients naturels (crème fraîche, lait écrémé, jaune d'oeufs). Häagen-Dazs n'utilise aucun colorant ouarôme artificiel. || Pour pleinement apprécier la saveur et l'onctuosité de votre crème glacée, laissez quelques minutes à température ambiante avant de servir. || Crème fraîche, lait écrémé, solution de sucre (sucre, eau),confiseries aux noix de macadamia caramélisées (10%) (sucre, sirop de glucose issu du blé, noix de macadamia, beurre, huile de noix de coco, arôme naturel: vanille, sel, poudre à lever: carbonate de sodium), jaune d'oeuf, arôme naturel: vanille, sucre. Contient des ingrédients à base de lait, oeuf, blé et noix de macadamia. || Après décongélation, ne pas recongeler. Conservation à -18°C minimum. || 
11,94€ / L || 
5,97 € || 
Crème glacée, praline et caramel séduction || Les 4 pots de 86ml || Origine : FRANCE || Un mariage de sensations subtiles pour un goût unique : inspirées par la passion et le savoir faire, toutes nos créations sont élaborées à base d'ingrédients naturels. || Pour plus d'onctuosité, retirez votre crème glacée du congélateur 5 à 10 minutes avant de servir. 1 cuillère est à votre disposition sous le couvercle de chaque pot. || CrÈme glacÍe Å la  vanille, incrustÍe d'Íclats de noisettes caramÍlisÍes (7%), surmontÍe de sauce caramel (16%) et d'Íclats d'amandes grillÍes (3,5%) . IngrÍdients : crÈme fraÓche, lait ÍcrÍmÍ concentrÍ, sucre, sirop de glucose, amandes grillÍes, jaune d'oeuf, sirop de glucose dÍshydratÍ, noisettes, beurre, ar«me naturel de vanille, sel, gÍlifiant : pectines, ar«me naturel.                                                                                    Contient lait, oeuf, amande et noisettepeut contenir des ingrÍdients Å base d'autres fruits Å coques et de graines de tournesol. Contient des noix (amandes, noisettes, noix, noix de cajou, noix de PÍcan, noix du BrÍsil, pistaches, noix de Macadamia, noix du Queensland) et dÍrivÍs   Contient des ingrÍdients Å base de lait et d?oeuf.OEufs et dÍrivÍs Lait et dÍrivÍs || Valeur énergétique en Joules :  1183kj || Valeur énergétique en Kcal : 284kcal || Glucides : 29,7g || Lipides : 16,3g || Protides :4,7g || Après décongélation : ne pas recongeler. Conservation à -18°C. || 
19,74€ / Kg || 
6,79 € || 
########
Crème glacée, Strawberries & Cream || Le pot de 500ml || Origine : FRANCE || Un mariage de sensations subtiles pour un goût unique : inspirées par la passion et le savoir faire, toutes nos créations sont élaborées à base d'ingrédients naturels. || CrÈme glacÍe Å la fraise avec morceaux de fraise. ngrÍdients : crÈme fraÓche, lait ÍcrÍmÍ concentrÍ, fraises (21%), sucre, jaune d'oeuf.     Contient des ingrÍdients Å base de lait et d?oeuf.OEufs et dÍrivÍs Lait et dÍrivÍs || Valeur énergétique en Joules :  920kj || Valeur énergétique en Kcal : 221kcal || Glucides : 20g || Lipides : 14g || Protides :3,5g || Conserver à -18°C. Après décongélation : ne pas recongeler. || 
12,06€ / L || 
6,03 € || 
########
########
########
########
########
########
########
########
########
########
Crème glacée Original Collection || Les 4 pots, 400ml || Origine : FRANCE || Un mariage de sensations subtiles pour un goût unique : inspirées par la passion et le savoir-faire, toutes nos créations sont élaborées à base d'ingrédients naturels (crème fraîche, lait écrémé, jaune d'oeuf). Häagen-Dazs n'utilise aucun colorant ouarôme artificiel. Pour pleinement apprécier la saveur et l'onctuosité de votre crème glacée, laissez quelques minutes à température ambiante avant dégustation. || Crème glacée au café, sauce avec caramel et truffes de fantaisie au chocolat : Crème fraîche, lait écrémé, solution de sucre (sucre, eau), truffes de fantaisie au chocolat (8 %) (sucre, huile de noix de coco, cacao en poudre, eau, lait entier concentré, beurre concentré, arôme naturel : vanille), sauce avec caramel (8 %) (lait entier concentré sucré, sucre, eau, sirop de glucose issu de blé, huile de noix de coco, gélifiant : pectine, émulsifiant : lécithine de soja, sel, arôme naturel : vanille), jaune d'oeuf, extrait de café en poudre (1,5 %), sucre. Contient des ingrédients à base de lait oeuf, blé et soja. Crème glacée avec sauce fraise et morceaux de biscuits : Crème fraîche, lait écrémé, solution de sucre (sucre, eau), sauce à la fraise (14 %) (purée de fraise, sucre, purée de framboise, eau, jus de citron concentré, gélifiant : pectine, arôme naturel : fraise et framboise), morceaux de biscuits (8 %) (farine de blé, sucre, beurre, huile de noix de coco, mélasse, sel, arôme naturel : vanille, poudre à lever : carbonates de sodium), préparation fromagère (6 %) [fromage frais (lait, crème, ferments lactiques, sel), sucre, eau, jaune d'oeuf, arôme naturel : cheesecake, sel, jus de citron], jaune d'oeuf, sucre. Contient des ingrédients à base de lait oeuf et blé. Crème glacée à la vanille avec caramel et morceaux de noix de pécan caramélisées : Crème fraîche, lait écrémé, solution de sucre (sucre, eau), sauce au caramel (10 %) (lait entier concentré sucré, sucre, sirop de glucose issu de blé, eau, beurre, sel, gélifiant : pectine, arôme naturel : vanille), morceaux de noix de pécan caramélisées (7 \) (sucre, morceaux de noix de pécan, beurre, sel, sirop de glucose issu de blé), jaune d'oeuf, arôme naturel : vanille, sucre. Contient des ingrédients à base de lait, oeuf, blé et noix de pécan. Crème glacée caramel avec coulis aux pommes et morceaux de crumbles : Crème fraîche, lait écrémé, solution de sucre (sucre, eau), coulis aux pommes (13 %) (purée de pommes, sucre, eau, gélifiant : pectine, arôme naturel : pomme), caramel au lait (9 %) (lait entier concentré sucré, sirop de glucose issu du blé, eau, sel, arôme naturel : vanille), morceaux de crumble (7 %) (farine de blé, sucre, beurre, huile de palme, farine de maïs, sel, émulsifiant : lécithme de soja), jaune d'oeuf, sucre. Contient des ingrédients à base de lait oeuf, blé et soja. || Après décongélation : ne pas recongeler. Conservation à -18 °C minimum. || 
15,40€ / L || 
6,16 € || 
########
########
########
########
Crème glacée Vanilles Gourmandes, nougatine caramel façon crème brûlée et amandes caramel au beurre salé || Les 4 pots de 100ml || Origine : FRANCE || 
15,90€ / L || 
6,36 € || 
Crème glacée, avec des morceaux de biscuits cacaotés, fourrés goût vanille || Le pot de 185ml || Origine : FRANCE || Lait écrémé reconstitué, morceaux de biscuits cacaotés fourrés goût vanille 22% (sucre, farine de blé, matière grasse végétale (antioxygènes E306, E304), cacao maigre en poudre 7%, sirop de glucose-fructose, poudre à lever (carbonate acide de sodium,carbonate acide d'ammonium), lactoserum en poudre (de lait), pâte de cacao, sel, émulsifiant (lécithine de soja), arôme (vanilline), crème 18%, sirop de glucose-fructose, sucre, sirop de glucose, lait écrémé concentré, lactoserum en poudre, émulsifiant (mono et diglycérides d'acides gras), stabilisants (farines de graines de caroube, gomme guar), arôme. Contient : lait, soja, blé. Peut contenir : amandes, noisettes, noix, pistaches, noix de macadamia, noix de pécan, arachides, oeuf. || Valeur énergétique en Joules :  513kj || Valeur énergétique en Kcal : 122kcal || Glucides : 16,4g || Lipides : 5,5g || Protides :1,6g || A conserver à -18°C. || 
12,22€ / L || 
2,26 € || 
Asperges blanches miniatures, cueillies main || Le pot de 190g || Origine : FRANCE || Rincer puis égoutter et déguster selon vos envies. || Asperges blanches pelées, eau, sel, acidifiant : acide citrique. || A conserver à l'abri de la chaleur, de l'humidité et de la lumière. A consommer rapidement après ouverture. || 
13,64€ / Kg || 
1,50 € || 
########
########
########
########
########
########
########
Chair de tomates, au basilic || La boîte de 400g || Origine : FRANCE || Préparée à partir de tomates fraîchement récoltées, la chair de tomates au basilic MONOPRIX apportera une petite note de fraîcheur à tous vos plats. || Vous pouvez utiliser cette chair de tomates sur les plats à assaisonner ou bien la faire réchauffer.A  LA CASSEROLE : Faites réchauffer 5 minutes à feu très doux ou 8 minutes au bain marie (boite ouverte).AU FOUR À MICRO-ONDES : Versez dans un bol adapté, couvrez et faites réchauffer 2 minutes à puissance maximale (pour un four ayant une puissance restituée de 750 Watts) || Pulpe de tomates 88% , purée de tomates 8%,sel, amidon modifié de maïs, sucre, huile d'olive vierge extra, basilic déhydraté 0,1%, arôme naturel basilic. || Valeur énergétique en Joules :  179Kj || Valeur énergétique en Kcal : 42Kcal || Glucides : 7,3g || Lipides : 0,8g || Protides :1,5g || A conserver à température ambiante, à l'abri de l'humidité et des fortes variations de température. || 
2,80€ / Kg || 
1,12 € || 
Chair de tomates, Provence || La boîte de 400g || Origine : FRANCE || Préparée à partir de tomates fraîchement récoltées, la chair de tomates MONOPRIX accommodera à merveille tous vos plats. || Vous pouvez utiliser cette chair de tomates telle quelle sur les plats à assaisonner ou bien la faire réchauffer. A LA CASSEROLE : Faites réchauffer 5 minutes à feu très doux ou 8 minutes au bain marie (boîte ouverte).  AU FOUR A MICRO-ONDES : Versezdans un bol adapté, couvrez et faites réchauffer 2 minutes à puissance maximale (pour un four ayant une puissance restituée de 750 Watts). || Pulpe de tomates 90%, purée de tomates 8%, amidon modifié de maïs, sucre, sel. || Valeur énergétique en Joules :  161Kj || Valeur énergétique en Kcal : 38Kcal || Glucides : 7,3g || Lipides : 0,3g || Protides :1,5g || A conserver à température ambiante, à l'abri de l'humidité et des fortes variations de température. || 
3,43€ / Kg || 
1,37 € || 
########
########
########
########
########
########
########
########
Coeurs de palmier sauvage, certifié AB || Le bocal de 400g || Origine : FRANCE || Monoprix a sélectionné pour vous, avec des entreprises partenaires, des produits issus de l'agriculture biologique. Leurs modes de production et de transformation sont contrôlées et certifiés par un organisme indépendant, conformément à la réglementation en vigueur. || Rincez avant utilisation. || Coeurs de palmier sauvage*, eau, sel, acidifiant : acide citrique. *Ingrédient issu de l'agriculture biologique. || Valeur énergétique en Joules :  93Kj || Valeur énergétique en Kcal : 22kcal || Glucides : 2,3g || Lipides : Traces || Protides :2,3g || A conserver à température ambiante. Après ouverture, à conserver au réfrigérateur et à consommer rapidement. || 
17,72€ / Kg || 
4,43 € || 
########
########
########
########
Epinards en branches || La boîte de 265g net égoutté || Origine : FRANCE || Versez le contenu de la boite dans une passoire et égouttez. Les épinards se préparent ensuite selon le goût : au beurre ou accompagnés d'un jus de viande, de lait, de crème ou de bouillon. || Epinards, eau, sel. || Valeur énergétique en Joules :  91Kj || Valeur énergétique en Kcal : 22KCal || Glucides : 1,8g || Lipides : 0,4g || Protides :2,7g || A conserver à température ambiante, à l'abri de l'humidité et des fortes variations de température. || 
2,91€ / Kg || 
0,77 € || 
Epinards Hachés || La boîte de 395g || Origine : FRANCE || Versez le contenu de la boîte dans une casserole. Liez avec une noix de beurre, assaisonnez suivant le goût, chauffez à feu moyen en évitant de laisser attacher. Servez avec un jus de viande, de la crème ou garnissez avec des oeufs et des croûtons dorés. || Epinards, sel. || Valeur énergétique en Joules :  174Kj || Valeur énergétique en Kcal : 41Kcal || Glucides : 4,7g || Lipides : 0,3g || Protides :4,9g || A conserver à température ambiante, à l'abri de l'humidité et des fortes variations de température. || 
1,95€ / Kg || 
0,77 € || 
Flageolets verts extra-fins || La boîte de 400g || Origine : FRANCE || Versez le contenu de la boîte dans une casserole. Faites chauffer à feu doux avec un morceau de beurre sans laisser bouillir. Assaisonnez selon le goût. || Flageolets verts, eau, sel, affermissant : chlorure de calcium. || Valeur énergétique en Joules :  293Kj || Valeur énergétique en Kcal : 70KCal || Glucides : 11,7g || Lipides : 0,3g || Protides :4,9g || A conserver à température ambiante, à l'abri de l'humidité et des fortes variations de température. || 
3,62€ / Kg || 
0,96 € || 
Flageolets verts extra-fins || La boîte de 800g || Origine : FRANCE || Versez le contenu de la boîte dans une casserole. Faites chauffer à feu doux avec un morceau de beurre sans laisser bouillir. Assaisonnez selon le goût. || Flageolets verts, eau, sel, affermissant : chlorure de calcium. || Valeur énergétique en Joules :  293Kj || Valeur énergétique en Kcal : 70KCal || Glucides : 11,7g || Lipides : 0,3g || Protides :4,9g || A conserver à température ambiante, à l'abri de l'humidité et des fortes variations de températures. || 
2,68€ / Kg || 
1,42 € || 
########
########
########
########
########
########
########
########
Haricots blancs préparés || Le pot de 660g || Origine : FRANCE || Versez le contenu du bocal dans une casserole. Réchauffez à feu doux pendant 5 minutes. A consommer seul ou avec des saucisses, viandes grillées ou rôties. || Haricots blancs secs trempés, eau, sel, arômes || Conservation : à température ambiante, à l'abri de l'humidité et de la chaleur. || 
2,89€ / Kg || 
1,14 € || 
########
########
########
########
########
########
########
########
########
Foie gras de canard || La boîte de 130g || Origine : FRANCE || Pour 2/3 personnes. || Foie gras de canard, eau, sel, Armagnac, poivre, sucre, antioxygène : acide ascorbique (E 300), conservateur : nitrite de sodium (E 250). || Valeur énergétique en Joules :  0 || Valeur énergétique en Kcal : 0 || Glucides : 0 || Lipides : 0 || Protides :0 || 
70,15€ / Kg || 
9,12 € || 
########
########
Pâté de foie || Le 2 boîtes, 156g || Origine : FRANCE || Pâte de foie qualité supérieure. || Mettre au frais une demi-heure avant ouverture. || Gras de porc frais, foie de porc frais 28%, eau, viande de porc fraîche, oignons, sel, protéines de lait, concentré de tomates, sucre, poivre, lait écrémé en poudre, lactose, épices, dextrose de blé, antioxydant : acide ascorbique, lactosérum, conservateur : nitrite de sodium. || Valeur énergétique en Joules :  1467kj || Valeur énergétique en Kcal : 355kcal || Glucides : 1,3g || Lipides : 34g || Protides :11g || Avant ouverture, à conserver à température ambiante. Après ouverture, à conserver au réfrigérateur et à consommer rapidement. || 
6,86€ / Kg || 
1,07 € || 
########
########
########
########
########
########
########
########
Terrine de canard à l'échalote || Le pot de 90g || Origine : FRANCE || Servir frais. || Viande de canard 25%, gras de porc, foie de poulet, viande de porc, oignon, échalote 3,5%, gras de canard 1,5%, sel, poivre, coriandre, muscade. || Valeur énergétique en Joules :  1129kj || Valeur énergétique en Kcal : 273kcal || Glucides : 0,7g || Lipides : 24g || Protides :13g || A conserver dans un endroit sec et frais. Après ouverture, à conserver au réfrigérateur et à consommer sous 48 heures. || 
13,11€ / Kg || 
1,18 € || 
########
########
########
########
########
########
########
Terrine veg legumes du soleil bio || La boite de 125g || Origine : ALLEMAGNE || Spécialité végétale à tartiner aux légumes. || Levure*, huile de tournesol*, poivrons rouges* (12.5%), eau, amidon de pomme de terre*, purÍe de tomates* (8%), aubergines* (4.5%), courgettes* (4.5%), tomates* (3%), huile d?olive*, sel de mer, oignons*, Ípices* (ail en poudre*, paprika*, poivre blanc*), fines herbes* (origan*, romarin*, thym*) || Valeur énergétique en Joules :  870 || Valeur énergétique en Kcal : 210 || Glucides : 9 || Lipides : 16.5 || Protides :4.5 || Après ouverture, à conserver au réfrigérateur et à consommer rapidement. || 
29,12€ / Kg || 
3,64 € || 
Terrine veg legumes du soleil bio || La boite de 125g || Origine : ALLEMAGNE || Spécialité végétale à tartiner aux légumes. || Levure*, huile de tournesol*, poivrons rouges* (12.5%), eau, amidon de pomme de terre*, purÍe de tomates* (8%), aubergines* (4.5%), courgettes* (4.5%), tomates* (3%), huile d?olive*, sel de mer, oignons*, Ípices* (ail en poudre*, paprika*, poivre blanc*), fines herbes* (origan*, romarin*, thym*) || Valeur énergétique en Joules :  870 || Valeur énergétique en Kcal : 210 || Glucides : 9 || Lipides : 16.5 || Protides :4.5 || Après ouverture, à conserver au réfrigérateur et à consommer rapidement. || 
29,12€ / Kg || 
3,64 € || 
########
########
Terrine du berger au brocciu et à la menthe || La verrine de 140g || Origine : FRANCE || 
20,43€ / Kg || 
2,86 € || 
########
########
Pâté de foie || Les 3 boîtes, 234g || Origine : ESPAGNE || Notre cuisinier est intransigeant sur la qualité de nos recettes et des produits qui les composent. Nous avons cuisiné ce pâté de foie selon une recette traditionnelle riche en foie, gage d'une saveur et d'une onctuosité exceptionnelles. Pour varierles plaisirs, Hénaff vous propose une large gamme de recettes gourmandes : Le fameux Pâté Hénaff ainsi que des Pâtés, Rillettes, Terrines et Mousses en boîte ou en bocal élaborés avec le souci constant de l'excellence. || Gras de porc, foie de porc (34%), lait entier, oeuf entier, échalotes, sel, ail, épices, conservateur : nitrite de sodium SANS COLORANT. || 
8,63€ / Kg || 
2,02 € || 
Pâté pur porc || La boîte de 78g || Origine : FRANCE || Viande de porc (91%) dont jambon (20%), fumet, foie de porc (2.5%), sel, épices, conservateur : nitrite de sodium. || 
14,87€ / Kg || 
1,16 € || 
########
########
Gésiers de canard confit entiers || La boîte de 410g || Origine : FRANCE || GESIERS DE CANARD,GRAISSE DE CANARD, SEL. || 
13,54€ / Kg || 
5,55 € || 
########
########
Terrine au figatellu || La verrine de 110g || Origine : FRANCE || Certifié par Ecocert || Gorge de porc, foie de porc, figatellu (gorge de porc, foie de porc, maigre de porc, sel, poivre) uf entier, sel poivre, épices. || A conserver dans un endroit sec et frais de préférence à une température inférieure à +18°C. Une fois entamé, à conserver au réfrigérateur et à consommer rapidement. || 
34,36€ / Kg || 
3,78 € || 
########
########
########
Terrine aux figues et aux noix bio || La verrine de 110g || Origine : FRANCE || Certifié par Ecocert || Gorge de porc, foie de porc, figue 8%, noix 3%,uf entier, sel, poivre, épices. || A conserver dans un endroit sec et frais de préférence à une température inférieure à +18°C. Une fois entamé, à conserver au réfrigérateur et à consommer rapidement. || 
34,36€ / Kg || 
3,78 € || 
Terrine aux olives et aux herbes du maquis bio || La verrine de 110g || Origine : FRANCE || Certifié par Ecocert || Gorge de porc, foie de porc,olive noire 8%, herbes du maquis corse 1% (romarin, népita, myrte) uf entier, sel, poivre, épices. || A conserver dans un endroit sec et frais de préférence à une température inférieure à +18°C. Une fois entamé, à conserver au réfrigérateur et à consommer rapidement. || 
34,36€ / Kg || 
3,78 € || 
########
########
########
Funghi secchi || La barquette de 20g || Origine : FRANCE || Pâte (semoule de blé dur, eau) 26%, farce (brousse, oeuf, epinards, muscade, menthe) 38%,  sauce (huile de tournesol, ail, carottes, celeris, oignons, poireaux, clou de girofle, concentré de tomate) 34%, sel, poivre. Allergènes : gluten, lait, oeuf,celeri. || A conserver entre 0°c et 3°C. || 
208,00€ / Kg || 
4,16 € || 
########
########
Blanquette de veau et riz blanc || La barquette de 300g || Origine : FRANCE || Au bain-marie : plonger entièrement la barquette fermée dans l'eau frémissante 10 minutes environ. Agiter doucement avant d'ouvrir. Au four à micro-ondes : percer l'opercule de plusieurs trous. Placer la barquette au centre du micro-ondes. Réchauffer2 minutes à puissance maximale (pour n four d'une puissance de 750 Watts). Agiter doucement et attendre 2 minutes avant d'ouvrir. Au four traditionnel : ouvrir la barquette, la renverser dans un plat allant au four. Faire chauffer à 220°C (thermostat 7) pendant 20 minutes. || Grand compartiment 175g : viande de veau barattée 46% (viande de veau, stabilisants : diphosphate disodique t triphosphate pentasodique), eau, champignons 5,7% (champignons, sel, acidifiant : acide citrique, antioxydant : acide ascorbique), carottes5,7%, crème légère (crème, stabilisant : carraghénanes), vin blanc, huile de tournesol oléique, amidon transformé de maïs, beurre demi-sel (crème pasteurisée, sel, ferment lactique), fond de veau (sirop de glucose, arômes, amidon de blé, épices et plantes aromatiques, arômes naturels, sel, épaississant : farine de graines de caroube, sucre, viande de veau déshydratée, colorant : caramel ammoniacal, dont céleri, blé et lait), sel, sirop de glucose, spécialité au citron (eau, jus concentrés de citron et d'orange, pulpe de citron, acidifiant : acide citrique, extrait naturel de citron), sucre, protéines de lait, ail, poivre. Pourcentages exprimés par rapport au grand compartiment. Petit compartiment 125g : riz cuit 97%, huile de colza, sel. Contient des sulfites. || Valeur énergétique en Joules :  462Kj || Valeur énergétique en Kcal : 110Kcal || Glucides : 14g || Lipides : 2,6g || Protides :7g || A conserver dans un endroit sec et tempéré avant ouverture. || 
9,27€ / Kg || 
2,78 € || 
Boeuf bourguignon, pommes de terre et petits légumes || La barquette de 300g || Origine : FRANCE || Monoprix a élaboré une gamme de plats cuisinés individuels savoureux à découvrir de jour en jour. Très pratiques, ils sont prêts à déguster en quelques minutes. Bon appétit ! || AU FOUR À MICRO-ONDES : (pour un four ayant une puissance restituée de 800 Watts). Percez le film de la barquette avec un couteau (le film passe au micro-ondes). Centrez la barquette afin qu'elle ne soit pas en contact avec les parois du four. Faitesréchauffer 2 minutes à puissance maximale de votre four micro-ondes. AU BAIN-MARIE : Plongez la barquette fermée dans l'eau frémissante pendant 10 minutes. || Préparation de viande bovine 25% (viande bovine, sirop de glucose de blé, sel, stabilisant : E457i), pommes de terre 23%, eau, carottes 11,7%, vin rouge 10% (contient des sulfites), champignons 3% (champignons, eau, sel, acidifiant : acide citrique,antioxygène : acide ascorbique), lardons 2% (poitrine de porc, sel, sucre, dextrose de blé, acidifiant : acide citrique, arôme, conservateurs : nitrite de sodium, nitrite de potassium, antioxygène : ascorbate de sodium), margarine [huiles et graissesvégétales raffinées partiellement hydrogénées (palme et colza), eau, émulsifiants : E471, sel, conservateurs : acide sorbique, acidifiant : acide citrique, arômes, colorant : E160a], oignons grelots 1,6%, amidon transformé de maïs, fond de viande aromatisé [lactose, amidon transformé de maïs, sel, arômes (dont soja), graisse de poule, extrait de levure, viande de veau (3,9%), légumes (tomates, oignons), maltodextrine de blé, sucre, fécule de pomme de terre, farine de blé, colorant : E150c, épices et aromates, gélatine de porc], sel, roux blanc (farine de blé, graisse de palme hydrogénée), aromates (thym, laurier, ail), colorant : E150b, arôme (sel, oléorésine de poivre). || Valeur énergétique en Joules :  384 || Valeur énergétique en Kcal : 91 || Glucides : 7 || Lipides : 3.5 || Protides :8 || Avant ouverture, conserver à température ambiante. || 
9,27€ / Kg || 
2,78 € || 
########
########
Cassoulet || La boîte de 840g || Origine : FRANCE || A la casserole : versez le contenu de la boîte dans une casserole et réchauffez 15 mn à feu doux, en remuant de temps en temps. Au micro-ondes : versez le cassoulet dans un plat adapté, non métallique et faire chauffer 3 à 4 mn à puissance maximale. || Sauce cuisinée : eau, concentré de tomates, saindoux, amidon transformé de maïs, sel, arômes naturels. Haricots blancs réhydratés 33%. Garniture 21,4% : saucisse fumées 54% (viande de porc, gras et couenne de porc, eau, maigre de tête de porc, plasmade porc, sel, amidon de pois, stabilisant : E451, gélifiants : E407, E412, E415, sirop de glucose, arômes naturels, conservateur : E250). Viande de porc traitée en salaison 30% (viande de porc, eau, sel, stabilisant : E451, gélifiant : E407a, conservateur E250). Saucisson fumé 16% (viande de porc, gras et couenne de porc, eau, maigre de tête de porc, plasma de porc, sel, amidon de pois, stabilisant : E451, gélifiants : E407, E412, E415, sirop de glucose, arômes naturels, conservateur : E250). Traces de blé et de lait. || Valeur énergétique en Joules :  503 || Valeur énergétique en Kcal : 102 || Glucides : 12 || Lipides : 4.5 || Protides :7.8 || A conserver à température ambiante. || 
2,33€ / Kg || 
1,96 € || 
########
########
########
Chili con carne et riz blanc, certifié AB || La barquette de 300g || Origine : FRANCE || Riz précuits* 38% (riz blanc*, eau, huile de colza*, sel), eau, viande de boeuf hachée cuite* 14%, haricots rouges réhydratés* 13% (haricots rouges*, eau), concentré de tomates*, oignons* 4%, poivrons rouges* et verts* 4%, sucre*, sel, fécule de pomme de terre*, moutarde forte*, (eau, graines de moutarde brunes*, vinaigre d'alcool*, sel), épaississants: gomme de xanthane et gomme guar, cumin*, piment de Cayenne*, paprika*. Présence possible de poisson, oeuf et gluten. *ingrédients issus de l'agriculture biologique. || Au four à micro-ondes: percez l'opercule de chaque compartiment. Centrez la barquette dans le four afin qu'elle ne touche pas les parois. Faites réchauffer 2 minutes à puissance maximale. Au bain-marie: plongez la barquette fermée dans l'eau frémissante pendant 10 minutes. Passez-la sous l'eau froide pendant quelques secondes avant de retirer l'opercule pour éviter toute projection à l'ouverture. || A conserver à température ambiante. || 
11,87€ / Kg || 
3,56 € || 
Chili con carne et riz blanc, certifié AB || La barquette de 300g || Origine : FRANCE || Riz précuits* 38% (riz blanc*, eau, huile de colza*, sel), eau, viande de boeuf hachée cuite* 14%, haricots rouges réhydratés* 13% (haricots rouges*, eau), concentré de tomates*, oignons* 4%, poivrons rouges* et verts* 4%, sucre*, sel, fécule de pomme de terre*, moutarde forte*, (eau, graines de moutarde brunes*, vinaigre d'alcool*, sel), épaississants: gomme de xanthane et gomme guar, cumin*, piment de Cayenne*, paprika*. Présence possible de poisson, oeuf et gluten. *ingrédients issus de l'agriculture biologique. || Au four à micro-ondes: percez l'opercule de chaque compartiment. Centrez la barquette dans le four afin qu'elle ne touche pas les parois. Faites réchauffer 2 minutes à puissance maximale. Au bain-marie: plongez la barquette fermée dans l'eau frémissante pendant 10 minutes. Passez-la sous l'eau froide pendant quelques secondes avant de retirer l'opercule pour éviter toute projection à l'ouverture. || A conserver à température ambiante. || 
11,87€ / Kg || 
3,56 € || 
Choucroute garnie au vin blanc || La boîte de 400g || Origine : FRANCE || A la casserole : versez le contenu de la boîte dans une casserole et faites réchauffer 15 minutes environ à feu doux, tout en remuant de temps en temps. Au four à micro-ondes : disposez la choucroute dans un plat adapté, non métallique, et faites réchauffer 3 à 4 minutes à puissance maximale (pour un four à micro-ondes d'une puissance restituée de 800 watts). || Choucroute 44%. Garniture 23,7% : saucisses fumées 42,6% (viande de porc, eau, gras et couenne de porc, maigre de tête de porc, plasma de porc, amidon de pois, sel, aromates, arômes naturels, sirop de glucose, protéines de lait, stabilisant : E451, antioxydant : E300, conservateur : E250), saucisson fumé 15,2% (viandes de porc, eau, gras et couenne de porc, maigre de tête de porc, plasma de porc, amidon de pois, sel, aromates, arômes naturels, sirop de glucose, protéines de lait, stabilisant : E451, antioxydant : E300, conservateur : E250), jarret de porc traité en salaison précuit 42,2% (viande de porc, eau, sel, stabilisant : E451, conservateur : E250). Sauce : eau, vin blanc 24% (dont sulfites), sel, antioxydant : E300, arôme naturel depoivre. Pommes de terre 7,5% (pommes de terre, antioxydant : E300, conservateur : disulfite de sodium), saindoux, graines de coriandre, baies de genièvre. Traces de blé. || Valeur énergétique en Joules :  331kj || Valeur énergétique en Kcal : 80kcal || Glucides : 1,9g || Lipides : 4,1g || Protides :5,8g || A conserver à température ambiante. || 
3,48€ / Kg || 
1,39 € || 
########
Couscous Royal au poulet et merguez || La barquette de 300g || Origine : FRANCE || MONOPRIX a créé pour vous une gamme de repas, rapides à préparer pour vous faciliter la vie. Retrouvez les saveurs de la cuisine du Maghreb avec la recette de Couscous Royal MONOPRIX au poulet et merguez. Bon appétit ! || AU FOUR À MICRO-ONDES : retirez l'opercule à l'aide de la languette. Placez une cloche sur la barquette. Faites  réchauffer pendant 2 à 3 minutes à puissance moyenne (pour un four ayant une puissance restituée de 650 Watts). AU BAIN-MARIE : Plongez la barquette fermée dans l'eau frémissante pendant 15 minutes. Retirez l'opercule à l'aide de la languette. || Semoule de blé dur, poulet traité en salaison 23% (filet de poulet 19%, eau, amidon modifié de maïs, sel, fibres de blé, stabilisant : E 451, épaississant : E407a et E410), eau, merguez 8,3% (viande de boeuf, poitrine de mouton, blanc d'oeuf, mélangeépicé pour merguez (dextrose de blé, sucre, lactose, sel, épices (piment doux, coriandre, ail, graines de moutarde, fenouil, cumin, piment de Cayenne), arômes, colorant : E160c), conservateur : E250, protéines de lait), courgettes, navets, poivronsrouges 3%, huile de colza, concentré de tomates, carottes, pois chiches, céleri, épices et aromates (piment extra fort et doux, cumin, oignon, muscade), sel, amidon modifié de maïs, sucre, arômes, graisse de poulet. || Valeur énergétique en Joules :  622kj || Valeur énergétique en Kcal : 148kc || Glucides : 16g || Lipides : 4,4g || Protides :11g || A conserver à température ambiante. || 
9,23€ / Kg || 
2,77 € || 
########
########
########
########
########
########
########
########
########
Pot-au-feu, jarret de boeuf et légumes || Le pot de 800g || Origine : FRANCE || À la casserole (conseillé) : versez le contenu du bocal dans une casserole et réchauffez à feu doux 8 à 10 mm. Au micro-ondes : versez le contenu du bocal dans un récipient adapté au four à micro-ondes et réchauffez 3 à 4 minutes selon la puissance de votre four. || Bouillon 34% [eau, bouillon de boeuf déshydraté (sel, dextrose de blé, arômes (céleri), amidon de blé, huile de tournesol, maltodextrine de pomme de terre et de blé, extrait de boeuf, farine de riz, oignons en poudre, colorant : E150c, lactose), gélatine de porc, bouillon de légumes déshydratés (extrait de légumes déshydratés, arômes, sucre, sel, épices et aromates, antioxygènes : E300 et E301)], sauté de jarret de boeuf 33%, carottes 11%, poireaux 11%, navets 8,8%, oignons 2,2%. || Valeur énergétique en Joules :  346Kj || Valeur énergétique en Kcal : 83Kcal || Glucides : 2g || Lipides : 3,6g || Protides :9,6g || Garder dans un endroit sec à l'abri de la chaleur et de la lumière. || 
9,13€ / Kg || 
7,30 € || 
Potée auvergnate, jarret de porc et légumes || Le pot de 800g || Origine : FRANCE || A la casserole (conseillé) : versez le contenu du bocal dans une casserole et réchauffez à feu doux 8 à 10min. Au micro-ondes : versez le contenu du bocal dans un récipient adapté au four à micro-ondes et réchauffez 3 à 4 minutes selon la puissance de votre four. || Choux vert 27%, bouillon 21% (eau, gelée ambrée (gélatine de porc, sel, lactose, arôme naturel, colorant : E150c, acidifiant : E330)), sauté de jarret de porc saumuré 14% (sauté de jarret de porc, eau, sel, sucre, genièvre, laurier, thym, poivre, conservateur : E250), sauté d'épaule de porc saumuré 12% (sauté d'épaule de porc, eau, sel, poivre, sucre, conservateur : E250), saucisse de porc 12% (épaule de porc, sel, conservateur : E250, poivre, pulpe d'ail, boyau de porc), pomme de terre 7%, carotte 7%. || Valeur énergétique en Joules :  368Kj || Valeur énergétique en Kcal : 88KCal || Glucides : 2,4g || Lipides : 4,6g || Protides :8,4g || Garder dans un endroit sec à l'abri de la chaleur et de la lumière. || 
9,14€ / Kg || 
7,31 € || 
########
########
########
########
########
########
Saucisses lentilles || La boîte de 420g || Origine : FRANCE || A la casserole : versez le contenu de la boite dans une casserole à fond épais, couvrez et faites chauffer à feu doux en remuant de temps en temps. Au four à micro ondes : versez le contenu de la boite dans un plat adapté, non métallique, et faites chauffer 3 à 5 minutes selon la puissance du four. Bon appétit !  Casserole. Micro-ondes. || Valeur énergétique en Joules :  518 || Valeur énergétique en Kcal : 124 || Glucides : 11 || Lipides : 5.9 || Protides :6.6 || Sauce cuisinée : eau, concentré de tomates, sel, amidon transformé de pomme de terre, arôme naturel (antioxygène : E310, E320), exhausteur de goût : E621, colorant : E160c. Légumes à la mise en oeuvre 34% : lentilles trempées 29%, petits légumes 5%(carottes, oignons). Garniture à la mise en oeuvre 20.5% : saucisses pur porc fumées : viande de porc, gras de porc, gorge de porc , eau, couenne de porc, oignons, sel, liant (protéines de lupin, fibres de blé, épices), plasma de porc, stabilisants : E450 et E451, épices (dont moutarde), arôme, ail en poudre, lactose, arôme fumée, colorant : E160c, exhausteur de goût : E621, conservateur : E250. || Avant ouverture, se conserve dans un endroit sec et tempéré. || 
2,81€ / Kg || 
1,18 € || 
########
########
########
########
########
########
########
########
########
Sauce soja gratin || La brique de 20cl || Origine : FRANCE || Cette délicieuse sauce est facile à digérer et convient particulièrement aux personnes intolérantes aux lactose. Elle apportera de l'onctuosité et relèvera subtilement vos plats. || Bien agiter avant utilisation. Cette sauce est un atout indispensable pour réussir vos gratins, pâtes, pommes de terre et légumes. || *Tonyu (eau, *fèves de soja 7,6%), *farine de blé, *huiles végétales non hydrogénées (*palme et *tournesol), *amidon de blé, émulsifiant : lécithine de *tournesol, sel, *noix de muscade, épaississants : gomme guar, gomme xanthane, arômes naturel. *100% des ingrédients d'origine agricole ont été obtenus selon les règles de la production biologique. || Valeur énergétique en Joules :  433 || Valeur énergétique en Kcal : 104 || Glucides : 8.7 || Lipides : 6 || Protides :3.7 || A conserver au réfrigérateur après ouverture et à consommer rapidement. || 
7,70€ / L || 
1,54 € || 
Sauce soja gratin || La brique de 20cl || Origine : FRANCE || Cette délicieuse sauce est facile à digérer et convient particulièrement aux personnes intolérantes aux lactose. Elle apportera de l'onctuosité et relèvera subtilement vos plats. || Bien agiter avant utilisation. Cette sauce est un atout indispensable pour réussir vos gratins, pâtes, pommes de terre et légumes. || *Tonyu (eau, *fèves de soja 7,6%), *farine de blé, *huiles végétales non hydrogénées (*palme et *tournesol), *amidon de blé, émulsifiant : lécithine de *tournesol, sel, *noix de muscade, épaississants : gomme guar, gomme xanthane, arômes naturel. *100% des ingrédients d'origine agricole ont été obtenus selon les règles de la production biologique. || Valeur énergétique en Joules :  433 || Valeur énergétique en Kcal : 104 || Glucides : 8.7 || Lipides : 6 || Protides :3.7 || A conserver au réfrigérateur après ouverture et à consommer rapidement. || 
7,70€ / L || 
1,54 € || 
########
Curry jaune de légumes || La boîte de 375g || Origine : COMMUNAUT EUROPEENNE || Valeur énergétique en Joules :  289kj || Valeur énergétique en Kcal : 70kcal || Glucides : 4,7g || Lipides : 4,0g || Protides :1,3g || 
10,85€ / Kg || 
4,07 € || 
Légumes compotés pour couscous || La boîte de 375g || Origine : COMMUNAUT EUROPEENNE || Valeur énergétique en Joules :  274kj || Valeur énergétique en Kcal : 66kcal || Glucides : 6,4g || Lipides : 3,1g || Protides :1,3g || 
10,93€ / Kg || 
4,10 € || 
########
########
########
########
Filets de maquereaux marinés au muscadet et aux aromates || La boîte de 176g || Origine : FRANCE || Filets de maquereaux 60%, eau, aromates 12,5% (citron, poivron rouge, carottes, poivron vert, cornichon, oignon, coriandre, basilic, persil), vinaigres de vin blanc et d'alcool (dont sulfites), vin blanc Muscadet 2,7% (dont sulfites), sel, épices etaromates. Traces éventuelles de moutarde, lait. || Valeur énergétique en Joules :  514kj || Valeur énergétique en Kcal : 122kcal || Glucides : 0,2g || Lipides : 3,6g || Protides :22g || A conserver à température ambiante. || 
8,81€ / Kg || 
1,55 € || 
########
########
########
########
########
########
Miettes de thon à la tomate || La boîte de 80g || Origine : COTE D IVOIRE || Thon, eau, concentré de tomate (7,5%), huile de tournesol, sel, sucre, vinaigre d'alcool, poivre. || Valeur énergétique en Joules :  466kj || Valeur énergétique en Kcal : 111kcal || Glucides : 2,5g || Lipides : 5g || Protides :14g || Avant ouverture : conservez à température ambiante. Après ouverture : conservez à 4°C hors de la boîte dans un récipient hermétique et consommez dans les 24 heures. || 
10,13€ / Kg || 
0,81 € || 
########
########
########
########
########
########
########
########
########
########
########
########
########
########
########
########
########
########
########
########
########
########
########
########
########
########
########
########
########
########
########
########
########
########
########
########
########
########
########
########
########
########
########
########
########
########
########
########
########
########
########
########
########
########
########
########
########
########
########
########
########
########
########
########
########
########
########
########
########
########
########
########
########
########
########
########
########
########
########
########
########
########
########
########
########
########
########
########
########
########
########
########
########
########
########
########
########
########
########
########
########
########
########
########
########
Huile d'olive vierge extra issue de l'agriculture biologique || La bouteille de 75cl || Origine : FRANCE || Depuis 1893, de nombreuses générations ont travaillé avec passion pour préserver la Tradition des Huiles d'Olive Carapelli. Ainsi la sélection des huiles les plus précieuses a permis d'élaborer ces notes parfumées et ces saveurs si spécifiques. Carapelli Bio est une Huile d'Olive Vierge Extra obtenue de la pression exclusive d'olives biologiques, cultivées et récoltées conformément aux critères de l'agriculture biologique. || Délicatement piquante, l'Huile d'Olive Bio Vierge Extra de Carapelli s'adresse aux amateurs d'une cuisine saine et savoureuse. Sa richesse aromatique naturelle s'adapte parfaitement aux salades et marinades, et est idéale pour parfumer délicatement les poissons ou les légumes vapeurs. || Valeur énergétique en Joules :  3378kj || Valeur énergétique en Kcal : 822kcal || Glucides : 0g || Lipides : 91,3g || Protides :0g || A conserver à l'abri de la lumière et de la chaleur. || 
9,39€ / L || 
7,04 € || 
########
########
########
Huile d'olive de Provence || La bouteille de 500ml || Origine : FRANCE || Huile d'olive de catégorie supérieure obtenue directement des olives et uniquement par des procédés mécaniques. Une seule pression à froid || Huile d'olive || A conserver à l'abri de la lumière et de la chaleur || 
38,48€ / L || 
19,24 € || 
########
########
########
########
########
Huile vierge de noix de coco bio || Le bocal de 314ml || Origine : FRANCE || Extraite de la pulpe dans les quatre jours suivant la récolte, l'huile vierge de noix de coco biologique La Tourangelle participe à vos défenses naturelles. || 100% huile vierge de noix de coco bio || 
23,11€ / Kg || 
6,68 € || 
Huile vierge de noix de coco bio || Le bocal de 314ml || Origine : FRANCE || Extraite de la pulpe dans les quatre jours suivant la récolte, l'huile vierge de noix de coco biologique La Tourangelle participe à vos défenses naturelles. || 100% huile vierge de noix de coco bio || 
23,11€ / Kg || 
6,68 € || 
########
########
########
########
Vinaigre de cidre de Normandie || La bouteille de 75cl || Origine : FRANCE || Monoprix a sélectionné une gamme de vinaigres typés qui accompagneront vos plats selon vos envies. Le délicat bouquet et la légère acidité de ce vinaigre de cidre de Normandie sont parfaits pour la salade d'endive. || Vinaigre de cidre de Normandie (contient des sulfites et des protéines de lait ). || 
1,47€ / L || 
1,10 € || 
########
########
########
Vinaigre exquis aromatique et doux || La bouteille de 25cl || Origine : FRANCE || Vinaigre de Xérès, vinaigre balsamique (vinaigre de vin, moût de raisin, colorant : E150d) , vinaigre de vin rouge, épiées 0,1%. Contient des sulfites || A conserver à température ambiante || 
7,64€ / L || 
1,91 € || 
########
########
########
########
Vinaigre balsamique || La bouteille avec pulvérisateur de 20cl || Origine : FRANCE || Fabriqué à Modène au coeur du triangle d'or de la gastronomie italienne, notre vinaigre balsamique combine l'acidité du vinaigre de vin et la douceur des moûts de raisin cuits. Il révèle tout son goût, unique et délicieux, en assaisonnement de salades vertes et de crudités et en accompagnement de légumes, grillés ou cuits à la vapeur. || Nous avons équipé notre bouteille d'un pulvérisateur afin de permettre une meilleure maîtrise du dosage. || 
32,80€ / L || 
6,56 € || 
########
########
########
########
########
Vinaigre balsamique de Modène || La bouteille de 50cl || Origine : FRANCE || Le vinaigre balsamique de la région de Modène est le fruit d'un vin vieux et de moût de raison. Doux et délicatement fruité, il est idéal pour les salades, crudités, légumes vapeur ou sauces. || Vinaigre de vin, moût de raisin cuit, colorant : caramel (E150d), conservateur : E224 (sulfites). || A consommer de préférence dans les 6 mois après ouverture. || 
6,52€ / L || ##
########
########
########
########
Vinaigre de vin aromatisé noix || La bouteille de 50cl || Origine : FRANCE || La saveur fraîche et légèrement boisée du vinaigre de vin aromatisé Noix Maille est idéale pour vos salades, terrines et farces.Maître vinaigrier depuis plus de 250 ans, Maille veille à la sélection rigoureuse des meilleurs ingrédients et au parfaitéquilibre de ses recettes. || Vinaigre de vin blanc, arôme (dont caféine 0,03%). Conservateur : E224 (sulfieten). || Afin que votre vinaigre délivre tout son arôme, consommez le de préférence dans les 6 mois après ouverture. || 
4,44€ / L || 
2,22 € || 
########
########
########
########
########
########
########
########
Sauce crudités nature || La bouteille de 500ml || Origine : FRANCE || Facilitez-vous la vie avec catte savoureuse recette qui vous étonnera par son gôut doux et sa texture onctueuse. Cette sauce crudités nature est idéale pour accompagner vos salades et crudités au quotidien. || Eau,huile de tournesol,vinaigres d'alcool et de vin blanc 6,1% (dont lait),sucre,sel,jaune d'oeufs,moutarde de Dijon( eau,graines de moutarde,vinaigre d'alcool,sel,conservateur:disulfite de potassium,acidifiant:acide citrique),amidon transformé de pomme de terre,jus de citron concentré,lait entier en poudre,épaississant:gomme xanthane,acidifiant:acide lactique,conservateur:sorbate de potassium,arômes,poivre. || Valeur énergétique en Joules :  1585Kj || Valeur énergétique en Kcal : 385KCal || Glucides : 4,7g || Lipides : 40g || Protides :1,5g || A conserver au réfrigérateur aprés ouverture et à consommer dans le mois qui suit. || 
2,76€ / L || 
1,38 € || 
########
########
Vinaigrette aux fines herbes || La bouteille de 500ml || Origine : FRANCE || Savoureuse et légère, la vinaigrette Monoprix a 3 fois moins de matières grasses qu'une vinaigrette classique. || Eau,huile de tournesol 25%,vinaigres d'alcool et de vin blanc(dont lait),moutarde de dijon(eau,graines de moutarde,vinaigre d'alcool,sel,conservateur:disulfite de potassium,acidifiant:acide citrique),fines herbes 2,5%(estragon,cerfeuil,persil),sel,amidon tranformé de pomme de terre,sucre,jus de citron concentré,épaississant:gomme xanthane,colorant:béta carotène,arômes,poivre. || Valeur énergétique en Joules :  983kj || Valeur énergétique en Kcal : 239kcal || Glucides : 0,6g || Lipides : 26g || Protides :0,6g || A conserver au frais au réfrégérateur après ouverture et à consommer dans le mois qui suit .. || 
2,32€ / L || 
1,16 € || 
########
########
Huile d'olive 75%, vinaigre balsamique et arôme truffe || La bouteille de 20cl || Origine : FRANCE || Bien agiter la bouteille avant utilisation. En assaisonnement d'une salade de pommes de terre, d'une salade de riz ou d'une salade gourmande à base de foie gras et de filets de canard fumés. || Huile d'olive vierge extra 75%, vinaigre balsamique de Modène 23% (vinaigre de vin 6°, moût de raisin cuit, caramel E150d), arôme naturel de truffe 2%. Contient des sulfites. || Consommer rapidement après ouverture. Une pellicule blanche est susceptible de se former entre l'huile et le vinaigre. Il s'agit d'un phénomène normal qui n'altère pas la qualité du produit. || 
29,70€ / L || 
5,94 € || 
########
########
Huile d'olive 75% et vinaigre balsamique || La bouteille de 20cl || Origine : FRANCE || Bien agiter la bouteille avant utilisation. Convient à l'assaisonnement des crudités et aux salades méditerranéennes. || Huile d'olive vierge extra 75%, vinaigre balsamique 25% (vinaigre de vin, moût de raisin cuit, caramel E150d). Contient des sulfites. || Consommer rapidement après ouverture. Une pellicule blanche est susceptible de se former entre l'huile et le vinaigre. Il s'agit d'un phénomène normal qui n'altère pas la qualité du produit. || 
27,20€ / L || 
5,44 € || 
Passion-gingembre, riche en oméga 3 || Le flacon souple de 250ml || Origine : FRANCE || Elle relève finement la chicorée à feuilles rouges ou la laitue iceberg et apporte une touche de chef aux salades vertes accompagnées de fruits exotiques, de volaille ou de fruits de mer. || Vinaigre à la pulpe de fruit de la passion 43,4% (vinaigre d'alcool, pulpe de fruit de la passion 43%, sucre cristal, pectine de pomme), huile de colza, huile d'olive vierge extra 23%, oeuf, extrait naturel de gingembre 1%, extrait naturel de poivre1%, stabilisants : gomme de xanthane et de guar. || Valeur énergétique en Joules :  2196kj || Valeur énergétique en Kcal : 541kcal || Glucides : 11g || Lipides : 55g || Protides :traces || Après utilisation, bien reboucher et conserver au réfrigérateur. || 
22,60€ / L || 
5,65 € || 
########
########
########
########
Sauce crudités bulgare, concombre, ail aneth || Le flacon de 290ml || Origine : FRANCE || Retrouvez tout le bon goût frais et velouté d'une sauce recette bulgare. Une texture légère et onctueuse idéale pour toutes vos crudités et salades. || Servez la sur vos pâtes, sur un poisson ou sur des pommes de terre chaudes. || Eau, huile de tournesol 28%, lait fermenté, vinaigre, jus de citron à base de concentré), sucre, concombre 2%, sel, épaississants E1422, gomme xanthane, aneth 1%, ail 0,7%, jaune d'oeuf, conservateur E202, antioxygène E385. || Valeur énergétique en Joules :  1150lk || Valeur énergétique en Kcal : 278kcal || Glucides : 6,2g || Lipides : 27,7g || Protides :1,2g || A consommer dans le mois qui suit l'ouverture. A conserver au réfrigérateur après ouverture. || 
7,83€ / L || 
2,27 € || 
########
Sauce crudités nature, bouchon verseur || La bouteille de 290g || Origine : FRANCE || Avec la sauce crudités de Bénédicta, apportez une touche de gourmandise et de finesse en accompagnement de vos assiettes de crudités et salades composées.Grâce à sa texture onctueuse, vous pourrez aussi varier les plaisirs en agrémentant les viandesfroides, les légumes vapeurs ainsi que des sandwichs chauds ou froids || Avant toute utilisation : retirez l'opercule, refermez le bouchon, agitez avant l'emploi. Grâce à sa texture onctueuse, vous pourrez aussi varier les plaisirs en agrémentant les viandes froides, les légumes vapeurs ainsi que des sandwichs chauds ou froids || Eau, huile végétale, lait fermenté, vinaigre de vin blanc, moutarde de Dijon (eau, graines de moutarde, vinaigre d'alcool, sel), vinaigre d'alcool, sucre, sel, jaunes d'oeufs, amidon transformé, stabilisants : gomme xanthane, pectine. || Valeur énergétique en Joules :  1180Kj || Valeur énergétique en Kcal : 282KCal || Glucides : 4,4g || Lipides : 29,5g || Protides :0,9g || Se conserve 1 mois au réfrigérateur après ouverture. || 
5,76€ / Kg || 
1,67 € || 
Sauce salade huile d'olive et pointe de basilic || Le flacon de 290g || Origine : FRANCE || Ce mariage de saveurs, dans la pure tradition méditerranéenne, vous fera retrouver la richesse et la subtilité de l'huile d'olive délicatement relevée d'une pointe de basilic. || Avant la première utilisation : retirez l'opercule, refermez le bouchon, agitez avant emploi et à chaque utilisation. || Eau, huile de colza, vinaigre d'alcool, sucre, concentrÍ de tomates, ail, huile d'olive (1.5%), basilic (0.4%), thym, jaunes d'oeuf, sel, amidon transformÍ, ar«mes, Ípaississant (gomme xanthane) acidifiant (acide lactique), conservateur (sorbate de potassium) || Valeur énergétique en Joules :  1092kj || Valeur énergétique en Kcal : 265kcal || Glucides : 5,5g || Lipides : 26g || Protides :0,4g || Se conserve un mois au réfrigérateur après ouverture. || 
6,21€ / Kg || 
1,80 € || 
########
Vinaigrette légère vinaigre balsamique & saveur basilic || Le flacon de 450ml || Origine : FRANCE || Une vinaigrette savoureuse & équilibrée élaborée avec de l'huile ISIO 4. || 
7,04€ / L || 
3,17 € || 
########
########
########
########
########
########
########
Vinaigre balsamique de Modène et pointe d'orange || La bouteille de 36cl || Origine : FRANCE || Son secret : un vinaigre balsamique de Modène sélectionné pour son caractère et sa douceur, subtilement relevé d'une touche fruitée d'orange. || Bien agiter avant chaque utilisation. Idéale pour vos salades vertes ou de tomates, cette recette de vinaigrette vous étonnera par son goût riche et raffiné. || Huile végétale, eau, vinaigre balsamique 15% (vinaigre de vin, moûts de raisin, colorant : caramel E150d, conservateur : E224, sulfites), vinaigres de vin blanc et rouge (dont sulfites), huile d'olive vierge extra, sucre, sel, jus d'orange concentré(1%), épaississants (E407, E415), épices, arôme. || Valeur énergétique en Joules :  1640kj || Valeur énergétique en Kcal : 400kcal || Glucides : 6,6g || Lipides : 40g || Protides :0,1g || Se conserve au réfrigérateur 1 mois après ouverture. || 
8,86€ / L || 
3,19 € || 
Vinaigre huile de sésame et soja || Le bocal de 36cl || Origine : FRANCE || Faites sensation avec cette recette de vinaigrette aux saveurs sucrées-salées envoûtantes. Les graines de sésame noires et torréfiées mêlées apporteront une touche de croquant inédite pour sublimer toutes vos salades. || Bien agiter avant chaque utilisation. || Huile de tournesol 36%, vinaigres de vin rouge et de vin blanc, eau, sauce soja 12% (eau, graines de soja, blé, sel), sucre, huile de sésame 4%, graines de sésame torréfiées 1,4%, graines de sésame noires 0,6%, épaississants : gomme xanthane et carraghénanes, gingembre, paprika, jalapeno. || Valeur énergétique en Joules :  1700kj || Valeur énergétique en Kcal : 410kcal || Glucides : 7g || Lipides : 41g || Protides :6g || Se conserve au réfrigérateur 1 mois après ouverture. || 
9,70€ / L || 
3,50 € || 
########
########
Vinaigrette légère, vinaigre de vin rouge, échalotes, pointe d'oignon rouge || La bouteille de 36cl || Origine : FRANCE || Idéale pour vos salades vertes ou de concombres, cette recette de vinaigrette vous étonnera par son caractère authentique et gourmand. Son secret : un vinaigre de vin rouge sélectionné pour sa puissance aromatique, subtilement relevé d'une touche d'échalotes et d'oignon rouge. || Bien agiter avant chaque utilisation. || Se conserve au réfrigérateur 1 mois après ouverture. || 
8,94€ / L || 
3,22 € || 
########
########
########
########
########
########
########
Coquillette aux oeufs frais || Le paquet de 250g || Origine : FRANCE || Temps de cuisson : 6min. dans 2l d'eau bouillante salée pour 250g de pâtes. || Semoule de blé dur de qualité supérieure, oeufs frais 30%, soit 320g par kilo de semoule. Traces éventuelles de soja et lait. || A conserver à l'abri de la chaleur et de l'humidité. || 
5,24€ / Kg || 
1,31 € || 
########
########
Coquillettes au blé intégral, certifié AB || Le paquet de 500g || Origine : FRANCE || Cuisson à l'eau bouillante salée. Al Dente: 6 à 7 minutes. Fondantes: 8 minutes. || Semoule de blé dur complet issu de l'agriculture biologique. Traces éventuelles d'oeufs. || Valeur énergétique en Joules :  1504Kj || Valeur énergétique en Kcal : 355Kcal || Glucides : 70g || Lipides : 2,5g || Protides :13g || A conserver dans un endroit frais et sec. || 
2,12€ / Kg || 
1,06 € || 
########
########
########
########
Farfalle au blé intégral, pâtes alimentaires Bio || Le paquet de 500g || Origine : FRANCE || Source de fibres. A base de grains de blé entiers. || Cuisson à l'eau bouillante salée. Al Dente: 11 à 12 min. Fondantes: 14min. || Semoule de blé dur complet issu de l'agriculture biologique. Traces éventuelles d'oeufs. || Valeur énergétique en Joules :  1504Kj || Valeur énergétique en Kcal : 355Kc || Glucides : 70g || Lipides : 2.5g || Protides :13g || A conserver dans un endroit frais et sec. || 
2,94€ / Kg || 
1,47 € || 
########
########
########
########
########
Penne au blé intégral, pâtes alimentaires, certifié AB || Le paquet de 500g || Origine : FRANCE || Source de fibres. A base de grains de blé entiers. || Cuisson à l'eau bouillante salée. Al dente : 9 à 10 min. Fondantes : 11 min. Casserole. || Semoule de blé dur complet issu de l'agriculture biologique. Traces éventuelles d'oeufs. || Valeur énergétique en Joules :  1504Kj || Valeur énergétique en Kcal : 355KCal || Glucides : 70g || Lipides : 2,5g || Protides :13g || A conserver dans un endroit frais et sec. || 
2,58€ / Kg || 
1,29 € || 
########
########
Penne  rigate || Le paquet de 1kg || Origine : FRANCE || Pâtes alimentaires de qualité supérieure. || Al Dente : 9 min pour 70 g de pâtes sèches. || Semoule de blé dur de qualité supérieure. Traces d'oeufs si le numéro de lot contient la lettre N. || Valeur énergétique en Joules :  1531kj || Valeur énergétique en Kcal : 361kcal || Glucides : 72g || Lipides : 2g || Protides :12g || A conserver dans un endroit sec à l'abri de la chaleur. || 
1,64€ / Kg || 
1,64 € || 
########
Petits nid, aux oeufs frais || Le paquet de 250g || Origine : FRANCE || Temps de cuisson : 6 min dans 2 l d'eau bouillante et salée pour 250 gr de pâtes. || semoule de blé dur de qualité supérieure, oeufs frais 30%, soit 320g par kilo de semaine. Trace éventuelles de soja et de lait. || A conserver à l'abri de la chaleur et de l'humidité. || 
5,64€ / Kg || 
1,41 € || 
Petits nids, aux oeufs frais || Le paquet de 250g || Origine : FRANCE || Temps de cuisson : 6min. dans 2L d'eau bouillante salée pour 250g de pâtes. || Semoule de blé dur de qualité supérieure, oeufs frais 30% soit 320g par kg de semoule. Traces éventuelles de soja et de lait. || Valeur énergétique en Joules :  0 || Valeur énergétique en Kcal : 0 || Glucides : 0 || Lipides : 0 || Protides :0 || A conserver à l'abri de la chaleur et de l'humidité. || 
5,56€ / Kg || 
1,39 € || 
########
Spaghetti, pâtes alimentaires de qualité supérieure, certifié AB || Le paquet de 500g || Origine : FRANCE || Monoprix a sélectionner pour vous, avec des entreprises partenaires, des produits issus de l'agriculture biologique. Leurs modes de production et de transformation sont contrôlés et certifiés par un organisme indépendant conformément à la réglementation en vigueur. Les producteurs emploient des fertilisants respectueux de l'environnement et pratiquent la rotation des cultures afin de garder des sols vivants et une fertilité durable. || Versez les pâtes dans un grand volume d'eau bouillante salée (1 litre d'eau pour 100g de pâtes). Remuez, puis laissez cuire à découvert 7 à 8 min. Egouttez, assaisonnez selon votre goût. || Semoule de blé dur* de qualité supérieure. Présence possible d'oeuf, de soja et de lait. *Ingrédient issu de l'agriculture biologique. || Valeur énergétique en Joules :  1445Kj || Valeur énergétique en Kcal : 341Kcal || Glucides : 70g || Lipides : 1,7g || Protides :11,3g || A conserver à l'abri du soleil et de l'humidité. || 
2,90€ / Kg || 
1,45 € || 
########
Spaghetti al dente de qualité supérieure || La boîte de 1kg || Origine : FRANCE || Les pâtes MONOPRIX de qualité  supérieure sont fabriquées à partir de blés durs rigoureusement sélectionnés. Elles ont une tenue parfaite à la cuisson  et leur couleur dorée saura satisfaire toutes vos envies || Règle d'or de la cuisson des pâtes : Comptez au minimum 1 litre d'eau pour 100 g de pâtes. Versez les pâtes dans l'eau salée bouillante. Laissez cuire à grand feu en respectant le temps de cuisson. Remuez de temps en temps. Goûtez les pâtes en fin decuisson, égouttez et assaisonnez suivant votre convenance. || Semoule de blé dur de qualité supérieure. || Valeur énergétique en Joules :  1531Kj || Valeur énergétique en Kcal : 361Kcal || Glucides : 72g || Lipides : 2g || Protides :12g || A conserver à l'abri de la chaleur et de l'humidité || 
0,97€ / Kg || 
0,97 € || 
########
Spaghetti complets || Le paquet de 500g || Origine : FRANCE || Ces spaghetti complets sont fabriqués à partir de semoule de blé dur complète. Celle-ci est obtenue à partir de grains de blé dont l'enveloppe protectrice, concentrant de nombreux éléments nutritionnels, a été conservée. De là viennent leur goût de céréales prononcé et leur belle couleur brune, qui en font un accompagnement original et facile à préparer pour tous vos plats. || Versez les pâtes dans un grand volume d'eau bouillante salée (1 litre d'eau pour 80 g de pâtes). Remuez en cours de cuisson tout en maintenant l'ébullition. Egouttez. Temps de cuisson : 9 à 11 minutes. Pour les rendre encore plus savoureuses, vous pouvez accompagner ces pâtes issues de l'agriculture biologique d'une simple noix de beurre,ou les agrémenter par exemple de quelques légumes cuisinés (courgettes, aubergines, ratatouille...). Quantité moyenne de pâtes crues suggérée par personne : 80g. || Semoule complète de blé dur issue de l'agriculture biologique. || Valeur énergétique en Joules :  1521kj || Valeur énergétique en Kcal : 359kc || Glucides : 72g || Lipides : 2,5g || Protides :12g || A conserver à l'abri de la chaleur et de l'humidité || 
2,88€ / Kg || 
1,44 € || 
########
########
########
Torsade aux oeufs frais || Le paquet de 250g || Origine : FRANCE || Temps de cuisson : 7min. Dans 2L d'eau bouillante salée pour 250g de pâtes. || Semoule de blé dur de qualité supérieure, oeufs frais 30% soit 320g par kg de semoule. Trace éventuelles de soja ou de lait. || Valeur énergétique en Joules :  0 || Valeur énergétique en Kcal : 0 || Glucides : 0 || Lipides : 0 || Protides :0 || A conserver à l'abri de la chaleur et de l'humidité. || 
5,56€ / Kg || 
1,39 € || 
########
########
Torti de qualité supérieure || Le paquet de 500g || Origine : FRANCE || Pâtes alimentaires de qualité supérieure. || Temps de cuisson : 7min pour 70g de pâtes al dente. || Semoule de blé dur de qualité supérieure. Traces d'oeufs si le numéro de lot contient la lettre N. || Valeur énergétique en Joules :  1531Kj || Valeur énergétique en Kcal : 361KCal || Glucides : 72g || Lipides : 2g || Protides :12g || A conserver au sec. || 
1,40€ / Kg || 
0,70 € || 
########
Cannelloni || Le paquet de 250g || Origine : ITALIE || Semoule de blé dur de qualité supérieure. || Valeur énergétique en Joules :  1487kj || Valeur énergétique en Kcal : 356KCal || Glucides : 72,7g || Lipides : 1,5g || Protides :11,5g || 
6,16€ / Kg || 
1,54 € || 
########
########
Cellentani || La boîte de 500g || Origine : FRANCE || Pâtes alimentaires de qualité supérieure. || Modalité de cuisson pour 100g de pâtes : 1 litre d'eau, 7g de sel. Faire bouillir l'eau et ajouter le sel. Verser les pâtes et remuer de temps en temps. Temps de cuisson 10 min. Egoutter les pâtes. || Semoule de blé dur de qualité supérieure, eau. Peut contenir des traces d'oeufs. || Valeur énergétique en Joules :  1511kj || Valeur énergétique en Kcal : 356kcal || Glucides : 72,2g || Lipides : 1,5g || Protides :12,0g || Conserver dans un endroit frais et sec. || 
2,90€ / Kg || 
1,45 € || 
Coquillettes, sans gluten || Le paquet de 400g || Origine : FRANCE || Une recette exclusive à base de farines de maïs blanc, de maïs jaune, et de riz, pour de délicieuses coquillettes sans gluten, et toujours de qualité et le goût Barilla. C'est grâce à une sélection rigoureuse et au savoir-faire unique de Barilla quesont nées les Coquillettes sans gluten Barilla. || Farine de maïs blanc (65%), farine de maïs jaune (29,5%), farine de riz (5%), eau, émulsifiant : mono-et diglycérides d'acides gras d'origine végétale. || Valeur énergétique en Joules :  1524kj || Valeur énergétique en Kcal : 359kcal || Glucides : 78,7g || Lipides : 1,8g || Protides :6,5g || 
6,03€ / Kg || 
2,41 € || 
########
########
Farfalline n°59, pâtes alimentaires || La boîte de 500g || Origine : ITALIE || Pour 100g de pâtes : 1 litre d'eau, 10g de sel. Faire bouillir l'eau et ajouter le sel. Verser les pâtes et remuer de temps en temps. Temps de cuisson 8min. Egoutter les pâtes. || Semoule de blé dur de qualité supérieure. || Valeur énergétique en Joules :  1487Kj || Valeur énergétique en Kcal : 356KCal || Glucides : 73,2g || Lipides : 1,5g || Protides :11g || 
2,62€ / Kg || 
1,31 € || 
########
Lasagnes aux oeuf, sans pré-cuisson || Le paquet de 500g || Origine : ITALIE || Assaisonnez et passez au four. Les lasagnes Barilla sont façonnées selon les règles de l'art afin que votre sauce et votre béchamel s'y imprègne parfaitement sans avoir besoin de pré cuisson. Pour obtenir un plat idéal, il suffit d'alterner feuille de lasagne, sauce puis béchamel très liquide et de faire cuire l'ensemble 20min. || Semoule de blé dur, oeufs (19.36%). || Valeur énergétique en Joules :  1524Kj || Valeur énergétique en Kcal : 365KCal || Glucides : 68,1g || Lipides : 3,5g || Protides :14g || 
3,66€ / Kg || 
1,83 € || 
########
Mousseline de céleri à la crème fraîche || Le pot de 380g || Origine : FRANCE || Ce légume méconnu à la saveur légèrement piquante se marie à merveille avec les poissons blancs et avec des fruits de mer, tels les noix de Saint-Jacques ou les coques. || A la casserole ou au bain-marie : réchauffer à feu doux, bocal ouvert. Au four à micro-ondes : ouvrir le bocal, le recouvrir d'un film étirable percé. Réchauffer 5 minutes pour un four ayant une puissance restituée de 800 Watts. Remuer pour bien diffuser la chaleur, déguster. || Céleri 80%, crème fraîche 10%, beurre, sel, extrait naturel de poivre. || Valeur énergétique en Joules :  403Kj || Valeur énergétique en Kcal : 96Kcal || Glucides : 1,2g || Lipides : 8g || Protides :5,1g || A conserver à température ambiante, à l'abri de l'humidité. || 
8,82€ / Kg || 
3,35 € || 
Mousseline de petits pois aux asperges à la crème fraîche || Le pot de 380g || Origine : FRANCE || Avec des pigeonneau pour une  recette qui fleure  bon le terroir  ou enacconpagnement  d'un risotto bien crémeux si l'Italie vous Inspire. || Petits pois 63%,eau, crème fraîche 7,9%, asperges 5,3%, beurre, sel, extrait naturel de poivre. || Valeur énergétique en Joules :  592Kj || Valeur énergétique en Kcal : 141Kcal || Glucides : 14g || Lipides : 7,4g || Protides :4,7g || A conserver à température ambiante, à l'abri de l'humidité. || 
8,82€ / Kg || 
3,35 € || 
Purée de pommes de terre en flocons || Les 4 sachets de 31,25g || Origine : FRANCE || Onctueuse et d'une belle couleur dorée, la purée de pommes de terre est facile et rapide à préparer et saura satisfaire les petits comme les grands. || A la casserole : faites chauffer dans une casserole 175 ml de liquide (moitié eau et moitié lait demi écrémé) jusqu'à ébullition. Retirez la casserole du feu et attendez 1 à 2 min. Versez les flocons en pluie tout en remuant, laissez gonfler 30 sec puis donnez un tour de cuillère. Au micro-ondes : dans un récipient, mélangez 175 ml de liquide. Versez les flocons en pluie tout en remuant, couvrez. Faites chauffer 1 à 2 min. Mélangez doucement, c'est prêt. || Pommes de terre déshydratées 99%, émulsifiant E471, stabilisant E450, antioxygène E304, conservateur E223 (sulfites), colorant E100. || Valeur énergétique en Joules :  1487kj || Valeur énergétique en Kcal : 351kcal || Glucides : 76g || Lipides : 0,6g || Protides :8g || A conserver à l'abri de la chaleur, de l'humidité et de la lumière. Conditionné sous atmosphère protectrice. || 
4,96€ / Kg || 
0,62 € || 
########
########
########
########
########
Purée de pomme de terre, sachets induviduels || Les 4 sachets de 30g || Origine : FRANCE || Le meilleur de la pomme de terre dans une purée onctueuse au goût unique, pour le plaisir de ceux que vous aimez.Pour faire cette purée, nous sélectionnons rigoureusement la qualité et l'origine Française de nos pommes de terre. Elles sont ensuite finement pelées et cuites à la vapeur pour préserver leurs qualités nutritionnelles et vous garantir une recette sans colorant ni conservateur. || Au micro-ondes (850/900 watts) : remplissez le doseur jusqu'au niveau indiqué (soit 1/3 de lait, 2/3 d'eau). Versez dans un récipient adapté au four à micro-ondes. Salez à votre convenance. Versez les flocons tout en remuant pour bien les répartir dans le liquide. Faites chauffer 1 minute à 1 minute 30. Mélangez, c'est prêt ! A la casserole : remplissez-le doseur jusqu'au niveau indiqué (soit 1/3 de lait, 2/3 d'eau). Faites chauffer dans une casserole jusqu'à ébullition. Retirez la casserole dufeu. Salez à votre convenance. Versez les flocons en une seule fois tout en remuant. Laissez reposer quelques instants. Mélangez c'est prêt ! || Pomme de terre 99%, émulsifiant : monostéarate de glycérol (d'origine végétale), antioxygène : acide ascorbique*, stabilisant : diphosphate de sodium, arômes, épice. Peut contenir des traces de lait. *acide ascorbique = vitamines C. Sans colorant niconservateur. || Valeur énergétique en Joules :  1417Kj || Valeur énergétique en Kcal : 338Kcal || Glucides : 74,3g || Lipides : 0,9g || Protides :7,1g || Conditionné sous atmosphère protectrice. || 
8,80€ / Kg || 
1,10 € || 
########
########
########
########
Tendresse de lait, purée de pommes de terre en flocons au lait, onctueuse et gourmande || Les 4 sachets, 125g || Origine : FRANCE || Le meilleur de la pomme de terre allié à la douceur du lait pour une purée unique et source de calcium. Donnez du bon à ceux que vous aimez. || Au Pour 1 assiette (1 sachet) : au four à micro-ondes (850/900 watts) : versez le lait dans le doseur jusqu'au deuxième niveau. Dans un récipient adapté au four à micro-ondes, reversez le lait. Ajoutez le contenu du sachet en mélangeant bien. Faiteschauffer 1 minute. Laissez reposer quelques instants. Salez à votre convenance. Mélangez c'est prêt. A la casserole : versez le lait dans le doseur jusqu'au deuxième niveau. Versez dans une petite casserole et faites chauffer à petite ébullition. Retirez la casserole du feu, attendez 2 minutes. Versez le contenu du sachet tout en remuant. Laissez reposer quelques instants. Salez à votre convenance. Mélangez c'est prêt. || Pommes de terre 86%, lait entier 12,5%, beurre de cuisine, émulsifiants : monostearate de glycérol (d'origine végétale), lécithine de soja, antioxygènes : acide ascorbique, stabilisant : diphosphate de sodium, arômes, épice. || Valeur énergétique en Joules :  1470Kj || Valeur énergétique en Kcal : 350Kc || Glucides : 70,6g || Lipides : 3,4g || Protides :8,5g || Conditionné sous atmosphère protectrice. || 
11,28€ / Kg || 
1,41 € || 
########
########
########
########
########
########
Riz basmati, certifié AB || Le paquet de 500g || Origine : THAILANDE || Riz basmati long grain de qualité supérieure issu de l'agriculture biologique. || Versez le riz dans un grand volume d'eau bouillante salée. Laissez cuire à feu doux 10 minutes pour un riz ferme et 12 minutes pour un riz plus moelleux. Egouttez et servez. || Riz basmati long grain de qualité supérieure issu de l'agriculture biologique. || Valeur énergétique en Joules :  1485kj || Valeur énergétique en Kcal : 350kcal || Glucides : 78g || Lipides : 0,6g || Protides :7,6g || A conserver au sec, à l'abri de la chaleur et de la lumière. Bien refermer le sachet après utilisation. Conditionne sous atmosphère protectrice. || 
5,00€ / Kg || 
2,50 € || 
Riz basmati long grain, naturellement parfumé || Le paquet de 500g || Origine : FRANCE || MONOPRIX GOURMET à la conquête de nouvelles saveurs. Le riz basmati est le plus connu des riz aromatiques. Ses grains ont un arôme proche de la noisette et restent toujours moelleux après cuisson. || Dosage : 60 g environ par personne. Cuisson traditionnelle : Verser 1 volume de riz dans 5 volumes d'eau bouillante salée. Laisser cuire à feu doux sans couvrir 10 à 12 minutes selon votre goût. Egoutter, accommoder et déguster. Cuisson pilaf : Fairerevenir 1 volume de riz dans une cuillère à soupe d'huile ou de beurre, jusqu'à ce que les grains soient translucides. Ajouter 1,5 volumes d'eau bouillante salée, couvrir et laisser cuire à feu doux jusqu'à complète absorption (environ 10 minutes). || 100% Riz basmati. Origine : Inde. || Afin de conserver toutes ses qualités, ce riz est conditionné sous atmosphère protectrice. Conserver à l'abri de la chaleur et de l'humidité. || 
4,54€ / Kg || 
2,27 € || 
########
########
########
########
########
########
########
########
Riz long blanc, certifié AB || Le paquet de 500g || Origine : FRANCE || Riz long blanc.    Issu de l'agriculture biologique. || à conserver dans un endroit sec et frais; à protéger de la chaleur || 
3,72€ / Kg || 
1,86 € || 
########
########
########
########
########
########
########
Riz thaï, certifié AB || Le paquet de 500g || Origine : THAILANDE || Riz thaï long grain de qualité supérieure issu de l'agriculture biologique. || Versez le riz dans un grand volume d'eau bouillante salée. Laissez cuire à feu doux 10 minutes pour un riz ferme et 12 minutes pour un riz plus moelleux. Egouttez et servez. || Riz thaï long grain de qualité supérieure issu de l'agriculture biologique. || Valeur énergétique en Joules :  1474kj || Valeur énergétique en Kcal : 347kcal || Glucides : 77g || Lipides : 0,8g || Protides :7,4g || A conserver au sec, à l'abri de la chaleur et de la lumière. Bien refermer le sachet après utilisation. Conditionne sous atmosphère protectrice. || 
5,00€ / Kg || 
2,50 € || 
########
Riz Thaï long grain, naturellement parfumé || Le paquet de 500g || Origine : FRANCE || MONOPRIX GOURMET à la conquête de nouvelles saveurs. Le riz thaï se distingue par sa forme fine et longue mais aussi par ses qualités aromatiques naturelles. || Conseil d'utilisation : Dosage : 60g environ par personne. Cuisson traditionnelle : Verser 1 volume de riz dans 5 volumes d'eau bouillante salée. Laisser cuire à feu doux sans couvrir 10 à 12 minutes selon votre goût. Egoutter, accommoder et déguster. Cuisson pilaf : faire revenir 1 volume de riz dans une cuillère à soupe I'huile ou de beurre, jusqu'à ce que les grains soient translucides. Ajouter 1,5 volumes d'eau bouillante salée, couvrir et laisser cuire à feu doux jusqu'à complète absorption(environ 10/12 minutes). || Riz Origine : Thaïlande. || Conserver à l'abri de la chaleur et de l'humidité. || 
4,62€ / Kg || 
2,31 € || 
########
Riz thaï naturellement parfumé, 10 minutes || Le paquet de 500g || Origine : INDE || Dosage par personne : 60g. Riz créole : versez le riz dans un grand volume d'eau bouillante salée. Laissez cuire à feu doux, 10 minutes pour un riz ferme, 12 minutes pour un riz plus moelleux. Egouttez et servez. Riz pilaf : dans une sauteuse, faitesrevenir le riz avec un peu de beurre ou d'huile. Remuez jusqu'à ce que les grains deviennent translucides. Ajoutez alors 3 volumes d'eau bouillante salée. Couvrez et laissez cuire à feu doux jusqu'à absorption du liquide. || Riz long grain Thaï de qualité supérieure. || Valeur énergétique en Joules :  1546Kj || Valeur énergétique en Kcal : 364KCal || Glucides : 80g || Lipides : 1g || Protides :8g || A conserver dans un endroit frais et sec. || 
3,20€ / Kg || 
1,60 € || 
########
########
Riz basmati || Les 5 sachets de 90g || Origine : BELGIQUE || Lustucru a sélectionné pour vous les meilleurs grains Basmati Pure Origine et vous garantit un riz sans mélange avec d'autres variétés. Grâce à Lustucru Sélection Basmati, vous êtes assurés de savourer en famille un véritable riz parfumé. || 
6,27€ / Kg || 
2,82 € || 
########
########
########
########
########
########
########
########
########
########
########
########
########
########
########
########
########
########
########
########
########
########
########
########
########
########
########
########
########
########
########
########
########
########
########
########
########
########
########
########
########
########
########
########
########
########
########
########
########
########
########
########
########
########
########
########
########
########
########
########
########
########
########
########
########
########
########
########
########
########
########
########
########
########
########
########
########
########
########
########
########
########
########
########
########
########
########
########
########
########
########
########
########
########
########
########
########
########
########
########
########
########
########
########
########
########
########
########
########
########
########
########
########
########
########
########
########
########
########
########
########
########
########
########
########
########
########
########
########
########
########
########
########
########
########
########
########
########
########
########
########
########
########
########
########
########
########
########
########
########
########
########
########
########
########
########
########
########
########
########
########
########
########
########
########
########
########
########
########
########
########
########
########
########
########
########
########
########
########
########
########
########
########
########
########
########
########
########
########
########
########
Toast brioché aux raisins pur beurre || Le paquet de 175g || Origine : FRANCE || Une fois l'emballage ouvert, tirez sur la cartonnette ondulée pour extraire vos toasts Pelletier. || 
9,94€ / Kg || 
1,74 € || 
########
Guacamole, crème d'avocat || Le pot de 200g || Origine : ISRAEL || Avocats (94%), sel, antioxydant (E-300), oignons, arômes naturels, stabilisateur (E-415), ail, acide alimentaire (acide citrique E-330), conservateurs (E-202, E-211). || Conservation : +2°C - +7°C. Après ouverture, à consommer dans les 4 jours. || 
24,05€ / Kg || 
4,81 € || 
########
########
########
########
Confit d'oignon au sucre de canne. || Le pot de 220g || Origine : FRANCE || En accompagnement de foie gras ou en assaisonnement de vos viandes. || Après ouverture, à conserver au réfrigérateur et à consommer dans les 10 jours. || 
9,95€ / Kg || 
2,19 € || 
########
Confit de mangues au sucre de canne cuit au chaudron || Le pot de 220g || Origine : FRANCE || Mangues (morceaux et purée), sucre de canne 34 g, eau, gélifiant : pectines, acidifiant : acide citrique. Présence possible de fruits à coque et lait. Préparé avec 56 g de mangues pour 100 g de produit fini. Teneur totale en sucres : 42 g pour 100 gde produit fini. || Valeur énergétique en Joules :  722kj || Valeur énergétique en Kcal : 170kcal || Glucides : 42g || A conserver au réfrigérateur après ouverture et à consommer rapidement. || 
9,95€ / Kg || 
2,19 € || 
Cornichons Aigres-doux au vinaigre || Le bocal de 680g || Origine : FRANCE || Cornichons, eau, vinaigre d'alcool, petits oignons (conservateur: disulfite de sodium), sel, sucre, épices et aromate (graines de moutarde jaune et brune, graines de coriandre, aneth), arôme. || A conserver à température ambiante avant ouverture. Après ouverture, à conserver au réfrigérateur. || 
3,06€ / Kg || 
1,10 € || 
########
########
########
########
########
Pomodori secchi, tomates séchées || Le bocal de 270g || Origine : FRANCE || Sur des toasts apéritif avec du jambon de Parme ou en lanière dans une salade au chèvre frais à l'huile d'olive. || Huile de tournesol, tomates séchées 43%, épices et aromates (ail, laurier, origan, poivre), câpres, correcteur d'acidité : acide citrique, antioxydant : acide ascorbique. || A conserver à température ambiante, à l'abri de la chaleur et de l'humidité. || 
10,07€ / Kg || 
2,72 € || 
########
Tapenade verte || Le pot de 90g || Origine : FRANCE || Sur des toasts pour un apéritif ensoleillé ou pour accompagner un gratin de tomates fraîches. || Olives vertes 79% (olives, sel, acidifiant : E330), huile d'olive, anchois salés 2.2%, câpres saumurées 1.9%, extraits de thym et de romarin. || A conserver à température ambiante, dans un endroit propre et sec. || 
30,78€ / Kg || 
2,77 € || 
Tomates séchées à l'huile d'olive || Le pot de 200g || Origine : FRANCE || Ces tomates allongées ont été séchées sous le soleil du sud de l'Italie. Réhydratés dans un court-bouillon aromatisé, elles sont rangées à la main puis confites dans un mélange d'huiles et d'herbes de Provence. || A conserver au frais entre 0 et 4°C après ouverture. || 
51,55€ / Kg || 
5,67 € || 
########
########
########
Antipasti artichauts aux herbes || Le pot de 240g || Origine : ITALIE || En apéritif, dans une salade, sur vos pâtes ou tout simplement à goûter sur le pain, laissez vous séduire par la saveur d'un repas en Italie. Dans la grande tradition gastronomique italienne, découvrez les Antipasti Carapelli, de savoureux légumes frais sélectionnés et marinés dans une huile d'olive de grande qualité. || Artichauts coupÍs 60%, huile d'olive 29%, vinaigre de vin, sel, persil, ar«mes naturels, correcteur d'aciditÍ:acide citrique. || Valeur énergétique en Joules :  440 || Valeur énergétique en Kcal : 107 || Glucides : 1,3g || Lipides : 7,2g || Protides :1,9g || A conserver au frais après ouverture. || 
21,25€ / Kg || 
5,10 € || 
########
########
########
########
Coeurs d'artichauts marinés à l'huile || Le bocal de 280g || Origine : FRANCE || Coeurs d'artichauts marinés à l'huile. || Coeurs d'artichauts marinés 62% (quarts d'artichauts, vinaigre de vin, sel, antioxydant : acide ascorbique, correcteur d'acidité : acide citrique), huile de tournesol, persil, romarin, ail. || Valeur énergétique en Joules :  634kj || Valeur énergétique en Kcal : 154kcal || Glucides : 2,3g || Lipides : 14,7g || Protides :1,5g || A conserver au réfrigérateur après ouverture et consommer dans les deux semaines qui suivent. || 
10,48€ / L || 
3,29 € || 
########
########
########
########
########
########
########
########
########
########
########
########
Pesto rosso, sauce cuisinée aux tomates séchées || Le pot de 180g || Origine : FRANCE || Cette sauce gourmande naît probablement des méthodes de conservation traditionnelles de la tomate dans le pourtour méditerranéen. On pouvait ainsi apprécier sa saveur tout au long de l'année. || Tomates séchées 42%, huile d'olive, carotte, céleri, basilic 2.5%, cacahuète 1%, noisette 1%, pignon de pin 0.6%, ail, sucre, sel, vinaigre de vin. || A conserver à l'abri de la chaleur et de l'humidité. Après ouverture, maintenir au frais et consommer rapidement. || 
12,89€ / Kg || 
2,45 € || 
########
########
########
########
Sauce bruschetta aux tomates, ricotta et olives || Le pot de 190g || Origine : FRANCE || A tartiner sur vos toasts apéritifs ou en accompagnement de vos pâtes. || Pulpe de tomates 51%, huile de tournesol, ricotta salée 13% (dont lactose), double concentré de tomate 6,8%, olives noires 3,5%, câpres 2,5%, oignons, carottes, céleri, sel, dextrose, persil, origan, correcteur d'acidité : acide citrique. || Avant ouverture, conserver à température ambiante. Après ouverture, conserver entre 0°C et +4°C et consommer rapidement. || 
14,79€ / Kg || 
2,81 € || 
Sauce cuisinée au piment fort || Le pot de 180g || Origine : FRANCE || Cette sauce doit son nom à la saveur forte et envoûtante du piment qui la caractérise. Largement présent dans la cuisine du Sud de l'Italie, il est tellement apprécié qu'on le surnomme tendrement diavulicciu (diablotin). || Pulpe de tomates 96%, huile d'olive vierge extra, ail, sel, persil, piment 0,2%. || Conserver à l'abri de la chaleur et de l'humidité. Après ouverture maintenir au frais et consommer rapidement. || 
13,67€ / Kg || 
2,46 € || 
########
########
########
########
Sauce tomate au basilic, certifié AB || Le pot de 200g || Origine : FRANCE || Réchauffée à feu doux dans une casserole ou au bain-marie. || Pulpe de tomates* 72%, concentré de tomate* 10%, oignons*, carottes* 4%, huile d'olive* vierge extra extraite à froid, basilic* 1,6%, sel de mer, ail*, sucre de canne* non raffiné. * ingrédients issus de l'agriculture biologique. || Valeur énergétique en Joules :  208Kj || Valeur énergétique en Kcal : 50kcal || Glucides : 5,8g || Lipides : 2,3g || Protides :1,5g || Conserver à température ambiante, à l'abri de la chaleur et de l'humidité. Après ouverture, conserver au frais et consommer rapidement. || 
6,80€ / Kg || 
1,36 € || 
Sauce tomate au basilic, certifié AB || Le pot de 200g || Origine : FRANCE || Réchauffée à feu doux dans une casserole ou au bain-marie. || Pulpe de tomates* 72%, concentré de tomate* 10%, oignons*, carottes* 4%, huile d'olive* vierge extra extraite à froid, basilic* 1,6%, sel de mer, ail*, sucre de canne* non raffiné. * ingrédients issus de l'agriculture biologique. || Valeur énergétique en Joules :  208Kj || Valeur énergétique en Kcal : 50kcal || Glucides : 5,8g || Lipides : 2,3g || Protides :1,5g || Conserver à température ambiante, à l'abri de la chaleur et de l'humidité. Après ouverture, conserver au frais et consommer rapidement. || 
6,80€ / Kg || 
1,36 € || 
Sauce tomate au basilic à l'huile d'olive vierge extra || Le bocal de 420g || Origine : FRANCE || A l'huile d'olive vierge extra 2,5%). || A la casserole : réchauffer 5 minutes à feu très doux ou 8 minutes au bain-marie (bocal ouvert). Au four à micro-ondes : réchauffer 2 minutes à puissance maximale (pour un four ayant une puissance restituée de 750 Watts) dans un récipient adapté et couvert. || Purée de tomates (eau, triple concentré de tomates) et pulpe de tomates (pulpe, jus de tomates) 80%, légumes 9% (oignons 5%, carottes 4%), basilic 3%, huile dolive vierge extra 2.5%, huile de tournesol, sucre, sel, amidon transformé de pomme de terre, vin blanc, arôme naturel de basilic et autres arômes naturels, acidifiant : acide citrique. Présence possible de gluten, lait, sésame, moutarde. || Valeur énergétique en Joules :  269Kj || Valeur énergétique en Kcal : 65Kcal || Glucides : 5,7g || Lipides : 3,5g || Protides :1,4g || A conserver de préférence à l'abri de la chaleur et de la lumière. Après ouverture, à conserver 3 jours maximum au réfrigérateur. || 
2,81€ / Kg || 
1,18 € || 
########
########
########
Sauce tomate napolitaine à l'huile d'olive vierge extra || Le pot de 190g || Origine : FRANCE || A la casserole : réchauffer 5 minutes à feu très doux ou 8 minutes au bain-marie (bocal ouvert). Au four à micro-ondes : réchauffer 2 minutes à puissance maximale (pour un four ayant une puissance restituée de 750Watts) dans un récipient adapté et couvert. || Purée de tomates (eau, triple concentré de tomates) et pulpe de tomates (pulpe, jus de tomates) 76%, légumes 16% (oignons 10%, carottes 6%), huile d'olive vierge extra 3%, sucre, sel, amidon transformé de pomme de terre, épices et plantes aromatiques(basilic, origan, poivre, laurier, ail, céleri), vin blanc. Présence possible de gluten, lait, sésame, moutarde. || Valeur énergétique en Joules :  250Kj || Valeur énergétique en Kcal : 60Kcal || Glucides : 7g || Lipides : 2,4g || Protides :1,4g || A conserver de préférence à l'abri de la chaleur et de la lumière. Après ouverture, à conserver 3 jours maximum au réfrigérateur. || 
5,11€ / Kg || 
0,97 € || 
########
Basilico, sauce tomates au basilic || Le pot de 400g || Origine : ITALIE || Réchauffez la sauce à feu moyen ou au micro-ondes (après avoir retiré le couvercle), ajoutez-la aux pâtes, puis faites sauter le tout dans une petite poêle. Ajoutez un filet d'huile d'olive extra vierge avant de servir. || Pulpe de tomates 75,4%, concentré de tomates, carottes, oignons, basilic 1,7%, huile de tournesol, sucre, sel, arômes naturels. || Valeur énergétique en Joules :  228Kj || Valeur énergétique en Kcal : 54KCal || Glucides : 6,9g || Lipides : 2,3g || Protides :1,5g || Après ouverture, cette sauce se conserve 5 jours au réfrigérateur. || 
4,68€ / Kg || 
1,87 € || 
########
Pesto rosso, sauce à la tomate et au basilic || Le pot de 200g || Origine : FRANCE || De délicieuses tomates, du vinaigre balsamique et une sélection de fromages italiens. Une recette unique issue de la passion pour les saveurs gourmandes et raffinées.Préparée selon la tradition, prête pour faire découvrir à vos pâtes la plénitude dessaveurs de l'Italie. || 4 assiettes. Versez la sauce pesto directement sur les pâtes chaudes venant d'être égouttées et mélangez bien. || Pulpe de tomates 35%, huile de tournesol, concentré de tomate, sirop de glucose, fromage Grana Padano AOP 4%, noix de cajou, sel, basilic 2,3%, aceto balsamico di modena IGP 2%, arômes, amidon, fromage Pecorino Romano AOP 1,1%, sucre, ail. Traces d'oeufs autres fruits à coque. Sans conservateur. Sans gluten. || Valeur énergétique en Joules :  1364Kj || Valeur énergétique en Kcal : 326,3Kc || Glucides : 12g || Lipides : 29.5g || Protides :4g || Une fois ouvert, se conserve 5 jours au réfrigérateur. || 
13,55€ / Kg || 
2,71 € || 
Ragu' alla bolognese, sauce à base de tomate avec viande de boeuf, de porc et huile d'olive vierge extra || Le pot de 400g || Origine : ITALIE || UTILISATION : Réchauffez la sauce à feu moyen ou au micro-ondes (après avoir retiré le couvercle), ajoutez-la aux pâtes, puis faites sauter le tout dans une petite poêle. Ajoutez du parmesan râpé avant de servir. || Après ouverture, cette sauce se conserve 5 jours au réfrigérateur. || 
6,33€ / Kg || 
2,53 € || 
########
########
Sauce bolognaise aux légumes méditerranéens || Le bocal de 400g || Origine : ITALIE || Sauces bolognaise aux légumes méditerranéens. || 4 assiettes. Réchauffez la sauce à feu moyen ou au micro-ondes après avoir retiré le couvercle, ajoutez-la aux pâtes, puis faites sauter le tout dans une petite poêle. || Eau, concentré de tomate 15%, aubergines 11%, viande de porc 10%, oignons, poivrons 5,5%, viande de boeuf 5,3%, courgettes 5%, carottes, vin blanc, huile de tournesol, amidon de maïs, sel, ail, persil, sucre, extrait de levure, marjolaine 0,06%, poivre noir, arôme naturel. || Valeur énergétique en Joules :  301kj || Valeur énergétique en Kcal : 72kcal || Glucides : 5,7g || Lipides : 3,4g || Protides :3,8g || Après ouverture, cette sauce se conserve 5 jours au réfrigérateur. || 
7,00€ / Kg || 
2,80 € || 
########
########
########
Sauce Ricotta, sauce tomate et fromage Ricotta frais || Le pot de 200g || Origine : FRANCE || 2 personnes. Réchauffez la sauce à feu moyen ou au micro-ondes (après avoir retiré le couvercle), mélangez-la aux pâtes, puis faîtes sauter le tout dans une poêle. Ajoutez un filet d'huile d'olive extra-vierge avant de servir. || Pulpe de tomate 59%, fromage ricotta 12%, concentré de tomates, oignons, huile de tournesol, fromage Grana Padano AOP, fromage Pecorino Romano AOP, sel, persil, arômes naturels, sucre, amidon. Contient traces d'oeuf. || Valeur énergétique en Joules :  555Kj || Valeur énergétique en Kcal : 134Kcal || Glucides : 7,9g || Lipides : 10g || Protides :3g || Une fois ouvert, se conserve 5 jours au réfrigérateur à +4°C. || 
10,90€ / Kg || 
2,18 € || 
Sauce tomate au piment || Le bocal de 400g || Origine : ITALIE || Sauce tomate au piment. || 4 personnes. Réchauffez la sauce à feu moyen ou au micro-ondes (après avoir retiré le couvercle), ajoutez-la aux pâtes, puis faites sauter le tout dans une petite poêle. Ajoutez un filet d'huile d'olive extra vierge avant de servir. || Pulpe de tomates 83,8%, concentré de tomate, huile de tournesol, poivrons, ail, sel, persil, sucre, piment 0,1%. || Valeur énergétique en Joules :  273kj || Valeur énergétique en Kcal : 66kcal || Glucides : 6,0g || Lipides : 3,5g || Protides :1,5g || Après ouverture, cette sauce se conserve 5 jours au réfrigérateur. || 
5,43€ / Kg || 
2,17 € || 
########
########
########
Sauce 3 poivres, 2 personnes || Le sachet de 120g || Origine : FRANCE || Idéale pour accompagner toutes les viandes Charal à griller ou à poêler : tournedos, entrecôtes, pavés de rumsteck  Au micro-ondes : ouvrez le sachet et mettez-le au micro-ondes pendant 1 mn à 800 watts. Au bain-marie : réchauffez 5 mn dans l'eau bouillante.  Micro-ondes. Bain-marie. || Eau, crème (15%), amidon transformé de maïs, cognac, vin blanc (dont sulfites), oignons, poivres (vert réhydraté, noir, blanc: 1,6%), arômes, sel, farine de blé, sucre caramélisé, épaississants: E415, E412, ail. || Valeur énergétique en Joules :  0 || Valeur énergétique en Kcal : 0 || Glucides : 0 || Lipides : 0 || Protides :0 || À conserver entre 0°C et + 4°C et à consommer dans les 24 heures après ouverture. || 
17,92€ / Kg || 
2,15 € || 
Pulpe de tomates bio || Le lot de 2 boîtes de 400g || Origine : FRANCE || De belles tomates de plein champ, pelées à cru, épépinées, coupées en morceaux puis mises en boite dans leur jus onctueux. || Prêt à être cuisiner. Il n'est pas nécessaire de l'égoutter. Idéal pour préparer selon vos envies toutes vos sauces et plats à base de tomates. || Tomates entières pelées*, jus de tomates*, correcteur d'acidité : acide citrique. *ingrédients biologiques. || Valeur énergétique en Joules :  73kj || Valeur énergétique en Kcal : 17kcal || Glucides : 3,0g || Lipides : 0,1g || Protides :1,1g || 
3,50€ / Kg || 
2,80 € || 
Pulpe de tomates bio || Le lot de 2 boîtes de 400g || Origine : FRANCE || De belles tomates de plein champ, pelées à cru, épépinées, coupées en morceaux puis mises en boite dans leur jus onctueux. || Prêt à être cuisiner. Il n'est pas nécessaire de l'égoutter. Idéal pour préparer selon vos envies toutes vos sauces et plats à base de tomates. || Tomates entières pelées*, jus de tomates*, correcteur d'acidité : acide citrique. *ingrédients biologiques. || Valeur énergétique en Joules :  73kj || Valeur énergétique en Kcal : 17kcal || Glucides : 3,0g || Lipides : 0,1g || Protides :1,1g || 
3,50€ / Kg || 
2,80 € || 
########
Mayonnaise à l'huile de colza et à la moutarde de Dijon || Le tube de 175g || Origine : FRANCE || Huile de colza 70%, eau, jaune d'oeuf 5%, moutarde de Dijon 3% (eau, graines de moutarde, vinaigre d'alcool, sel, acidifiant : acide citrique, conservateur : disulfite de potassium), vinaigre d'alcool, sucre, sel, acidifiants : glucono-delta-lactone,acide citrique, amidon transformé de maïs, épaississant : gomme guar, conservateur : sorbate de potassium, jus de citron concentré, colorant : bêta-carotène, arôme, extrait d'épice. || Valeur énergétique en Joules :  2701 || Valeur énergétique en Kcal : 657 || Glucides : 1.3 || Lipides : 71.9 || Protides :1.1 || Après ouverture, se conserve 1 mois au réfrigérateur. A consommer de préfère avant le : voir sur l'une des extrémité de la boîte. || 
4,00€ / Kg || 
0,70 € || 
########
########
########
########
########
Moutarde à l'ancienne au vinaigre de cidre || Le pot de 200g || Origine : FRANCE || Nous avons sélectionné pour vous des produits issus de l'agriculture biologique répondant à des normes strictes qui fixent leur mode de production. || Vinaigre de cidre 50%* , graines et téguments de moutarde* , eau , sel marin non raffiné.Ingrédient issu de l'agriculture biologique. || 
6,40€ / Kg || 
1,28 € || 
Moutarde aux fines herbes || Le pot de 100g || Origine : FRANCE || Un grand classique : parfait avec des viandes grillées ou dans une salade pour son bon goût d'estragon. || Vinaigre d'alcool, eau, graines de moutarde, sel, fines herbes 5.5% (estragon 2.2%, persil 2.2%, cerfeuil 1.1%), conservateurs : sulfites. || A conserver à température ambiante Après ouverture, conserver au réfrigérateur || 
9,50€ / Kg || 
0,95 € || 
########
########
########
Moutarde forte de Dijon || Le pot de 370g || Origine : FRANCE || Eau, graines de moutarde, vinaigre d'alcool, sel, antioxygène: disulfite de potassium, acidifiant: acide citrique. || Valeur énergétique en Joules :  644Kj || Valeur énergétique en Kcal : 155Kcal || Glucides : 3,6g || Lipides : 12g || Protides :7,2g || A conserver au réfrigérateur après ouverture. || 
1,81€ / Kg || 
0,67 € || 
########
########
Tomato ketchup || Le flacon de 280g || Origine : FRANCE || Eau, purée de tomates double concentrée* 30,4%, sucre de canne*, vinaigre d'alcool*, amidon de tapioca*, sel, arôme naturel, arôme naturel de poivre avec autres arômes naturels, arôme naturel d'oignon. Traces de moutarde. * Ingrédients issus de l'agriculture biologique. Sans conservateur. Sans colorant. || Valeur énergétique en Joules :  474kj || Valeur énergétique en Kcal : 112kcal || Glucides : 25g || Lipides : 0,1g || Protides :1,5g || Avant ouverture, se conserve 1 mois au réfrigérateur. Bien agiter avant emploi. || 
7,12€ / L || 
1,78 € || 
Moutarde à l'ancienne || Maille || Origine : FRANCE || Vinaigre, graines de moutarde 27%, eau, sel, sucre, arôme, acidifiant : acide lactique, conservateur E224 (sulfites). || Conserver au réfrigérateur après ouverture. || 
8,00€ / Kg || ##
########
Moutarde à l'ancienne || Maille || Origine : FRANCE || Vinaigre, graines de moutarde 27%, eau, sel, sucre, arôme, acidifiant : acide lactique, conservateur E224 (sulfites). || Conserver au réfrigérateur après ouverture. || 
10,69€ / Kg || 
1,71 € || 
########
Mayonnaise à la moutarde de Dijon || Le flacon de 415g || Origine : FRANCE || Mayonnaise à la moutarde de Dijon. || Nouveau bouchon toujours propre. || A conserver au réfrigérateur après ouverture. A consommer de préférence dans le mois qui suit l'ouverture. || 
6,84€ / Kg || 
2,84 € || 
Mayonnaise recette fouettée || Le flacon de 230g || Origine : FRANCE || 
10,26€ / Kg || 
2,36 € || 
########
########
########
########
########
########
########
########
Sauce samouraï || Le flacon de 255g || Origine : FRANCE || Dévisser le bouchon. Otez l'opercule. || Eau, huile de soja, vinaigre, amidon modifié, sucre, purée de tomates mi concentrée, jaune d'oeuf, piment, moutarde (eau, graines de moutarde, vinaigre, sel, épices, arômes), sel, poivron, arômes, ail, extrait de levure, poivre de Cayenne. || Valeur énergétique en Joules :  1100kj || Valeur énergétique en Kcal : 260kcal || Glucides : 7g || Lipides : 0,8g || Protides :26g || A conserver au réfrigérateur après ouverture. A consommer de préférence dans le mois qui suit l'ouverture. || 
7,33€ / Kg || 
1,87 € || 
########
########
########
########
########
########
Bouillon de légumes, -30% de sel || Le paquet de 12 tablettes de 11g || Origine : FRANCE || Sel, maltodextrine, matière grasse végétale, fécule de pomme de terre, sucre, légumes : 7,3% (céleri, oignon, carotte, poireau, extrait de levure, arômes (dont moutarde), épices et aromates (curcuma, livèche, ail, persil, poivre), jus delégumes concentré (céleri, carotte, poireau, oignon), dextrose. || Valeur énergétique en Joules :  1400 || Valeur énergétique en Kcal : 340 || Glucides : 42 || Lipides : 17 || Protides :4 || 
16,70€ / Kg || 
1,82 € || 
########
Bouillon tout fait || La boîte de 100g || Origine : FRANCE || 
11,50€ / Kg || 
1,15 € || 
########
Marmite de Bouillon, légumes || Les 8 marmites de 28g || Origine : FRANCE || Marmite de bouillon Knorr contient un bouillon au goût riche et naturel. Ce bouillon a été préparé avec des ingrédients de qualité, doucement mijotés puis versés dans une petite marmite.Il réhaussera tous vos plats de saveurs riches et authentiques. || Cuisson à la poêle ou cocotte : pour des légumes poêlés ou des viandes riches en goûts, ajoutez peu avant la fin de la cuisson 1 bouillon Marmite directement dans la poêle, le wok ou la cocotte avec le jus de cuisson. Soupes maison : pour parfumer délicieusement vos soupes maison, ajoutez 1 bouillon dans l'eau de cuisson des légumes. Pâtes et riz : pour parfumer délicieusement les pâtes ou le riz, ajoutez 1 bouillon dans l'eau de cuisson. || Eau, sel, légumes : 14% (carotte, poireau, poivron rouge, céleri), matière grasse végétale, sucre, extrait de levure, épices et aromates (persil, graine de céleri, livèche, noix de muscade, poivre), épaississants : gomme xanthane et farine de grainesde caroube, arômes, caramel, maltodextrine. Sans conservateur. Sans colorant artificiel. Sans exhausteur de goût. || Valeur énergétique en Joules :  490Kj || Valeur énergétique en Kcal : 120Kcal || Glucides : 6g || Lipides : 9g || Protides :2,5g || A conserver dans un endroit frais et sombre pour une qualité optimale. Après ouverture, se conserve 3 jours au réfrigérateur. Il peut arriver que le produit cristallise, cela n'a pas d'impact sur sa qualité. Conditionné sous atmosphère protectrice. || 
11,29€ / Kg || 
2,53 € || 
########
########
########
########
########
########
Bouillon de boeuf dégraissé, x12 cubes saveur || La boîte de 128.4g || Origine : FRANCE || Cuisinez-vous une vie meilleure.Maggi améliore en permanence ses recettes pour votre équilibre au quotidien. Toujours autant de goût et la garantie d'un bouillon sans colorant, sans conservateur et sans matière grasse. || Cuisson à l'eau : soupes, pâtes, riz, légumes. 1 ou 2 cubes + 1L d'eau bouillante. Cuisson à la cocotte : viandes, légumes, féculent (500-600g/ 4 personnes). 1 cube + 1/4 L d'eau bouillante. Ne pas saler. || Sel, maltodextrine, exhausteurs de goût : glutamate, guanylate et inosinate de sodium, arômes (blé) dont arôme boeuf, huile de tournesol, caramel (sucre, eau), oignon, persil, extraits de : poivre, girofle, céleri, laurier, thym, épices, fibres de légume. Peut contenir des traces de lait, oeuf. Sans colorant, sans conservateur. || Valeur énergétique en Joules :  927Kj || Valeur énergétique en Kcal : 222KCal || Glucides : 35g || Lipides : 3,6g || Protides :11,7g || 
18,52€ / Kg || 
2,37 € || 
########
########
Bouillon déshydraté en tablettes goût boeuf || La boîte de 18 bouillon kub || Origine : FRANCE || Bouillon déshydraté goût boeuf en tablettes. || Délayer : cuisson à l'eau (soupes, pâtes, riz, légumes) : 1 ou 2 cubes + 1l d'eau bouillante. Cuisson à la cocotte : pour 500-600g de viandes, légumes et/ou féculents : 1 cube + 1/4l d'eau bouillante. Emietter : cuisson à la poêle (pour 800g de viandes, poissons, légumes et/ou féculents) : 1 bouillon émietté directement dans la poêle. Inutile de saler. || Sel, maltodextrine, exhausteurs de goût : glutamate, guanylate et inosinate de sodium, huile de tournesol, arômes (blé) dont arôme boeuf, sucre, oignon, persil, extraits de : poivre, girofle, céleri, thym, caramel (sucre), fibres de légume. Peut contenir des traces de : lait, oeuf. Sans colorant. Sans conservateur. Fabriqué en France. || Valeur énergétique en Joules :  1018kj || Valeur énergétique en Kcal : 241kcal || Glucides : 36,7g || Lipides : 5,2g || Protides :11,4g || 
11,00€ / Kg || 
1,98 € || 
########
########
########
########
########
Fumet de poisson pour sauces et cuissons, base culinaire déshydratée || La boîte de 90g || Origine : FRANCE || 1 cuillerée à café bombée à délayer dans 100ml de liquide. || Sel, maltodextrine, poissons blancs 12%, sirop de glucose, fécule de pomme de terre, exhausteur de goût : glutamate de sodium, arômes, farine de blé, oignon, extrait de vin blanc, amidon, jus de citron, extraits de poivre et d'ail. Peut contenir destraces de : crustacés, céleri, lait, oeuf, mollusques. Sans colorant, sans conservateur. || 
38,89€ / Kg || 
3,50 € || 
Préparation déshydratée pour gelée au madère || La boîte de 2 sachets de 24g, soit 48g || Origine : FRANCE || Cuisson à la casserole : dans une casserole, mélangez 500ml d'eau froide et le contenu du sachet. Faites chauffer à feu moyen en remuant jusqu'à la première ébullition. Aux premiers bouillons, retirez du feu, mélangez. Laissez refroidir à températureambiante environ 15 minutes. Réalisez votre recette à base de gelée et placez-la au minimum 3 heures au réfrigérateur. Au micro-ondes (900W) : faites chauffer la préparation 3min et mélangez. Ne pas saler. Ne placez pas votre gelée au congélateur, elle risque de geler puis en décongelant, elle perdra sa texture. || Gélatine de porc 45%, sel, exhausteur de goût : glutamate de sodium, sirop de glucose, extraits de vin de Madère* et de vin blanc, extraits d'épices et de plantes aromatiques, arôme (céleri), acidifiant : acide citrique, colorant : caramel (E150c). Peut contenir des traces de : lait, oeuf, blé. *Equivalent à 1,9g de vin de Madère mis en oeuvre pour 100g. || Valeur énergétique en Joules :  1095kg || Valeur énergétique en Kcal : 258kcal || Glucides : 17,8g || Lipides : 0,1g || Protides :46,4g || 
33,33€ / Kg || 
1,60 € || 
########
########
########
########
########
########
########
########
########
########
########
Douceur d'asperges, soupe déshydratée, || Le sachet de 96g || Origine : FRANCE || La saveur délicate de l'asperge, une texture très crémeuse, quelques pointes d'asperges bien tendres : voici le secret de l'extrême gourmandise de cette Douceur ! || Faites bouillir 3/4 de litre (750ml) d'eau. Ramenez à feu doux, puis versez le contenu du sachet en remuant avec un fouet. Laissez mijoter 5 minutes en remuant de temps en temps. || Farine de froment, matière grasse végétale hydrogénée, légumes (asperges: 5.4%, maïs doux, épinard), sel, lactose, extrait de levure, protéines de lait, arômes, maltodextrine, acidifiant : acide citrique, exhausteurs de goût : E627 et E631. || 
15,83€ / Kg || 
1,52 € || 
Fondue de poireaux aux crevettes et pointe de crème || Le sachet de 84g || Origine : FRANCE || L{gumes: 38% (pomme de terre, poireau: 8,1%, oignon, {pinard), mati}re grasse v{g{tale, farine de bl{, sel, farine de riz, extrait de levure, crecettes: 3,6%, lactose, cr}me: 2,4%,(antioxyg}ne: E 304), prot{ines de lait, lait {cr{m{, {pices (noix demuscade, poivre, curcuma), amidon de pois, arômes (dont c{leri), dextrose. Traces: oeuf. || Valeur énergétique en Joules :  2000kj || Valeur énergétique en Kcal : 470kcal || Glucides : 37g || Lipides : 29g || Protides :13g || 
28,10€ / Kg || 
2,36 € || 
Knorr soupe vietnamienne || Le sachet de 39g || Origine : FRANCE || Valeur énergétique en Joules :  1300kj || Valeur énergétique en Kcal : 300kcal || Glucides : 53g || Lipides : 2,5g || Protides :15g || 
57,95€ / Kg || 
2,26 € || 
########
Soupe concentré au 8 légumes || Le sachet de 32g || Origine : FRANCE || Texture onctueuse. || Valeur énergétique en Joules :  393 kj || Valeur énergétique en Kcal : 95 kcal || Glucides : 5 g || Lipides : 7,9 g || Protides :0,5 g || 
23,44€ / Kg || ##
########
Soupe concentré poireau pomme de terre || Le sachet de 30g || Origine : FRANCE || 
25,00€ / Kg || ##
########
########
########
########
########
########
########
########
########
########
Délice à la forestière et croûtons au thym || Le paquet de 60g || Origine : FRANCE || 
29,67€ / Kg || 
1,78 € || 
########
########
########
Velouté courgettes au basilic AB || La boite de 2x25cl (50cl) || Origine : FRANCE || Valeur énergétique en Joules :  119kj || Valeur énergétique en Kcal : 29kcal || Glucides : 2,1g || Lipides : 1,7g || Protides :0,7g || 
4,06€ / L || 
2,03 € || 
########
########
########
########
########
Soupe de poissons || La boite de 800g || Origine : FRANCE || 
6,95€ / Kg || 
5,56 € || 
########
########
########
########
########
########
########
########
########
########
Soupe, Douceur de légumes du soleil, pour 2 assiettes || La brique de 50cl || Origine : FRANCE || A la casserole : secouer la brique avant de l'ouvrir puis verser la soupe dans une casserole. Réchauffer à feu doux sans porter à ébullition et remuer de temps en temps. Au four micro-ondes : verser la soupe dans un récipient adapté puis réchauffer quelques instants. Ne pas mettre l'emballage dans le four micro-ondes. || Eau, légumes : 36% (tomate : 13%, aubergine : 10%, pomme de terre, oignon), crème fraîche, fromage fondu (fromages, lait écrémé, eau, beurre, protéines de lait, sel), amidon modifié, sel, sucre, huile d'olive vierge extra, épices et aromates (ail, curcuma, poivre, thym, origan), beurre. Traces : blé, céleri, oeuf. Sans conservateur, sans exhausteur de goût, sans colorant artificiel. || Valeur énergétique en Joules :  180kj || Valeur énergétique en Kcal : 45kcal || Glucides : 4,5g || Lipides : 2,5g || Protides :1g || Avant ouverture, conserver à température ambiante. Après ouverture, conserver au frais et consommer dans les 48h. || 
4,64€ / L || 
2,32 € || 
Soupe douceur d'automne creme fraîche || La brick de 50cl || Origine : FRANCE || Valeur énergétique en Joules :  180kj || Valeur énergétique en Kcal : 40kcal || Glucides : 5g || Lipides : 2g || Protides :0,7g || 
4,80€ / L || 
2,40 € || 
Soupe veloute  9 legumes || La brique de 30cl || Origine : FRANCE || Valeur énergétique en Joules :  552kj || Valeur énergétique en Kcal : 132kcal || Glucides : 5,7g || Lipides : 1,9g || Protides :0,7g || 
3,60€ / L || 
1,08 € || 
########
Coriandre moulue || Le pot de 55g || Origine : FRANCE || La coriandre relève les gratins de légumes et les préparations orientales. || Coriandre moulue. Peut contenir des traces de gluten, sésame, moutarde, céleri et sulfites. || 
65,64€ / Kg || 
3,61 € || 
########
########
########
########
Romarin || Le pot de 35g || Origine : FRANCE || Le romarin tire son nom du latin ros marinus qui signifie rosée de mer. Originaire du bassin méditerranéen, le romarin est connu depuis l'Antiquité. Les étudiants grecs en  portaient  des couronnes pour stimuler leur intellect. Le romarin a une saveur piquante et  parfumée assez prononcée. || Il s'incorpore aux soupes, farces, sauces et marinades. Il aromatise de son goût légèrement camphré les viandes rôties telles que l'agneau ou le porc. || Romarin || 
126,57€ / Kg || 
4,43 € || 
########
Terrine du berger au brocciu et à la menthe || La verrine de 95g || Origine : FRANCE || Valeur énergétique en Joules :  1239kj || Valeur énergétique en Kcal : 299kcal || Glucides : 2,2g || Lipides : 26,8g || Protides :12,2g || 
32,42€ / Kg || 
3,08 € || 
########
Poivrons farcies au riz || Le bocal de 400g || Origine : ISRAEL || Poivrons, riz, oignons, huile de tournesol, tomates, eau, sel, acide citrique (E330), épices. || A conserver au froid après ouverture. || 
8,48€ / Kg || 
3,39 € || 
########
Tortilla chips au goût Fajita || Le paquet de 200g || Origine : FRANCE || Farine de maïs, huile de tournesol (21%), assaisonnement (sucre, sel, épices (paprika en poudre, poivre noir, curcuma, gingembre, poivre de Cayenne), oignon, extrait de levure, arôme (contient du blé), arôme de fumée, correcteur d'(acidité : acide citrique, acétate de sodium, ail, herbes et colorant : extrait de paprika). Contient des ingrédients à base de blé. || Valeur énergétique en Joules :  1936,9 || Valeur énergétique en Kcal : 461,5 || Glucides : 66g || Lipides : 19,5g || Protides :5,6g || A conserver dans un endroit frais et sec. || 
13,85€ / Kg || 
2,77 € || 
Pastis de Marseille || La bouteille de 35cl || Origine : FRANCE || La saveur de Ricard est issue de la finesse de l'anis étoilé, de la fraîcheur de la réglisse de Méditerranée et de la subtilité des arômes de Provence.La légende de Ricard émane d'un créateur audacieux, Paul Ricard, qui a su lui donner une personnalité qui la distingue de toute autre boisson. || Savourez Ricard allongé d'eau très fraîche et de quelques glaçons. || Eau, alcool, sucre, extraits naturel de réglisse, d'anis 2%. Colorant : caramel E150c, mélange de plantes aromatiques. || Ne pas conserver au froid. || 
26,34€ / L || 
9,22 € || 
Pastis de Marseille || La bouteille de 50cl || Origine : FRANCE || La saveur de Ricard est issue de la finesse de l'anis étoilé, et de la fraîcheur de la réglisse de Méditerranée et de la subtilité des arômes de Provence.Ricard est né sous le signe du soleil à Marseille en 1932. Ricard émane d'un créateur audacieuxPaul Ricard, qui a su lui donner une personnalité qui la distingue de toute autre boisson. || Eau, alcool, sucre, extraits naturels de réglisse, d'anis 2%o, colorant: caramel E150c, mélange de plantes aromatiques. || Ne pas conserver au froid. || 
24,62€ / L || 
12,31 € || 
Pastis de Marseille || La bouteille de 70cl || Origine : FRANCE || La saveur de Ricard est issue de la finesse de l'anis étoilé, de la fraîcheur de la réglisse de Méditerranée et de la subtilité des arômes de Provence. || Eau, alcool, sucre, extraits naturels de réglisse, d'anis 2%, colorant : caramel E150c, mélange de plantes aromatiques. || Ne pas conserver au froid. || 
22,06€ / L || 
15,44 € || 
Crème de cassis || La bouteille de 50cl || Origine : FRANCE || 
13,32€ / L || 
6,66 € || 
Crème de cerise || La bouteille de 50cl || Origine : FRANCE || 
13,32€ / L || 
6,66 € || 
Crème de framboise || La bouteille de 50cl || Origine : FRANCE || 
13,32€ / L || 
6,66 € || 
Crème de mûres || La bouteille de 50cl || Origine : FRANCE || 
13,32€ / L || 
6,66 € || 
Crème de pêche || La bouteille de 50cl || Origine : FRANCE || 
13,32€ / L || 
6,66 € || 
Crème de whisky The Original || La bouteille de 70cl || Origine : ROYAUME UNI || Baileys est issu de l'heureux mariage de la crème fraîche irlandaise, d'alcools fins, de whiskey irlandais et d'essences naturelles de cacao. || A consommer de façon responsable. Dégustez Baileys sur glace, passé au mixeur avec des glaçons, ou avec du café. Ne pas mélanger avec des boissons acides ou à base de citron. || Crème fraîche irlandaise, d'alcools fins, de whiskey irlandais et d'essences naturelles de cacao. Contient du lait. || A conserver entre 0 et 25°C. || 
22,50€ / L || 
15,75 € || 
Liqueur au chocolat || La bouteille de 50cl || Origine : IRAN || 
36,98€ / L || 
18,49 € || 
Chartreuse verte, 55% vol. || La bouteille de 70cl || Origine : FRANCE || Liqueur authentique d'une puissance exceptionnelle due aux 130 plantes. Elaborée depuis plus de deux siècles par les pères chartreux - entièrement élaborée avec des ingrédients naturels jusque dans sa couleur. || Différents modes de consommation : digestif classique  pur ou sur de la glace, cocktails, cuisine, pâtisserie || Alcool - sucre - substances végétales - graines de sesame || Stocker debout - à l'abri de la lumière || 
49,66€ / L || 
34,76 € || 
Liqueur, 40% vol. || La bouteille de 35cl || Origine : FRANCE || 
31,60€ / L || 
11,06 € || 
Liqueur à base d'écorces d'orange || La bouteille de 70cl || Origine : FRANCE || L'esprit orange, harmonie subtile et naturelle des écorces d'oranges douces et amères. || Alcool, sucre, écorces d'oranges. || 
29,80€ / L || 
20,86 € || 
Crème de cassis || La bouteille de 70cl || Origine : FRANCE || Cette crème de cassis, obtenue par macération de baies de cassis dans l'alcool surfin, est le complément idéal d'un vin blanc sec ou d'un crémant dans la proportion d'1/5 de crème pour 4/5 de vin. || Macération de baies de cassis dans l'alcool, sucre, eau. || 
7,31€ / L || 
5,12 € || 
Punch Planteur 16% Vol || La bouteille de 70cl || Origine : FRANCE || Depuis 1942, la famille Damoiseau élabore dans la plus grande tradition un rhum agricole de grande qualité. Son punch apportera à vos apéritifs tout l'ensoleillement et la générosité de sa région d'origine. || A consommer très frais et nature. A garder au réfrigérateur après ouverture || 
13,74€ / L || 
9,62 € || 
Amaretto, 28% de vol. || La bouteille de 50cl || Origine : FRANCE || 
28,54€ / L || 
14,27 € || 
Liqueur à base de menthe || La bouteille de 70cl || Origine : FRANCE || Né du savant métissage de 7 menthes et d'une alliance originale avec de l'alcool, Get 27 révèle tout le piquant de sa saveur unique. || A consommer pur sur glace ou en long drink. || 
18,49€ / L || 
12,94 € || 
Liqueur à base de cognac et triple orange || La bouteille de 70cl || Origine : FRANCE || Son goût unique, délicat et subtil, est apprécié pur, sur glace ou en cocktail. || Cognac 51%, sucre, alcool, arôme naturel d'orange amère, colorant : caramel E150a || 
36,76€ / L || 
25,73 € || 
Crème de cassis de Dijon || La bouteille de 70cl || Origine : FRANCE || Fondée en 1845 à Dijon, la Maison L'Héritier-Guyot élabore toujours ses délicieuses crèmes de fruits selon le même savoir-faire.Chaque ingrédient a été soigneusement sélectionné afin de vous offrir le meilleur de la crème de fruit pour toutes les occasions. || Vous pouvez déguster votre crème de cassis : en cocktail, en cuisine, en fête. || Sucre, macération de cassis dans l'alcool, eau, alcool, substances végétales. || A conserver au réfrigérateur après ouverture. || 
10,21€ / L || 
7,15 € || 
Liqueur, 35% de vol. || La bouteille de 70cl || Origine : FRANCE || 
28,70€ / L || 
20,09 € || 
Liqueur de café 20%Vol. || La bouteille de 70cl || Origine : SUISSE || 
28,51€ / L || 
19,96 € || 
Crème de pamplemousse rosé || La bouteille de 75cl || Origine : FRANCE || 
10,19€ / L || 
7,13 € || 
Liqueur de rhum blanc aromatisée à la noix de coco 18%Vol. || La bouteille de 70cl || Origine : FRANCE || 
15,51€ / L || 
10,86 € || 
Liqueur de pomme verte 18%Vol. || La bouteille de 70cl || Origine : FRANCE || Liquide limpide incolore, odeur caractéristique de la pomme verte, saveur sucrée, fraîche et tonique, acidulée, caractéristique de la pomme verte. || 
12,14€ / L || 
8,50 € || 
Liqueur cranberry || La bouteille de 50cl || Origine : FRANCE || Liquide, brillant, rouge intense, odeur note de baie fruitée, saveur : attaque fruitée et acidulée qui apporte de la gourmandise avec une finale légèrement astringente typique du Cranberry || 
16,28€ / L || 
8,14 € || 
Liqueur curaçao bleu 25%Vol. || La bouteille de 50cl || Origine : FRANCE || Liquide, limpide, bleu, odeur caractéristique de l'orange amère, saveur peu sucrée caractéristique de l'orange amère avec quelques notes fleuries. || 
18,96€ / L || 
9,48 € || 
Liqueur triple-sec 39%Vol. || La bouteille de 50cl || Origine : FRANCE || Liquide limpide incolore, odeur caractéristique de l'orange amère, saveur peu sucrée caractéristique de l'orange amère avec quelques notes fleuries || 
18,56€ / L || 
9,28 € || 
La cedratine liqueur || La bouteille de 50cl, 24 %vol. || Origine : FRANCE || Sirop pur sucre, alcool, cédrat de Corse distillé, colorant alimentaire E102. || A conserver à l'abri de la chaleur et de l'humidité. || 
34,00€ / L || 
17,00 € || 
Liqueur la chataigne || La bouteille de 50cl, 24% vol. || Origine : FRANCE || Sirop pur sucre, alcool, extrait de châtaigne, colorant caramel. || A conserver à l'abri de la chaleur et de l'humidité. || 
28,64€ / L || 
14,32 € || 
Liqueur la myrthe || La bouteille de 50cl, 24% vol. || Origine : FRANCE || Sirop pur sucre, alcool, baies de myrthe de Corse distillées. || A conserver à l'abri de la chaleur et de l'humidité. || 
34,00€ / L || 
17,00 € || 
Cocktail passion fruit 15%Vol. || La bouteille de 70cl || Origine : FRANCE || 
17,03€ / L || 
11,92 € || 
Cocktail Mojito Bacardi, 14,9% vol. || La bouteille de 70cl || Origine : ESPAGNE || Devenez créateur de cocktails avec Bacardi Mojito Classic. || Eau, rhum Bacardi Superior (39%), sucre, acidifiant: acide citrique, arômes, correcteur d'acidité: citrate de sodium, conservateurs: E202, E212, émulsifiants: E445, E444, colorants: E102, E133. || Se conserve un mois au réfrigérateur après ouverture. || 
21,99€ / L || 
15,39 € || 
Pur sirop de canne || La bouteille de 70cl || Origine : FRANCE || Canadou est l'inséparable compagnon du rhum blanc pour la confection des punchs et cocktails exotiques. Enfant de la canne à sucre et du soleil, sain et naturel, Canadou révèle son étonnant pouvoir sucrant et sa facilité d'utilisation dans les préparations de tous les jours en remplacement du sucre raffiné. || A conserver dans le réfrigérateur après ouverture. || Sucre de canne liquide. || 
3,80€ / L || 
2,66 € || 
Punch coco 16%Vol. || La bouteille de 70cl || Origine : FRANCE || 
13,74€ / L || 
9,62 € || 
Cocktail punch pina colada 16%Vol. || La bouteillde de 70cl || Origine : FRANCE || 
8,96€ / L || 
6,27 € || 
Punch au rhum blanc et au citron || La bouteille de 70cl || Origine : FRANCE || Le Daïquiri Old Nick révèle l'équilibre exquis entre la puissance du rhum, la force et la fraîcheur du citron.Old Nick célèbre l'alliance du rhum blanc issu des meilleures cannes à sucre et des fruits les plus savoureux. || A déguster bien glacé. || Rhum blanc 96% du titre volumique, sucre, jus de citron à base de jus concentré 6%, arômes naturels de citron et de citron vert, émulsifiants : E 444, E 445, colorant : E102. || A conserver au frais après ouverture. || 
8,96€ / L || 
6,27 € || 
Punch au rhum vieux ambré, au rhum blanc et à l'orange || La bouteille de 70cl || Origine : FRANCE || Héritier d'une longue tradition antillaise, le Planteur Old Nick est élaboré à partir de jus d'oranges sélectionnées et enrichi d'une touche de rhum vieux.Alliant la force du rhum à l'arôme généreux de l'orange, il incarne depuis toujours la convivialité des Antilles. Depuis le début de son histoire, Old Nick signe les plus célèbres recettes de cocktails au rhum, des plus classiques aux plus tendances. || Servir sur glace, dans un verre long drink décoré d'une rondelle d'orange. || Rhum 95% du titre volumique (94% de rhum blanc, 5,2% de rhum vieux), sucre, jus d'orange à base de jus concentré 10%. Acide citrique E330, arôme naturel, arômes, émulsifiants : E444, E445, colorants : E110, E102. || 
8,96€ / L || 
6,27 € || 
Cocktail mojito impérial 14,9%Vol. || La bouteille de 70cl || Origine : FRANCE || 
11,97€ / L || 
8,38 € || 
Mojito fraise || La bouteille de 70cl || Origine : FRANCE || 
11,97€ / L || 
8,38 € || 
Caipirinha 21° || La bouteille de 70cl || Origine : FRANCE || 
12,94€ / L || 
9,06 € || 
Rhum ambré  ,Sequana || La bouteille de 50cl || Origine : FRANCE || Rhum ambré des iles Françaises ,réputé pour la finesse de ses arômes et son parfum délicat.Indispensable en cuisine pâtisserie et en punchs. || 40% vol. || 
13,16€ / L || 
6,58 € || 
Rhum traditionnel des Iles Françaises || La bouteille de 70cl || Origine : FRANCE || 40% vol. || 
12,44€ / L || 
8,71 € || 
Rhum ambré 35% vol. || La bouteille de 70cl || Origine : ALLEMAGNE || 
21,86€ / L || 
15,30 € || 
Rhum supérieur || La bouteille de 70cl || Origine : ALLEMAGNE || La lÍgislation europÍenne a exemptÍ spÍcifiquement les boissons qui contiennent plus de 1,2% d'alcool de cette obligation de lister les ingrÍdients. || Ne convient pas aux femmes enceintes. || 
25,41€ / L || 
17,79 € || 
Rhum supérieur, 37,5% vol. || La bouteille de 35cl || Origine : FRANCE || 
27,91€ / L || 
9,77 € || 
Rhum supérieur, 37,5% vol. || La bouteille de 35cl || Origine : FRANCE || 
27,91€ / L || 
9,77 € || 
Rhum agricole de la Guadeloupe, 50% vol. || La bouteille de 1L || Origine : FRANCE || Dégustez et vous retrouverez tout le parfum et l'ambiance ensoleillé de la Guadeloupe. || Rhum agricole de la Guadeloupe. || 
19,51€ / L || 
19,51 € || 
Rhum agricole de la Guadeloupe, 50% vol. || La bouteille de 35cl || Origine : FRANCE || 
24,57€ / L || 
8,60 € || 
Spiritueux à base de rhum, 35% vol. || La bouteille de 70cl || Origine : ROYAUME UNI || 
22,56€ / L || 
15,79 € || 
Rhum blanc traitionnel de la Réunion || La bouteille de 1L || Origine : FRANCE || Rhum Charette est le plus célèbre et le plus apprécié à l'île de la Réunion. Produit du terroir , il bénéficie de l'appellation d'origine qui récompense trois siècles de tradition et de savoir-faire. || 49% vol. || 
17,50€ / L || 
17,50 € || 
Rhum agricole blanc Martinique, 55% vol. || La bouteille de 70cl || Origine : FRANCE || Le Rhum Blanc Clément, issu de la distillation du seul jus de la canne à sucre, est un rhum agricole d'Appellation d'Origine Contrôlée. Élaboré à l'Habitation. Clément, dans le respect des meilleures traditions martiniquaises, il se distingue par sesarômes floraux et fruités. || Zéro alcool pendant la grossesse. || 
20,56€ / L || 
14,39 € || 
Rhum vieux agricole, Martinique, 44%Vol. || La bouteille de 70cl || Origine : FRANCE || Ce rhum vieux Clément est issu de la distillation du seul jus de la canne à sucre.Elaborés à l'Habitation Clément, faisant alterner durant la période de vieillissement l'emploi de fûts neufs et d'autres plus anciens, les Rhums Vieux Clément s'apprécient en punch ou en digestif. || Rhum. || 
39,99€ / L || 
27,99 € || 
Rhum agricole de Guadeloupe || La bouteille de 1L || Origine : FRANCE || 50% vol. || 
19,97€ / L || 
19,97 € || 
Rhum blanc agricol, 43% vol. || La bouteille de 70cl || Origine : FRANCE || 
18,83€ / L || 
13,18 € || 
Rhum blanc agricole || La bouteille de 1L || Origine : FRANCE || Dillon est un rhum agricole AOC Martinique d'exception, produit avec la rigueur d'un grand cru avec le jus des cannes à sucre de plantations ensoleillées. || Idéal pour le 'ti 'punch' traditionnel, vous l'apprécierez également en 'Planteur z'habitant' en l'associant à des jus de fruits de qualité. || 
19,56€ / L || 
19,56 € || 
Rhum Blanc Agricole Martinique || La bouteille de 100cl || Origine : FRANCE || 55% vol. || 
18,86€ / L || 
18,86 € || 
Rhum ambré Anejo Especial 40%Vol. || La bouteille de 70cl || Origine : CUBA || Issue du plus généreux des terroirs, notre canne à sucre donne naissance au rhum le plus raffiné qui soit : Havana Club. Vieilli en fûts de chêne, il se distingue par ces ton ambrés. || A déguster sur glace ou se marie délicieusement avec un cola. || 
26,26€ / L || 
18,38 € || 
Rhum brun 7ans d'âge 40%Vol. || La bouteille de 70cl || Origine : FRANCE || 
39,59€ / L || 
27,71 € || 
Rhum de Cuba || La bouteille de 70cl || Origine : CUBA || La complexité de ses arômes en fait le rhum idéal pour les cocktails à Cuba comme le Mojito et le Daiquiri. || 
25,37€ / L || 
17,76 € || 
Rhum de Cuba, 3 ans d'âge, 40% vol. || La bouteille de 35cl || Origine : CUBA || 
29,40€ / L || 
10,29 € || 
Rhum vieux agricole || La bouteille de 70cl || Origine : FRANCE || Rhum, Eau || 
36,34€ / L || 
25,44 € || 
Rhum du Père Labat, 59%Vol. || La bouteille de 100cl || Origine : FRANCE || 
25,73€ / L || 
25,73 € || 
Rhum ambre traditionnel des départements français d'Outre-Mer || La flasque de 20cl || Origine : FRANCE || Le Rhum Ambré La Martiniquaise est un rhum traditionnel qui convient parfaitement pour la préparation de grogs et de punchs exotiques, de plats succulents et de pâtisseries gourmandes. || 
23,20€ / L || 
4,64 € || 
Rhum || La bouteille de 1L || Origine : FRANCE || 
13,13€ / L || 
13,13 € || 
Rhum || La flasque de 20cl || Origine : FRANCE || Depuis 1857, le rhum Negrita se fait le complice de la tradition gastronomique française.Ses arômes chauds et ensoleillés confèrent à toutes les préparations et desserts cette touche si savoureuse et exotique. || 
19,05€ / L || 
3,81 € || 
Rhum blanc traditionnel des Antilles || La bouteille de 70cl || Origine : FRANCE || Rhum traditionnel des Antilles, Old Nick est élaboré exclusivement à partir des meilleurs cannes à sucres selon des méthodes ancestrales.Moderne et tendance, franc et généreux, le rhum blanc Old Nick est parfait pour tous les cocktails. Sa subtile typicité Antilles lui permet de préserver l'équilibre gustatif idéal de tous les grands cocktails classiques. || 
14,20€ / L || 
9,94 € || 
Rhum caribéen épicé, 40% de vol. || La bouteille de 70cl || Origine : ROYAUME UNI || Exclusivité Monoprix || 
27,89€ / L || 
19,52 € || 
Rhum blanc agricole , Martinique || La bouteille de 70cl || Origine : FRANCE || Sur ses plantations situées à  Sainte Marie , Saint James distille et élève ses rhums , veillant à en préserver la qualité exceptionnelle , qui a assuré sa réputation dans le monde. || Saint James blanc se marie délicieusement avec des jus de fruits. || Rhum blanc agricole. 40% vol . || 
15,93€ / L || 
11,15 € || 
Rhum imperial blanc || La bouteille de 70cl || Origine : FRANCE || 
14,79€ / L || 
10,35 € || 
Rhum imperial blanc || La bouteille de 70cl || Origine : FRANCE || 
14,79€ / L || 
10,35 € || 
Rhum imperial blanc || La bouteille de 70cl || Origine : FRANCE || 
14,79€ / L || 
10,35 € || 
Royal Ambre , rhum agricole , élevé sous bois || La bouteille de 70cl || Origine : FRANCE || Rhum Royal Ambré, un rhum unique élevé en foudres de chêne à la Martinique. Notes florales légèrement épicées et délicatement fruitées.Depuis 1765, Saint James porte fièrement la tradition du rhum agricole de la Martinique, directement distillé à partir du pur jus de la canne à sucre. Sur ces propres plantations situées à Sainte-Marie, Saint James distille et élève ses rhums, veillant à en préserver la qualité exceptionnelle, qui a assuré sa réputation dans le monde. || Rhum agricole. || 
20,19€ / L || 
14,13 € || 
Cachaçà || La bouteille de 70cl || Origine : FRANCE || La Cachaçà Thoquino est une eau de vie de canne , 100% pure , obtenue par fermentation puis distillation du sirop de canne à sucre.Elle se consomme le plus souvent en caïpirinha et batida , les cocktails traditionnels du Brésil. || 40% vol. || 
25,00€ / L || 
17,50 € || 
Rhum blanc agricole de Martinique 55%Vol. || La bouteille de 1L || Origine : FRANCE || 
21,53€ / L || 
21,53 € || 
Calvados, AOC || La bouteille de 75cl || Origine : FRANCE || Vieilli et mis en bouteille dans nos Chais. Le Calvados Belorgey est produit au coeur du terroir Normand. Il associe le prestige d'une des plus anciennes appellations d'origine contrôlée à la délicatesse d'un Calvados issu de cidres distillés deux fois, à feu nu. || 40% vol || 
23,21€ / L || 
16,25 € || 
Cognac || La bouteille de 70cl || Origine : FRANCE || Un long vieillissement en fûts de chêne , le savoir faire deu maître de chai , la sélection rigoureuse des eaux de vie , sont le garant de la qualité des Cognacs J. de Florignac. || 40% vol. || 
25,80€ / L || 
18,06 € || 
Eau de vie poire williams, 43%Vol. || La bouteille de 500 ml || Origine : FRANCE || La qualité rigoureuse des fruits sélectionnés donne leur caractère ces grandes Eaux-de-Vie. Après la délicate étape de la fermentation, puis la distillation en alambic de cuivre, vient enfin le temps précieux du vieillissement sous les tuiles des greniers. Il est recommandé de servir la Poire Williams glacée. || 
35,72€ / L || 
17,86 € || 
Calvados pays d'Auge, grand solage, 40%Vol. || La bouteille de 70cl || Origine : FRANCE || 
44,21€ / L || 
30,95 € || 
Cognac, 40% vol. || La bouteille de 70cl || Origine : FRANCE || 
40,69€ / L || 
28,48 € || 
Bas-Armagnac, 40%Vol. || La bouteille de 70cl || Origine : FRANCE || 
40,69€ / L || 
28,48 € || 
Spiritueux au kirsch Sylvain, 18% vol. || Le blister de 20cl || Origine : FRANCE || Eau, 48% kirsch pur, arôme naturel. || 
13,40€ / L || 
2,68 € || 
Fine Cognac || La flasque de 20cl || Origine : FRANCE || Issu des meilleurs crus de la région délimitée de Cognac, le Cognac Courcel est apprécié pour sa finesse et son bouquet.Né au coeur du terroir délimité de Cognac, en Charente, le Cognac Courcel est une eau-de-vie élaborée et distillée selon la tradition. Son long vieillissement en fûts de chêne lui permet d'acquérir sa belle couleur ambrée, sa finesse et ses arômes fruités aux notes boisées. || Le Cognac Courcel est idéal en digestif ou à l'apéritif, pur ou en cocktail. || 
30,65€ / L || 
6,13 € || 
Brandy Napoléon || La bouteille de 70cl || Origine : FRANCE || 
16,61€ / L || 
11,63 € || 
Brandy supérieur, 36% vol. || La bouteille de 35cl || Origine : FRANCE || Conformément à la réglementation, ce brandy français est issu exclusivement de la distillation de vins et vieilli en fûts de bois jusqu'à l'assemblage. A consommer avec modération, nature, sur glace ou encore en cocktail, le brandy Courrière se feraégalement complice de vos meilleurs plats flambés. || Zéro alcool pendant la grossesse || 
19,46€ / L || 
6,81 € || 
Fine de cognac 40%Vol. || La bouteille de 70cl || Origine : FRANCE || Hennessy Fine de Cognac est un cognac à l'éclat délicat. Sa pureté tient à un assemblage d'eaux-de-vie raffinées spécialement sélectionnées pour leur finesse de fruit & leur expression originale.Le maître assembleur de Hennessy, fort d'un savoir-faire de plus de 200 ans, a repensé les formes et les matières pour imaginer cette autre dimension du cognac. Son nez de fleurs d'agrumes et de cannelle précède un palais de mandarine confite, formant une évidente harmonie. || Ce cognac se dévoile différemment à l'amateur, selon qu'il sera dégusté pur, glacé ou allongé d'eau fraîche 'fine à l'eau'. || Assemblage d'eaux-de-vie raffinées. || 
60,00€ / L || 
42,00 € || 
Cognac mature V.S.O.P 40%Vol. || La bouteille de 70cl || Origine : FRANCE || Rémy Martin V.S.O.P. Mature Cask Finish est l'harmonie parfaite de maturité et de puissance aromatique. Découvrez sa rondeur, son équilibre et ses notes de fruits mûrs sublimées par une période de mariage d'un an en fûts de chêne de plus de 20 ans. Rémy Martin VSOP Mature Cask Finish est issu d'un assemblage d'eaux-de-vie provenant exclusivement de vignobles offrant un exceptionnel potentiel de vieillissement. || Fine Champagne Cognac. || 
58,71€ / L || 
41,10 € || 
Bière blonde aromatisée sans alcool || Les 6 canettes de 33cl || Origine : FRANCE || Eau, malt d'orge, houblon, arômes naturels. Sans alcool. || Valeur énergétique en Joules :  116kj || Valeur énergétique en Kcal : 28kcal || Glucides : 5,1g || Lipides : 0g || Protides :0Traces || 
2,46€ / L || 
4,87 € || 
Boisson à base de vin désalcoolisé || La bouteille de 0,57L || Origine : FRANCE || FESTILLANT BLANC 75 CL || 
5,47€ / L || 
4,10 € || 
Pacific force anis, avec édulcorants, sans alcool || La bouteille de 1L || Origine : FRANCE || Pour libérer toute la fraîcheur de l'anis, Pacific se boit en long drink, très largement étendu d'eau. Dosage idéal : 1 volume de Pacific avec 5 volumes d'eau très fraîche. Pacific peut également se boire allongé de tonic ou de jus de fruits. Un éventuel léger dépôt est naturel. Dans ce cas agiter la bouteille. || Eau, émulsifiant E414, extraits naturels de végétaux, extraits naturels d'anis 1,5%, stabilisant E444, huile végétale fractionnée, colorants : E104, E110, édulcorant E959. || 
5,34€ / L || 
5,34 € || 
Rouge, apéritif non alcoolisé aux plantes || La bouteille de 1L || Origine : FRANCE || Bouguet Pau, créateur depuis 1980 d'apéritifs de caractère, sans alcool, a élaboré avec tout son savoir-faire et suivant une recette originale, Palermo Rosso au goût noble et généreux. || Palermo Rosso se déguste très frais sur glaçons, nature ou additionné d'eau gazeuse, accompagné d'un zeste de citron ou d'orange. || Eau, sirop de fructose, saccharose, arômes naturels, colorant: caramel E150d, acidifiant: acide citrique, antioxygène: acide ascorbique, arômes, conservateur: E211, arôme quinine. || A conserver au réfrigérateur après ouverture. || 
3,71€ / L || 
3,71 € || 
Apéritif sans alcool || Les 6 bouteilles de 10cl || Origine : FRANCE || Apéritif sans alcool. || A servir très frais. || Soda aromatisé aux plantes. Ingrédients : eau gazéifiée, sucres : saccharose et fructose, acidifiant : acide citrique, extraits de plantes, arômes, conservateur: E 211, colorants: E 122, E 110. Embouteillé en Italie par BOUGUET PAU SA, BP5, 94221 Charenton / France. || 
4,47€ / L || 
2,68 € || 
Blaye-Côtes de Bordeaux || La bouteille de 75cl || Origine : FRANCE || Contient des sulfites. || 
8,67€ / L || 
6,50 € || 
Bordeaux, 12% vol. || La bouteille de 75cl || Origine : FRANCE || Il fera merveille avec : charcuterie, hors-d'oeuvre, fromages légers, pizzas, tartes salées. A déguster entre 16°C et 18°C.  Zéro alcool pendant la grossesse. || Contient des sulfites. || 
5,00€ / L || 
3,75 € || 
Cadillac, Côtes de Bordeaux || La bouteille de 75cl || Origine : FRANCE || Le Terroir: Vignoble situé sur la commune de Rions, Terroirs argilo-graveleux. Le Vin: Vin équilibré et soyeux où s'harmonisent tannins du bois et fruit. Les Accords: Dégusté jeune sur des viandes rouges grillées, il se mariera parfaitement avec desplats en sauce et fromages aux goûts plus soutenus après quelques années en cave. || Cépages: 75% Merlot, 25% Cabernet Sauvignon. || 
7,87€ / L || 
5,90 € || 
Côtes de bourg, 13% vol. || La bouteille de 75cl || Origine : FRANCE || Il fera merveille avec : charcuterie, porc, agneau, volailles, fromages légers. A déguster entre 16°C et 18°C.  Zéro alcool pendant la grossesse. || Contient des sulfites. || 
5,67€ / L || 
4,25 € || 
Côtes de Bourg 2003 || La bouteille de 75cl || Origine : FRANCE || Cépage : Merlot 75%, Cabernet-Sauvignon 25%                               Dégusté & agréé par le jury Monoprix Gourmet avec Betanne & Desseauve     Pourquoi le jury m'a élu : "nez expressif et très plaisant", "une matière en bouche imposante mais pasasséchante", "de la noblesse, de la classe" : du bon Bordeaux moderne" en sommes selon l'expression d'un juré, qui se distingue de beaucoup d'autres cuvées de ce style par un prix "juste", c'est à dire encore accessible.Idéal avec les viandes rouges, en sauce ou grillées. || Contient des sulfites. || 
17,20€ / L || 
12,90 € || 
Côtes de Castillon || La bouteille de 75cl || Origine : FRANCE || Un très beau vin de plaisir, élaboré dans une appellation voisine de Saint-Emilion.  La légende raconte quon peut encore entendre, dans le puit du  Château, les pèlerins de Saint Jacques de Compostelle venus s'y abreuver... Un secret bien gardé, à partager absolument. || Idéal sur les viandes rouges mais accompagnera aussi délicieusement les gibiers et les plats en sauce, la daube par exemple et les fromages à pâte molle. || 
11,33€ / L || 
8,50 € || 
Graves, 13,5% vol. || La bouteille de 75cl || Origine : FRANCE || Il fera merveille avec : boeuf, agneau, volailles, légumes, fromages forts. A déguster entre 16°C et 18°C.  Zéro alcool pendant la grossesse. || Contient des sulfites. || 
6,65€ / L || 
4,99 € || 
Médoc, 12.5% vol. || La bouteille de 75cl || Origine : FRANCE || Il fera merveille avec : charcuterie, boeuf, agneau, fromages forts & légers. A déguster entre 16°C et 18°C.  Zéro alcool pendant la grossesse. || Contient des sulfites. || 
8,60€ / L || 
6,45 € || 
Médoc A.O.C. || La bouteille de 75cl || Origine : FRANCE || Le Terroir: Situé sur la commune de Saint Yzans, la proximité du fleuve et le microclimat qui en découle, associé à un sol rare de graves garonnaises, en font l'un des grands teroirs d'exception du Médoc. Le Vin: Haut Maurac est un vin de facture classique avec une trame ferme et bien structurée. Depuis le millesime 2008, la proportion differente de merlot, devenu majoritaire, confère à ce vin des tanins ronds et veloutés et une belle maturité de fruit. Le malbec s'exprime par une note épicée enfinale. Un vin élégant et harmonieux. || A déguster à température ambiante, de 16°C à 18°C. || Cépages : 60% de Merlot, 35% de Cabernet Sauvignon, 5% de Malbec. || 
18,00€ / L || 
13,50 € || 
Médoc Cru Bourgeois, AOC, 13,5% vol. || La bouteille de 75cl || Origine : FRANCE || Contient des sulfites. || 
15,87€ / L || 
11,90 € || 
Puisseguin Saint-Emilion || La bouteille de 75cl || Origine : FRANCE || Le Terroir: A 40 Kilomètres à l'est de Bordeaux, dans le prolongement de l'appellation Saint-Emilion, sur un plateau argilo-sablo-calcaire. Le vin: Une belle robe rouge rubis limpide et brillante. Vin aromatique, très expressif avec des notesde petits fruits rouges frais, une bouche corsée élégante avec des tannins présents mais soyeux. Belle persistance en fin de bouche où l'on retrouve les arômes découverts au nez: cerise confite, cassis frais, mêlés à de légères notes vanillées et fumées. LesAccords: A deguster avec les charcuteries, viandes rouges et gibiers, grillades et fromage à pâte molle. || A déguster à température ambiante, 16°C à 18°C. || Cépages : 90% de Merlot et 10% de cabernet Sauvignon. || A deguster dès à présent et pourra aussi se bonifier quelques années en cave. || 
13,60€ / L || 
10,20 € || 
Château Saint Antoine, bordeaux supérieur, cuvée cayot || La bouteille de 75cl || Origine : FRANCE || Zéro alcool pendant la grossesse || Valeur énergétique en Joules :  0 || Valeur énergétique en Kcal : 0 || Glucides : 0 || Lipides : 0 || Protides :0 || Contient des sulfites || 
6,80€ / L || 
5,10 € || 
Bordeaux, élevé en fûts de chêne || La bouteille de 75cl || Origine : FRANCE || Mariage d'arômes de fruits rouge et de pruneau, accompagné de notes épicées, souligné par une structure souple et puissante. Elevé en fûts de chêne.Fruit de la rencontre entre l'homme et la vigne, Baron de Lestac vous offre un vin de caractère, richede son héritage. || Ouvrir 1h à l'avance et servir à la température de 16-18°C. || Contient des sulfites. || 
6,60€ / L || 
4,95 € || 
Bordeaux || La bouteille de 75cl || Origine : FRANCE || 
4,40€ / L || 
3,30 € || 
Pauillac || La bouteille de 75cl || Origine : FRANCE || 
286,67€ / L || 
215,00 € || 
Bordeaux, grand vin rouge || La bouteille de 75cl || Origine : FRANCE || Depuis plus d'un siècle, nous élevons nos vins dans la plus pure tradition bordelaise et dans le respect de ce prestigieux terroir. Les raisins cueillis à parfaite maturité ainsi que nos soins attentifs de la vigne à votre verre donnent un vin rond et chaleureux, aux arômes de fruits rouges (cassis, mûre...). || Cellier Yvecourt s'apprécie en toutes occasions gourmandes, en accompagnement de viandes rouges, charcuteries ou fromages de caractère et plus surprenant encore à l'apéritif. || Contient des sulfites. || 
5,40€ / L || 
4,05 € || 
Bordeaux supérieur, grand vin rouge de Bordeaux, 13% vol. || La bouteille de 75cl || Origine : FRANCE || Zéro alcool pendant la grossesse. || Contient des sulfites. || 
5,57€ / L || 
4,18 € || 
Montagne Saint-émilion, grand vin rouge de Bordeaux || La bouteille de 75cl || Origine : FRANCE || Propriétaire depuis 1742 la famille Bertin s'est évertuée de génération en génération à produire les vins les plus authentiques, reflets des terroirs les plus illustres du Bordelais. Issus des cépages les plus nobles (Merlot, Cabernet Franc) les vinsque nous élevons avec passion se caractérisent par des arômes fins et élégants alliés à une structure généreuse et complexe du fruit. || Zéro alcool pendant la grossesse. || Contient des sulfites. || 
11,33€ / L || 
8,50 € || 
Côte de Bourg || La bouteille de 75cl || Origine : FRANCE || 
10,20€ / L || 
7,65 € || 
Saint Emilion Grand Cru, AOC, 12,5%vol. || La bouteille de 75cl || Origine : FRANCE || 
19,93€ / L || 
14,95 € || 
St Estèphe, Cru Bourgeois || La bouteille de 75cl || Origine : FRANCE || 
23,87€ / L || 
17,90 € || 
Bordeaux, grand vin de Bordeaux || La bouteille de 75cl || Origine : FRANCE || Zéro alcool pendant la grossesse || 
6,20€ / L || 
4,65 € || 
Vin rouge, Bordeaux Supérieur A.O.P. || La bouteille de 75cl || Origine : FRANCE || 
6,93€ / L || 
5,20 € || 
Listrac-Médoc A.O.P || La bouteille de 75cl || Origine : FRANCE || A garder entre 2 et 5 ans.                                                    A servir à température ambiante, de 16 à 18°C. || 
19,80€ / L || 
14,85 € || 
Grand vin de Bordeaux || La bouteille de 75cl || Origine : FRANCE || 
5,32€ / L || 
3,99 € || 
Médoc A.O.C. || La bouteille de 75cl || Origine : FRANCE || 
14,53€ / L || 
10,90 € || 
Pauillac || La bouteille de 75cl || Origine : FRANCE || 
27,99€ / L || 
20,99 € || 
Grand vin rouge de Bordeaux, 12.5% vol. || La bouteille de 75cl || Origine : FRANCE || Le dépôt cristallin qui peut apparaître sur les parois intérieures de la bouteille ou sur le bouchon, demeure un phénomène naturel de l'évolution du vin. Ce dépôt n'altère nullement les qualités gustatives et la conservation de ce cru authentique. || 
5,57€ / L || 
4,18 € || 
Saint Emilion Grand Cru, A.O.C || La bouteille de 75cl || Origine : FRANCE || Au milieu des plus grands crus classés du Libournais, Château Jean Faure élabore un Saint-Émilion Grand Cru valeureux et prestigieux. Un millésime gourmand, délicat et équilibré, digne du terroir légendaire qui l'a porté. Une occasion à ne pas manquer !                                           Idéal avec les viandes rouges, en sauce ou grillées || Contient des sulfites. || 
34,53€ / L || 
25,90 € || 
Pauillac || La bouteille de 75cl || Origine : FRANCE || 
1053,33€ / L || 
790,00 € || 
Pessac-Léognan A.O.P. || La bouteille de 75cl || Origine : FRANCE || 
16,53€ / L || 
12,40 € || 
Bordeaux Amavinum, AOC || La bouteille de 75cl || Origine : FRANCE || Château Laroche Beaulieu est situé sur l'appellation Côtes de Castillon. Son terroir est géologiquement semblable à celui du plateau de Saint-Émilion.                                                                        Une conduite de la vigne digne d'un grand cru classé et des vendanges "haute couture" confèrent concentration et finesse à cet assemblage dominé par le Merlot. || 
9,27€ / L || 
6,95 € || 
Côtes de Castillon, vin rouge, 12.5% vol. || La bouteille de 75cl || Origine : FRANCE || Zéro alcool pendant la grossesse. || Contient des sulfites. || 
6,33€ / L || 
4,75 € || 
Côtes de Bourg || La bouteille de 75cl || Origine : FRANCE || 
9,00€ / L || 
6,75 € || 
Côtes de Bourg || La bouteille de 75cl || Origine : FRANCE || 
9,00€ / L || 
6,75 € || 
Sainte-Foy Bordeaux || La bouteille de 75cl || Origine : FRANCE || 
8,93€ / L || 
6,70 € || 
Sainte-Foy Bordeaux || La bouteille de 75cl || Origine : FRANCE || 
8,93€ / L || 
6,70 € || 
Blaye Côtes de Bordeaux A.O.P. || La bouteille de 75cl || Origine : FRANCE || 
10,33€ / L || 
7,75 € || 
Médoc A.O.C. rouge || La bouteille de 75cl || Origine : FRANCE || 
11,93€ / L || 
8,95 € || 
Bordeaux A.O.C rouge, issu de raisins de l'agriculture biologique || La bouteille de 75 cl || Origine : FRANCE || 
7,33€ / L || 
5,50 € || 
Bordeaux A.O.C rouge, issu de raisins de l'agriculture biologique || La bouteille de 75 cl || Origine : FRANCE || 
7,33€ / L || 
5,50 € || 
Bordeaux, médoc, 13% vol. || La bouteille de 75cl || Origine : FRANCE || Profonde couleur, très fin très fruité, bonne rondeur, bonne consistance || A consommer à 17%. Se met pleinement en valeur lorsqu'il accompagne viandes blanches, grillades, fromages.  Zéro alcool pendant la grossesse || 75% Cabernet Sauvignon, 25% Merlot || Conserver à l'abri de la lumière. Durée de vieillissement 10-15 ans. || 
10,05€ / L || 
7,54 € || 
Saint-Émilion Grand Cru A.O.C. || La bouteille de 75cl || Origine : FRANCE || 
17,20€ / L || 
12,90 € || 
Châteauneuf-du-Pape || La bouteille de 75cl || Origine : FRANCE || Terroir: Vallée du Rhône.Le Vin: jolie robe rouge aux reflets brillants.  Au nez , ce chateauneuf-du-Pape développe des arômes de petits fruits     rouges. sa bouche est ample, soyeuse et veloutée. Les Accords: Il         accompagne idéalement les viandes cuisinées en sauce, notamment les       gibiers, tel le civet de lièvre ou le sanglier.                           Idéal avec les gibiers, venaisons. || A déguster à température de cave, entre 14°C et 16°C. || Cépages: Grenache 75%, Mourvèdre 11%, Syrah 9%, Cinsault, Vaccarèse et Counoise 5%. Contient des sulfites. || 
30,53€ / L || 
22,90 € || 
Côtes du Lubéron || La bouteille de 75cl || Origine : FRANCE || Dégusté & Agréé par le jury Monoprix Gourmet avec Bettane & Desseauve     Pourquoi le jury m'a élu : "simplement bon", "agréablement léger, un vin de soif!" : les jurés ont apprécié la caractère facile de ce vin clairement élaboré dans une optique de plaisir immédiat.                            Le Terroir: Puget sur Durance, Provence Alpes Côte d'azur, Vaucluse, Vallée du Rhône. Le Vin: Millesime très solaire et très arrosé durant les vendanges. Les jus sont très fruités et vifs. La Syrah domine dans l'assemblage pour équilibrer la fraîcheur du vin permettant ainsi de conserver le potentiel de grade. La robe est profonde et soutenue, la palette arômatique donne une trame autour du fruit noir (cassis, mûre, cerise, violette) laissant une note finale de reglisse et de zan. || Un vin qui s'accordera aux pâtes, aux pizzas, et plus largement à tous les plats en sauce tomate, ainsi qu'aux cuisines du Maghreb. || Cépage : Grenache 80%, Syrah 20%. Contient des sulfites. || A déguster dès à présent et à surveiller pour les 5/7 ans à venir || 
9,20€ / L || 
6,90 € || 
Côtes du Rhône, 14.5% vol. || La bouteille de 75cl || Origine : FRANCE || Il fera merveille avec : volailles, viandes rouges, cuisine asiatique et fromages corsés.  Zéro alcool pendant la grossesse. || Contient des sulfites. || 
5,20€ / L || 
3,90 € || 
Côtes du rhône Village || La bouteille de 75cl || Origine : FRANCE || Le Teroir: Sols Caillouteux et composé d'argile et de safre. Sud du Rhone.Dégusté & agréé par le jury Monoprix Gourmet avec Bettane et Desseauve    Pourquoi le jury m'a élu : "complexe et long", "tout à la fois une belle matière et beaucoup d'équilibre", "du fruité et du volumen, on se réglae". Si l'unanimité et toujours de mise avec les vins validés par le jury Gourmet, cette unanimité se fait superlative avec ce beau vin complet.         Idéal avec les gibiers, venaisons || Cépages: Grenache et Syrah. Contient des sulfites. || 
9,50€ / L || ##
Côtes du rhône Village || La bouteille de 75cl || Origine : FRANCE || Le Teroir: Sols Caillouteux et composé d'argile et de safre. Sud du Rhone.Dégusté & agréé par le jury Monoprix Gourmet avec Bettane et Desseauve    Pourquoi le jury m'a élu : "complexe et long", "tout à la fois une belle matière et beaucoup d'équilibre", "du fruité et du volumen, on se réglae". Si l'unanimité et toujours de mise avec les vins validés par le jury Gourmet, cette unanimité se fait superlative avec ce beau vin complet.         Idéal avec les gibiers, venaisons || Cépages: Grenache et Syrah. Contient des sulfites. || 
9,50€ / L || ##
Côtes du rhône Village || La bouteille de 75cl || Origine : FRANCE || Le Teroir: Sols Caillouteux et composé d'argile et de safre. Sud du Rhone.Dégusté & agréé par le jury Monoprix Gourmet avec Bettane et Desseauve    Pourquoi le jury m'a élu : "complexe et long", "tout à la fois une belle matière et beaucoup d'équilibre", "du fruité et du volumen, on se réglae". Si l'unanimité et toujours de mise avec les vins validés par le jury Gourmet, cette unanimité se fait superlative avec ce beau vin complet.         Idéal avec les gibiers, venaisons || Cépages: Grenache et Syrah. Contient des sulfites. || 
12,67€ / L || 
9,50 € || 
Côtes du Rhône Villages, Grand Vin, A.O.C || La bouteille de 75cl || Origine : FRANCE || Le Terroir: Vallée du Rhone. Le Vin: Le regard est attiré par la profondeur de la robe d'un rouge sombre. Le nez commence à s'ouvrir. Il faut attenrde et aérer le vin pour en saisir le potentiel. On note alors des arômes de tapenade, de ciste, de romarin puis des parfums d'écorce, de de bois de rose et de fumée. la bouche tient la promesse avec une puissance contenue mais bien présente. Les Accords: Le gigot d'agneau reste un accord parfait. Une joue de porc aux petits légumes ou un confit de canard s'associeront à merveille. || A déguster à température de cave, entre 14°C et 16°C. || Cépages: Grenache et syrah majoritaires. Contient des sulfites. || 
9,20€ / L || 
6,90 € || 
Crozes-Hermitage || La bouteille de 75cl || Origine : FRANCE || Le Terroir: Alluvions glacières avec de très nombreux galets roulés, cailloux et graviers sur la commune de Marcurol dans la Drôme. Le Vin: Robe rouge cerise intense. Au nez on retrouve des arômes de petits fruits rouges: cassis. En bouche, le vin est très rond avec des notes de fruits rouges et de fumé. Les Accords: Ris de veau. || A déguster à température de cave, entre 14°C et 16°C. || Cépages: Syrah. Contient des sulfites. || 
15,33€ / L || 
11,50 € || 
Gigondas A.O.P, Grand Vin || La bouteille de 75cl || Origine : FRANCE || Le Terroir: Essentiellement sur le versan Est de l'appellation, entre 200 et 350 mètres d'altitude. Le Vin: Au nez, on trouve les mêmes senteurs que dans les collines de Gigondas: le pin, le romarin, l'herbe sèche que l'on foule en marchant, la pierre calcaire... D'autres arômes complètent le vin: la reglisse, la baie de myrte, le cassis et des notes plus fumées et légèrement cacaotées. La bouche est en ascension permanente: discrète au début, elle gagne en puissance à chaque seconde. la finalemontre une très belle longueur. Les Accords: Une belle pièce de boeuf au poivre, une pièce de gibier telle qu'un faisant aux truffes ou encore une épaule d'agneau. || A déguster à température de cave, entre 14°C et 16°C. || Cépages: 80% Grenache, Complété par la Syrah. Contient des sulfites. || 
19,07€ / L || 
14,30 € || 
Vinsobres 2011, Les Cornuds || La bouteille de 75cl || Origine : FRANCE || Le Terroir: Vignoble le plus septentrional du Rhône Sud. La famille perrin possède une soixantaine d'hectares à Vinsobres, d'un seul tenant en terrasses et coteaux d'une altitude moyenne de 300 mètres au Nord de l'appellation. Marnes caillouteuses etsableuses en coteaux, alluvions quaternaires caillouteuses en terasses. Le Vin: Robe pourpre très profonde aux reflets violets, nez très intense sur des arômes de violette, de fruits noirs et d'épices, de poivre noir et réglisse. Bouche ronde et ample en finesse, avec des tanins élégants, beaucoup de fraicheur. || A déguster à température de cave, entre 14°C et 16°C. || Cépages: grenache et Syrah. Contient des sulfites. || 
13,60€ / L || 
10,20 € || 
Cru des côtes du Rhône AOC vin rouge || La bouteille de 750ml || Origine : FRANCE || Abrités par les dentelles de Montmirail, les coteaux les plus ensoleillés de Beaumes de Venise sont réservés à ce grand vin. Nous vendangeons à la main comme autrefois. Et pour vinifier et élever nos vins, nous marions la tradition aux meilleurs progrès de l'oenologie; Vin de garde à la jolie robe d'un rouge profond. Il est puissant, généreux et bien typé. En bouche, l'ensemble en équilibre et dominé par une note de mûre. || Idéal sur les gibiers, les rôtis, les gigots et les fromages. Servir à 16-17°c. || Contient des sulfites. Grenache, Syrah, Cinsault, Mourvèdre. || 
9,84€ / L || 
7,38 € || 
Crozes-hermitage, vin rouge, 13% vol. || La bouteille de 75cl || Origine : FRANCE || Maison de Vin centenaire située à Châteauneuf-du-Pape, CAVES SAINT-PIERRE a construit sa renommée sur sa connaissance du vignoble et l'élégance de ses vins. Le Crozes-Hermitage Préférence traduit l'expérience et le savoir-faire unique des femmes et des hommes de CAVES SAINT-PIERRE. Vin généreux, de couleur rouge aux reflets violacés, ce Crozes-Hermitage révèle des notes poivrées sur un nez intense de fruits rouges et de framboise. || Zéro alcool pendant la grossesse. || Contient des sulfites. || 
12,47€ / L || 
9,35 € || 
Saint-Joseph, préférence, 13% vol. || La bouteille de 75cl || Origine : FRANCE || Maison de Vin centenaire située à Châteauneuf-du-Pape, CAVES SAINT-PIERRE a construit sa renommée sur sa connaissance du vignoble et l'élégance de ses vins. Le Saint-Joseph Préférence traduit l'expérience et le savoir-faire unique des femmes et des hommes de CAVES SAINT-PIERRE. Vin aux tanins puissants et soyeux, ce Saint-Joseph exhale des arômes frais et mentholés avec des notes d'épices rappelant Faneth et le curcuma. || Zéro alcool pendant la grossesse. || Contient des sulfites. || 
13,57€ / L || 
10,18 € || 
Côtes du Rhône, vin rouge, 13,5% vol. || La bouteille de 75cl || Origine : FRANCE || Le Pays du Cellier des Dauphins, situé dans la partie méridionale de la Vallée du Rhône, offre des vins de soleil, souples et fruités, à base de grenache et syrah. || A déguster à 16°-18°C avec viandes rouges, gibiers et fromages.  La consommation de boissons alcoolisées pendant la grossesse, même en faible quantité, peut avoir des conséquences graves sur la santé de l'enfant. || Contient des sulfites. || 
4,93€ / L || 
3,70 € || 
Côtes du Rhône AOC, vin rouge || La bouteille de 75cl || Origine : FRANCE || Situé entre ORANGE et SERIGNAN DU COMTAT, le " chateau de Beaulieu " fut jadis la propriété des princes d'Orange. Enraciné sur un sol argilo-calcaire et constitué de cépages nobles tels que grenache (60%), Syrah, Cinsault, Mourvèdre et carignan, le vignoble produit des vins d'une belle couleur p urpre, puissants et souples à la fois, aux arômes de fruits rouges, d'une harmonie parfaite. || Ils accompagnent parfaitement les viandes rouges, les gibiers et les fromages. A consommerlégèrement chambré à 16°. || Contient des sulfites. || De très bonne tenue, ces vins pourront vieillir trois à cinq ans à l'abri de la lumière. || 
6,12€ / L || 
4,59 € || 
Côtes du Rhône Village || La bouteille de 75cl || Origine : FRANCE || 
7,33€ / L || 
5,50 € || 
Costières de Nîmes A.O.P || La bouteille de 75cl || Origine : FRANCE || 
7,47€ / L || 
5,60 € || 
Costières de Nîmes, A.O.C || La bouteille de 75cl || Origine : FRANCE || Véritable vin gourmand, ce Costières de Nîmes est tout en fruité et en fraîcheur.                                                                   Il est élaboré par deux passionnés qui, après une riche expérience professionnelle dans de grandes entreprises viticoles, ont décidé de créer leurs propres vins et fait de leur maison l'une des plus reconnues de la Vallée du Rhône. || 
5,07€ / L || 
3,80 € || 
Côtes du Rhône, de natura rerum, certifié AB, 13.5% vol. || La bouteille de 75cl || Origine : FRANCE || La nature nous a tout donné pour que notre passion puisse s'exprimer. Nous lui rendons hommage en créant ce vin issu de parcelles conduites selon les principes de l'agriculture biologique. Vin issu de raisins de l'Agriculture Biologique certifié. || Savourez-le à 18°C avec un rôti de veau à la crème ou un tian d'aubergines. Il s'exprimera aussi à merveille sur une pizza ou une entrecôte grillée.  Zéro alcool pendant la grossesse. || Contains sulfites. || 
6,60€ / L || 
4,95 € || 
Côtes du Rhône, de natura rerum, certifié AB, 13.5% vol. || La bouteille de 75cl || Origine : FRANCE || La nature nous a tout donné pour que notre passion puisse s'exprimer. Nous lui rendons hommage en créant ce vin issu de parcelles conduites selon les principes de l'agriculture biologique. Vin issu de raisins de l'Agriculture Biologique certifié. || Savourez-le à 18°C avec un rôti de veau à la crème ou un tian d'aubergines. Il s'exprimera aussi à merveille sur une pizza ou une entrecôte grillée.  Zéro alcool pendant la grossesse. || Contains sulfites. || 
6,60€ / L || 
4,95 € || 
Côtes du Rhône || La bouteille de 75cl || Origine : FRANCE || En 2007, Vincent BROUSSE a agrandi son vignoble de quelques hectares de vignes de syrahs toujours situés sur les coteaux de Saint Martin d'Ardèche. Avec maintenant presque 50% de syrah et des rendements toujours faibles (40hl/ha)il a pu vendanger desraisins ayant une intensité aromatique jamais atteinte jusqu'alors. Formidable sur un rôti de boeuf, le domaine du Grand Clos accompagne à merveille les volailles et les fromages de vache || Zéro alcool pendant la grossesse || 
5,60€ / L || 
4,20 € || 
Côte rôtie, vin rouge, 13% vol || La bouteille de 750ml || Origine : FRANCE || A la suite du fondateur Etienne GUIGAL, qui a vinifié 67 récoltes, Marcel et son fils Philippe, profondément attachés aux  terroirs de leur région, mettent passion et rigueur au service des grands vins de la vallée du Rhône. La devise du Château d'Ampuis, "Nul bien sans peine" , illustre la philosophie qualitative familiale qui exprime, pleinement et avec constance, l'excellence des appellations rhodaniennes. || Zéro alcool pendant la grossesse || 
43,13€ / L || 
32,35 € || 
Côtes du Rhône, 13% vol. || La bouteille de 75cl || Origine : FRANCE || A la suite du fondateur Etienne GUIGAL, qui a vinifié 67 récoltes, Marcel et son fils Philippe, attachés aux terroirs de leur région, mettent passion et rigueur au service des grands vins.La devise du Château d'Ampuis - 'Nul bien sans peine' - illustre la philosophie qualitative familiale qui exprime, pleinement et avec constance, l'excellence des appellations rhodaniennes. || Contient des sulfites. || 
11,93€ / L || 
8,95 € || 
Crozes-Hermitage || La bouteille de 75cl || Origine : FRANCE || 
19,20€ / L || 
14,40 € || 
Côtes du Rhône A.O.P || La bouteille de 75cl || Origine : FRANCE || 
6,27€ / L || 
4,70 € || 
Vacqueyras A.O.P. || La bouteille de 75cl || Origine : FRANCE || A garder entre 2 et 5 ans. || A servir à température cave de 14 à 16°C. || 
19,33€ / L || 
14,50 € || 
Vacqueyras A.O.P. || La bouteille de 75cl || Origine : FRANCE || A garder entre 2 et 5 ans. || A servir à température cave de 14 à 16°C. || 
19,33€ / L || 
14,50 € || 
Bourgogne pinot noir, AOC || La bouteille de 75cl || Origine : FRANCE || Il fera merveille avec: Volailles, Viande blanches, Agneau, Fromages légers. A déguster entre 16°c et 18°c. || Contient des sulfites. || 
10,88€ / L || 
8,16 € || 
Brouilly || La bouteille de 75cl || Origine : FRANCE || Une cave en ville : à la découverte des grands classiques du vignoble français. || Il fera merveille avec : poissons, charcuterie, porc, volailles, veau, fromages forts & légers, pizzas. A déguster entre 14°C et 16°C. || Contient des sulfites. || 
9,68€ / L || 
7,26 € || 
Marsannay || La bouteille de 75cl || Origine : FRANCE || Le Terroir: Marsannay village. Le Vin: Robe rouge rubis, soulignée de touches violines. Nez fin, avec une touche florale qui évoque la violette et un fruité où domine la framboise. L'attaque en bouche se caractérise par une souplesse et une franchiseréunies dans un même mouvement, avec un caractère très fin. Les Accords: Charcuterie, cochonaille et viandes grillées, volailles de fêtes (dindes, chapons, etc..). || Cépages: Pinot Noir. Contient des sulfites || 
22,53€ / L || 
16,90 € || 
Vin de Bourgogne, AOC, 13% vol. || La bouteille de 75cl || Origine : FRANCE || Le Terroir: Le village de Ladoix situé au nord de la Côte de Beaune,et à la limite de la Côte de Nuits, il est situé au pied de la colline de Corton. Les vignes sont orientées Est et Sud-Est sur un sol argilo calcaire et marneux. Le Vin: Très belle expression, avec un côté tendre, mais de la profondeur et de jolis tanins fins. Les Accords: Jambons crus de type Parme, viandes fibreuses comme le lapin et le boeuf bouilli. || Cépages: Pinot Noir. || 
24,87€ / L || 
18,65 € || 
Vin rouge || La bouteille de 75cl || Origine : FRANCE || Idéal avec les volailles de fêtes (dindes, chapons, etc..) || Contient des sulfites. || 
16,67€ / L || 
12,50 € || 
Bourgogne passetougrains, vin rouge, 12% vol. || La bouteille de 75cl || Origine : FRANCE || Récolté partout dans le vignoble bourguignon, ce vin associe au minimum 1/3 de cépage Pinot Noir avec le cépage Gamay. || Servi jeune et légèrement frais, il accompagnera aussi bien les viandes grillées que les viandes en sauce, ainsi que les fromages frais ou affinés.  Zéro alcool pendant la grossesse. || CONTIENT DES SULFITES [SO2]. || 
7,27€ / L || 
5,45 € || 
Bourgogne Hautes-Côtes de Beaune || La bouteille de 75cl || Origine : FRANCE || 
14,53€ / L || 
10,90 € || 
Côte de Brouilly, cuvée Godefroy, vin rouge, 13% vol. || La bouteille de 75cl || Origine : FRANCE || Zéro alcool pendant la grossesse. || Contient des sulfites. || 
12,47€ / L || 
9,35 € || 
Vierge blanche, pinot noir, vin rouge de Bourgogne, sélectionné à la propriété, 12,5% vol. || La bouteille de 750ml || Origine : FRANCE || Le DOMAINE de la GRANGERIE possède l'une des plus grandes superficies de vignes en Bourgogne, soit 55 hectares et se situe au coeur d'un petit village Bourguignon. Ce Bourgogne dont le cépage est le Pinot Noir est élevé dans les caves du Domaine. || Riche frais et fin, il accompagnera les charcuteries, toutes viandes grillées et rôties, volailles et fromages. A déguster entre 14°C et 16°C.  Zéro alcool pendant la grossesse. || CONTIENT DES SULFITES [SO2]. || 
9,87€ / L || 
7,40 € || 
Vin rouge || La bouteille de 75cl || Origine : FRANCE || Robe grenat profond. Arômes de fruits noirs avec des notes confiturées. Charnu, subtilement épicé, il développe en bouche des saveurs complexes.Vin fin et harmonieux avec une longueur remarquable en finale. || Température de service : entre 16° et 18°C. Harmonie mets/vins : gibiers, viandes rouges, fromages affinés. || Contient sulfites (SO2). || Conservation : 3 à 5 ans. || 
10,47€ / L || 
7,85 € || 
Bourgogne Hautes Côtes de nuits, vin rouge, 12,5% || La bouteille de 75cl || Origine : FRANCE || SÉBASTIEN   PASCAULT,    PROPRIÉTAIRE   À   BÉVY EN HAUTES COTES DE NUITS (A LA HAUTEUR DU VILLAGE DE NUITS ST GEORGES) conduit ses vignes en "LUTTE RAISONNEE". DANS LE PLUS GRAND RESPECT DES SOLS  ET DE L'ENVIRONNEMENT.CE VIN SE MARIE BIEN AVEC LESVIANDES ROUGES, LES PETITS GIBIERS ET LES FROMAGES LÉGERS. TEMPERATURE DE SERVICE : 16° C. || Zéro alcool pendant la grossesse || Valeur énergétique en Joules :  0 || Valeur énergétique en Kcal : 0 || Glucides : 0 || Lipides : 0 || Protides :0 || Contient des sulfites || 
13,27€ / L || 
9,95 € || 
Chiroubles, vin rouge, 12,5% vol. || La bouteille de 75cl || Origine : FRANCE || Ce Chiroubles à la robe rubis vive et brillante révèle au nez des arômes subtils de fruits rouges et de fleurs, et, en bouche une grande finesse et un bel équilibre. || TEMPÉRATURE DE SERVICE Entre 15° et 16° C. HARMONIE METS / VIN Charcuterie Viandes blanches.  Zéro alcool pendant la grossesse. || CONTIENT SULFITES (SO2). || CONSERVATION : A maturité. Peut aussi vieillir de 2 à 3 ans. || 
9,99€ / L || 
7,49 € || 
Saint-amour, vin rouge, 12,5% vol. || La bouteille de 75cl || Origine : FRANCE || Robe rouge rubis. Arômes intenses de fruits rouges avec des notes florales. Vin ample et particulièrement charmeur en bouche avec une bonne persistance. || TEMPÉRATURE DE SERVICE Entre 14° et 15° C. HARMONIE METS / VIN Salade Beaujolaise, volailles, paupiettes de veau aux girolles, fromages affinés.  Zéro alcool pendant la grossesse. || CONTIENT SULFITES (SO2). || CONSERVATION : A maturité. Peut aussi vieillir de 2 à 3 ans. || 
13,13€ / L || 
9,85 € || 
Givry, vin rouge, beaune, 13% vol. || La bouteille de 75cl || Origine : FRANCE || Zéro alcool pendant la grossesse. || Contains sulphites. || 
20,40€ / L || 
15,30 € || 
Pommard, AOC, 13,5%vol. || La bouteille de 75cl || Origine : FRANCE || 
45,33€ / L || 
34,00 € || 
Savigny-Les-Beaune, AOC, 13%vol. || La bouteille de 75cl || Origine : FRANCE || 
21,25€ / L || 
15,94 € || 
Cabardès, Terroir d'altitude || La bouteille de 75cl || Origine : FRANCE || Le Terroir:                                                               Pur produit du pays de la Montagne noire, ce vin puissant, riche et profond, est issu dun vignoble daltitude entre garrigue et oliviers. Un rouge   de caractère produit par unemaison familiale, restée indépendante depuis 1620. Le Vin: Couleur grenat foncé très profond. Le vin se caractérise par la puissance et l'harmonie des arômes. Arômes de cassis et de mûre se mêlant à ceux des épices, du menthol, du cacao. Bouche riche et ample, tanins fins et denses. Les Accords: Viande en sauce, grillades ou fromages cremeux. || Elevée en barrique, elle se déguste avec bonheur sur une cuisine de fête, toute en finesse et en saveurs. || Cépages: Cabernet sauvignon à 25%, Merlot à 30%, Grenache à 10% et Syrah à 35%. Contient des sulfites. || Peut se garder en cave 5 à 6 ans || 
7,95€ / L || ##
Cabardès, Terroir d'altitude || La bouteille de 75cl || Origine : FRANCE || Le Terroir:                                                               Pur produit du pays de la Montagne noire, ce vin puissant, riche et profond, est issu dun vignoble daltitude entre garrigue et oliviers. Un rouge   de caractère produit par unemaison familiale, restée indépendante depuis 1620. Le Vin: Couleur grenat foncé très profond. Le vin se caractérise par la puissance et l'harmonie des arômes. Arômes de cassis et de mûre se mêlant à ceux des épices, du menthol, du cacao. Bouche riche et ample, tanins fins et denses. Les Accords: Viande en sauce, grillades ou fromages cremeux. || Elevée en barrique, elle se déguste avec bonheur sur une cuisine de fête, toute en finesse et en saveurs. || Cépages: Cabernet sauvignon à 25%, Merlot à 30%, Grenache à 10% et Syrah à 35%. Contient des sulfites. || Peut se garder en cave 5 à 6 ans || 
7,95€ / L || ##
Cabardès, Terroir d'altitude || La bouteille de 75cl || Origine : FRANCE || Le Terroir:                                                               Pur produit du pays de la Montagne noire, ce vin puissant, riche et profond, est issu dun vignoble daltitude entre garrigue et oliviers. Un rouge   de caractère produit par unemaison familiale, restée indépendante depuis 1620. Le Vin: Couleur grenat foncé très profond. Le vin se caractérise par la puissance et l'harmonie des arômes. Arômes de cassis et de mûre se mêlant à ceux des épices, du menthol, du cacao. Bouche riche et ample, tanins fins et denses. Les Accords: Viande en sauce, grillades ou fromages cremeux. || Elevée en barrique, elle se déguste avec bonheur sur une cuisine de fête, toute en finesse et en saveurs. || Cépages: Cabernet sauvignon à 25%, Merlot à 30%, Grenache à 10% et Syrah à 35%. Contient des sulfites. || Peut se garder en cave 5 à 6 ans || 
10,60€ / L || 
7,95 € || 
Compagnie des papillons, A.O.C || La bouteille de 75cl || Origine : FRANCE || Le Terroir: Fenouillèdes, haute vallée de l'Agly, Roussillon, sols granitiques. Le Vin: Fraîcheur, minéralité, fruit, finesse. Les Accords: Cuisine méditerranéenne, Catalane, Italienne. || A déguster à température de cave, entre 14°C et 16°C. || Cépages: Grenache, Carignan majoritaires. || 
16,41€ / L || 
12,31 € || 
Corbières, appellation d'origine contrôlée || La bouteille de 75cl || Origine : FRANCE || Il fera merveille avec: charcuterie, porc, volailles, fromages légers. || A déguster entre 14°C et 16°C.  Zéro alcool pendant la grossesse. 10cl = 1,1 unité d'alcool || 13,5%Vol. Contient des sulfites. || 
4,60€ / L || 
3,45 € || 
Corbières A.O.P || La bouteille de 75cl || Origine : FRANCE || Le Terroir:Le château est situé au coeur de l'A.O.C Corbières, sur la communes de Boutenac. Il occupe un terroir de coteaux aux sols de quartz et de cailloux roulés, exposés sud et est.Le Vin: Le nez exhale un bouquet de fruits rouges légèrement confits, où  se mêlent des notes de poivre et de café. La bouche estample, avec un retour aromatique de réglisse et de poivre.                                                                                                                                                                                      Les Accords: Charcuteries, grillades et viandes blanches. || A déguster à 16°C || 
10,53€ / L || 
7,90 € || 
Faugères, Terroir d'Altitude || La bouteille de 75cl || Origine : FRANCE || Le Terroir: Nord Ouest de Beziers. Le Vin: Robe sombre, grenat foncé. Nez puissant, intense, dominé par les fruits noirs compotés. Notes de         torréfaction, de havane et de cacao soutenues par un trait de poivre.     Bouche ample, charnue, tanins bien mûrs, finale très longue. Belle présence ne bouche. Les Accords: Magrets de canard, voleilles, côtes de boeuf grillées, charcuterie et fromages affinés. || A déguster à température de cave, entre 14°C et 16°C. || Cépages: 55% de Syrah sur schistes, 35% de Grenache vieilles vignes et 10% de Mourvèdre. || Bon potentiel de garde. || 
12,40€ / L || 
9,30 € || 
IGP Côtes Catalanes || La bouteille de 75cl || Origine : FRANCE || Le Terroir: Schistes noirs en altitude de la haute valée de l'Agly, vignoble en terrasse. Le Vin: Un vin souple et gorgé de soleil qui propose un véritable carnaval de saveurs: fruits rouges, épices, prune rouge, pruneau. La suavité des tannins et lagénérosité des fruits mûrs font de ce vin le partenaire idéal des grillades estivales. || A déguster à température de cave, entre 14°C et 16°C. || Cépages: 100% Carignan. Contient des sulfites. || 
7,93€ / L || 
5,95 € || 
Languedoc, 12% vol. || La bouteille de 75cl || Origine : FRANCE || Il fera merveille avec : hors d'oeuvre, boeuf, porc, agneau, fromages forts. A déguster entre 14°C et 16°C. || Contient des sulfites. || 
3,99€ / L || 
2,99 € || 
Minervois, appellation d'origine contrôlée || La bouteille de 75cl || Origine : FRANCE || Il fera merveille avec: charcuterie, porc, volailles, fromages forts. || A déguster entre 14°C et 16°C.  Zéro alcool pendant la grossesse. 10cl = 1 unité d'alcool || 12,5%Vol. Contient des sulfites. || 
4,13€ / L || 
3,10 € || 
Côteaux du Languedoc La Clape A.O.P || La bouteille de 75cl || Origine : FRANCE || 
11,93€ / L || 
8,95 € || 
Faugères, vin rouge, 13.5% vol. || La bouteille de 750ml || Origine : FRANCE || 'Les vignerons propriétaires récoltants de Cuvée Originale ont tous en commun la passion de leur métier et l'exigence de qualité. Chaque cuvée exprime à la fois la typicité de son terroir et l'inspiration du vigneron qui en est l'auteur'. Thierry DALMAS est l'actuel propriétaire du château Sylvain Mas, situé à Autignac, à 30 Km au nord de Béziers. Dans cette famille, on est vigneron de père en fils depuis quatre générations. D'importants travaux d'amélioration du vignoble et de la cave ont été effectués afin d'obtenir des cuvées à haute expression. Les cépages Syrah, Grenache et Mourvèdre sont vinifiés traditionnellement. Cela donne un vin à la belle robe intense et au nez complexe (épices, fruits mûrs, figues sèches). En bouche, il est bien équilibré, rond et très élégant. || Pour l'apprécier, dégustez-le à 16° C en accompagnement de viandes rouges, de plats en sauce et de fromages.  Zéro alcool pendant la grossesse. || 
6,27€ / L || 
4,70 € || 
Côtes du Roussillon A.O.P || La bouteille de 75cl || Origine : FRANCE || 
9,20€ / L || 
6,90 € || 
Côtes du Roussillon A.O.P || La bouteille de 75cl || Origine : FRANCE || 
9,20€ / L || 
6,90 € || 
Coteaux du Languedoc, 12.5% vol. || La bouteille de 750ml || Origine : FRANCE || Situé sur la commune de Caux, le Domaine Croix Maro est établi sur des terrasses anciennes, riches en galets de l'époque villafranchienne. Elevé par nos soins, principalement à base de Syrah, ce vin a du caractère. Le Grenache et le Mourvèdre lui donnent sa finesse. || Il accompagnera harmonieusement toutes les viandes rouges, les gibiers et les plats du Terroir. Il est conseillé de le mettre en carafe avant de le servir à température ambiante.  Zéro alcool pendant la grossesse. || 
3,95€ / L || ##
Coteaux du Languedoc, 12.5% vol. || La bouteille de 750ml || Origine : FRANCE || Situé sur la commune de Caux, le Domaine Croix Maro est établi sur des terrasses anciennes, riches en galets de l'époque villafranchienne. Elevé par nos soins, principalement à base de Syrah, ce vin a du caractère. Le Grenache et le Mourvèdre lui donnent sa finesse. || Il accompagnera harmonieusement toutes les viandes rouges, les gibiers et les plats du Terroir. Il est conseillé de le mettre en carafe avant de le servir à température ambiante.  Zéro alcool pendant la grossesse. || 
3,95€ / L || ##
Coteaux du Languedoc, 12.5% vol. || La bouteille de 750ml || Origine : FRANCE || Situé sur la commune de Caux, le Domaine Croix Maro est établi sur des terrasses anciennes, riches en galets de l'époque villafranchienne. Elevé par nos soins, principalement à base de Syrah, ce vin a du caractère. Le Grenache et le Mourvèdre lui donnent sa finesse. || Il accompagnera harmonieusement toutes les viandes rouges, les gibiers et les plats du Terroir. Il est conseillé de le mettre en carafe avant de le servir à température ambiante.  Zéro alcool pendant la grossesse. || 
5,27€ / L || 
3,95 € || 
Vin Bio || La bouteille de 75cl || Origine : FRANCE || 
6,60€ / L || 
4,95 € || 
Vin Bio || La bouteille de 75cl || Origine : FRANCE || 
6,60€ / L || 
4,95 € || 
Fitou, vin rouge, 13% vol. || La bouteille de 75cl || Origine : FRANCE || Après avoir été élaboré avec grand soin à partir de cépages nobles, ce vin a lentement mûri dans les chais du producteur. || Solide, rond et aromatique, il accompagnera les viandes rouges et grillées ainsi que les fromages. Température de service : 16-18°C.  Zéro alcool pendant la grossesse. || Contient des sulfites. || 
6,99€ / L || 
5,24 € || 
Corbières, vin rouge vieilli en fût de chêne || La bouteille de 75cl || Origine : FRANCE || Gérard Bertrand a reçu la passion du vin et l'amour de la terre languedocienne de son père Georges. Il a aujourd'hui repris l'exploitation et continue dans la voie tracée en termes de qualité et d'expression du terroir avec la volonté de créer et d'innover. Le domaine Georges Bertrand est élaboré avec des raisins issus de l'agriculture raisonnée dans le respect de la démarche Terra Vitis, qui garantit une traçabilité des pratiques culturales vérifiée par un organisme indépendant. || Cépages : Syrah - Mourvèdre - Carignan - Grenache || Stockage recommandé entre 5 et 25  C Servir à 18 || 
8,33€ / L || 
6,25 € || 
Château de Veyran, clos de l'Olivette || La bouteille de 75cl || Origine : FRANCE || "Le Château Veyran" est situé dans le sud de la France, en Languedoc, sur les contreforts de la Montagne Noire à Causses et Veyran. Ce "Clos de l'Olivette" est élaboré à partir de Syrah 80% et de Grenache 20% qui lui confèrent une belle robe pourpresombre avec des jolies notes de mûre et de réglisse auxquelles s'ajoute une note boisée due à son passage en Fûts de Chêne. || A déguster à 18°C sur viandes rouges, gibiers, fromages  Zéro alcool pendant la grossesse || Valeur énergétique en Joules :  0 || Valeur énergétique en Kcal : 0 || Glucides : 0 || Lipides : 0 || Protides :0 || Contient des sulfites || 
9,20€ / L || 
6,90 € || 
Grand vin du languedoc, Fitou || La bouteille de 75cl || Origine : FRANCE || 
7,99€ / L || 
5,99 € || 
Côtes du Roussillon villages Tautavel || La bouteille de 75cl || Origine : FRANCE || 'A Tautavel, berceau de l'humanité, les vignerons, fiers de leurs origines et de leurs couleurs, transmettent le savoir-faire, la typicité, et l'amour pour ce terroir, dont les quatre dimensions révèlent le sacré. Amen'. || Contient des sulfites. || 
8,13€ / L || 
6,10 € || 
Côtes du Roussillon Villages A.O.P || La bouteille de 75cl || Origine : FRANCE || 
16,40€ / L || 
12,30 € || 
Cabernet Sauvignon || La boîte de 3L || Origine : FRANCE || 
3,97€ / L || 
11,90 € || 
Chinon || La bouteille de 75cl || Origine : FRANCE || Le Terroir: Les vignes sont toutes situées au lieu-dit Vaugaudry, sous-sol sableux silicieux. Le Vin: Couleur intense, robe profonde, reflet grenat. Nez ouvert et intense, complexité de fruits noirs et fruits secs. L'attaque en bouche est ample et généreuse, les tanins sont soyeux et délicats; une finale persistante de reglisse et de fruits noirs. Les Accords: viandes rouges et blanches, fromages et charcuteries. || Cépages: Cabernet- franc à 100% || 
9,60€ / L || 
7,20 € || 
St Nicolas de Bourgueil, Les Silices, A.O.C || La bouteille de 75cl || Origine : FRANCE || Le Terroir: Première Terrasse de Saint-Nicolas de Bourgeuil, region Loire, terroir Limono-sableux. Le Vin: Robe rubis. Nez de fruits rouges. Bouche ronde sur fond de fruit rouge intense. Les Accords: Volaille. || Cépages: Cabernet Franc. Contient des sulfites. || 
10,87€ / L || 
8,15 € || 
Touraine, gamay 2013 || La bouteille de 75cl || Origine : FRANCE || Fruité et léger, le Gamay d'Henry Marionnet est un vin rouge joyeux, déliccieusement croquant, à boire frais et jeune.                              Un vin de plaisir très aromatique, qui ressemble à la terre d'où il vient: authentique et chaleureux. || Zéro alcool pendant la grossesse. || Contains sulfites. || 
8,60€ / L || 
6,45 € || 
Valençay, A.O.C || La bouteille de 75cl || Origine : FRANCE || Le Terroir: Vignes et chai situés à selles-sur-Cher dans le Loir-et-Cher, Région Centre. Le terroir est composé d'argile à silex, sur une couche de 30 à 60cm de graves en surface. Le Vin: Un nez épicé de paprika et de poivre se mêlant à un très bau fruit sur la mûre et la griotte. La bouche est gourmande, ronde et fraîche, avec des tannins denses et fins et une belle maturité de fruit. Les Accords: Charcuteries, viandes blanches, viandes rouges. || A déguster à température de cave, entre 14°C et 16°C. || Cépages: 40% Gamay, 30% Côt (Malbec), 20% Cabernet Franc, 10% Pinot Noir. Contient des sulfites. || Potentiel de garde : 5 à 8 ans. || 
10,31€ / L || 
7,73 € || 
Saint nicolas de bourgueil, vin rouge, 12,5% vol. || La bouteille de 75cl || Origine : FRANCE || SITUATION : Le vignoble s'étend sur les terrases bordant la rive droite de la Loire. CEPAGE : Cabemet franc appelé 'Breton'. ROBE : Brillante, rouge rubis. NEZ : Bouquet très aromatique, fraîcheur et légèreté. BOUCHE : Présence de fruits rouges où dominent la framboise et la fraise avec une note de violette. La bouche est souple et délicate avec une bonne longueur due à la présence de tanins très fins. || LES CONSEILS DU SOMMELIER : Accompagne agréablement les viandes blanches et les rôtis. Jeune, on le sert à la température de la cave, vers 14°. Plus âgé, il s'épanouira autour de 17°.  Zéro alcool pendant la grossesse. || Contains sulphites. || 
7,93€ / L || 
5,95 € || 
Saint-Pourçain || La bouteille de 75cl || Origine : FRANCE || 
5,53€ / L || 
4,15 € || 
Touraine, Sauvignon A.O.P || La bouteille de 75cl || Origine : FRANCE || 
8,20€ / L || 
6,15 € || 
Touraine, Sauvignon A.O.P || La bouteille de 75cl || Origine : FRANCE || 
8,20€ / L || 
6,15 € || 
Touraine-Mesland, issu de raisins de l'agriculture biologique || La bouteille de 75cl || Origine : FRANCE || 15 ha du vignoble de Château Gaillard sont consacrés à Touraine Mesland rouge. Cépages : Gamay 60%, Côt 15%, Cabernet franc 25%. Vendange manuelle, éraflage total et macération de 7 jours à 28°C. Élevage en cuve. || A boire ou à garder 20 ans. Charcuteries tourangelles.  Zéro alcool pendant la grossesse. || CONTIENT DES SULFITES. || 
8,20€ / L || 
6,15 € || 
Touraine-Mesland, issu de raisins de l'agriculture biologique || La bouteille de 75cl || Origine : FRANCE || 15 ha du vignoble de Château Gaillard sont consacrés à Touraine Mesland rouge. Cépages : Gamay 60%, Côt 15%, Cabernet franc 25%. Vendange manuelle, éraflage total et macération de 7 jours à 28°C. Élevage en cuve. || A boire ou à garder 20 ans. Charcuteries tourangelles.  Zéro alcool pendant la grossesse. || CONTIENT DES SULFITES. || 
8,20€ / L || 
6,15 € || 
Les Pénitents, Pinot noir, Alphonse Mellot || La bouteille de 75cl || Origine : FRANCE || Vin de pays des Coteaux Charitois. || Contient sulfites. || 
20,53€ / L || 
15,40 € || 
Les Pénitents, Pinot noir, Alphonse Mellot || La bouteille de 75cl || Origine : FRANCE || Vin de pays des Coteaux Charitois. || Contient sulfites. || 
20,53€ / L || 
15,40 € || 
Bourgueil, vin rouge bio, 13% vol. || La bouteille de 75cl || Origine : FRANCE || Ce Bourgueil provient de vinges d'une vingtaine d'années, situées sur un terroirs d'argile. Toute la vendage et vinifiée et élevée en cuve inox. Une macération courte a permis de garder le fruit du raisin. || Viande rouge et sur tout un repas : 15°C.  Zéro alcool pendant la grossesse. || CONTIENT DES SULFITES. VIN ISSU DE RAISINS CULTIVÉS EN AGRICULTURE BIOLOGIQUE. || Garde de 3 ans. || 
8,17€ / L || 
6,13 € || 
Bourgueil, vin rouge bio, 13% vol. || La bouteille de 75cl || Origine : FRANCE || Ce Bourgueil provient de vinges d'une vingtaine d'années, situées sur un terroirs d'argile. Toute la vendage et vinifiée et élevée en cuve inox. Une macération courte a permis de garder le fruit du raisin. || Viande rouge et sur tout un repas : 15°C.  Zéro alcool pendant la grossesse. || CONTIENT DES SULFITES. VIN ISSU DE RAISINS CULTIVÉS EN AGRICULTURE BIOLOGIQUE. || Garde de 3 ans. || 
8,17€ / L || 
6,13 € || 
Chinon rouge || La bouteille de 75cl || Origine : FRANCE || Cabernet Franc || 
9,07€ / L || 
6,80 € || 
Bourgueil, vin rouge élevé en barriques de chêne, 12,5% vol. || La bouteille de 75cl || Origine : FRANCE || SITUATION : Le vignoble s'étend sur les terrasses bordand la rive droite de la Loire. CÉPAGE : Cabernet franc. ROBE : Rubis intense. NEZ : légèrement vanillé, notes sauvages et poivrées. BOUCHE : Souple et délicat avec une bonne longueur due à la présence de tannins très fins et soyeux. || LES CONSEILS DU SOMMELIER : Jeune, il est servi à la température de la cave 15°. Plus âgé, il s'épanouit autour de 17°. S'harmonise bien sur les gibiers, viandes rouges et fromages.  Zéro alcool pendant la grossesse. || Contains sulphites. || 
8,24€ / L || 
6,18 € || 
Chinon A.O.C., Cuvée élevée sous bois || La bouteille de 75cl || Origine : FRANCE || SITUATION : Le vignoble s'étend de part et d'autre de la Vienne jusqu'à la Loire. Ce vin provient de la commune de Cravant-les-Coteaux. CÉPAGE : 100% cépage Cabernet franc, vieilli 5 à 6 mois en barriques de chêne. ROBE : Rouge rubis profond. NEZ : Boisé aux dominantes de fruits rouges et poivrons verts avec des notes minérales et légèrement vanillées. BOUCHE : Corps souple et harmonieux, dense et équilibré. La typicité d'un grand Chinon digne de son appellation. || LES CONSEILS DU SOMMELIER : Servir à 17°. C'est un vin qui agrémentera les viandes rôties, gibiers ou fromages.  Zéro alcool pendant la grossesse. || Contains sulphites. || 
7,87€ / L || 
5,90 € || 
Saumur champigny, grand vin rouge de Loire, 13% vol. || La bouteille de 75cl || Origine : FRANCE || SITUATION : SITUEE EN AMONT DE SAUMUR L'AIRE D'APPELATION DE CE VIN S'ETEND SUR 9 COMMUNES. CEPAGE : CABERNET FRANC. ROBE : BRILLANTE, ROUGE RUBIS. NEZ : AROMES DE VIOLETTES ET FRAMBOISES. BOUCHE : SOUPLE ET AMPLE, EQUILIBREE AVEC DES TANNINS FINS, SA PUISSANCE AROMATIQUE EST INTENSE (MURE, CASSIS). || SERVIR A 12°. S'ACCORDE PARFAITEMENT AVEC VIANDES GRILLÉES, VOLAILLES, VIANDES BLANCHES ET FROMAGES DOUX.  Zéro alcool pendant la grossesse. || Contains sulphites. || 
7,60€ / L || 
5,70 € || 
Sancerre, vin rouge, 12.5% vol. || La bouteille de 75cl || Origine : FRANCE || René Carroi dont les vignes sont aujourd'hui exploitées par une importante maison sancerroise vous a signé ce vin issu du cépage pinot noir et d'un assemblage de terres à caillottes et siliceuses. || Mariage Mets & Vins : viandes blanches ou crottin de Chavignol. Température de service : 13 à 14°. Durée de garde : 3 à 4 ans.  Zéro alcool pendant la grossesse. || Contains sulphites. || 
15,93€ / L || 
11,95 € || 
Saumur Champigny rouge || La bouteille de 75cl || Origine : FRANCE || Contient des sulfites. || 
10,53€ / L || 
7,90 € || 
Touraine, gamay, vin rouge, 12% vol. || La bouteille de 75cl || Origine : FRANCE || RECOMMANDATIONS : Vin polyvalent par excellence car léger et fruité c'est le vin de tous les instants. CEPAGE : Gamay. CARACTERE : Léger fruité, arôme de cassis. || A servir frais 10 à 12°C.  Zéro alcool pendant la grossesse. || CONTIENT DES SULFITES. || 
4,64€ / L || 
3,48 € || 
Fronton Rouge Tradition, AOC, 12,5% vol. || La bouteille de 75cl || Origine : FRANCE || Le Terroir: Situé à 30 Kilomètres de Toulouse, entre Tarn et Garonne, au coeur de l'AOC Fronton, le vignoble se situe sur une ancienne terrasse de Tarn. Les sols sont constitués de boulbènes "blanches" et profondes. Le Vin: Le vin se veut etre le meilleur compromis entre la fraîcheur des arômes de fruits rouges, dépices, de violette et de réglisse constituant le bouquet typique des vins de Fronton. Sa structure tannique harmonieuse lui donne son amplitude au vieillissement. Les Accords: Viandesblanches et rouges, grillées ou roties. || A déguster entre 15°C et 16°C. || Cépages: 55% de Negrette, 35% de Syrah, 10% de Cabernet Sauvignon. Contient de s sulfites. || 
7,33€ / L || 
5,50 € || 
Gaillac || La bouteille de 75cl || Origine : FRANCE || 
8,93€ / L || 
6,70 € || 
Madiran || La bouteille de 75cl || Origine : FRANCE || Il fera merveille avec : viandes rouges, volailles, fromages et plats en sauce. A déguster entre 16°C et 18°C. || Contient des sulfites. || 
5,27€ / L || 
3,95 € || 
Madiran A.O.P. || La bouteille de 75cl || Origine : FRANCE || Le Terroir: sols argilo graveleux. Rangs sur pentes douces exposés au sud. Le Vin: Nez de fruits rouges sur une bouche élégante et charmeuse. Robe presque noire nuancée de violet, son nez expressif évoque la confiture de mûre et de cassis ainsi qu'unboisé vanillé déja bien integré. Après une attaque franche, une matière ample et mûre tapisse le palais d'arômes riches et persistants de fruits noirs. Les Accords: Magrets, steaks grillés, boeuf Bourguignon, pot au feu, vollailles rôties, mais aussi, plus original sur des currys, tajines ou risottos; || A déguster entre 16°C et 18°C. || Cépages: Le Tannat (60%) apporte la charpente et la typicité. Le cabernet Franc (40%) renforce le caractère fruité et rend le bouquet plus complexe. || Déja fort plaisant, ce vin harmonieux devrait gagner à rester 2 ou 3 ans en cave. || 
7,87€ / L || 
5,90 € || 
Rouge, marquis de prada 14% || La bouteille de 75cl || Origine : FRANCE || Zéro alcool pendant la grossesse || Valeur énergétique en Joules :  0 || Valeur énergétique en Kcal : 0 || Glucides : 0 || Lipides : 0 || Protides :0 || Contient des sulfites || 
6,65€ / L || 
4,99 € || 
Fronton, vin rouge, tradition, 12.5% vol. || La bouteille de 75cl || Origine : FRANCE || Elu meilleur vigneron Frontonnais 2003 et 2004. 8 fois médaillé d'or concours général agricole de Paris. Millésime 2006,2003,2001,1997,1993,1987,1986,1981. 19 sélections dans le guide HACHETTE Vignerons de père en fils depuis 5 générations. Mil 2005: Elu meilleur rapport qualité / prix des vins du Sud-ouest dans la revue des vins de FRANCE de Juin 06-spéc.MIL. 05. || Zéro alcool pendant la grossesse. || Contient sulfites. || 
7,56€ / L || 
5,67 € || 
Cahors A.O.P. || La bouteille de 75cl || Origine : FRANCE || 
7,93€ / L || 
5,95 € || 
Madiran, vin rouge, 13% vol. || La bouteille de 75cl || Origine : FRANCE || Servir chambré (16 - 18 °), sur la cuisine traditionnelle du Sud-Ouest, les viandes rouges et fromages.  Zéro alcool pendant la grossesse. || CONTAINS SULPHITES. || 
4,53€ / L || 
3,40 € || 
Bergerac, vin rouge, 12,5% vol. || La bouteille de 75cl || Origine : FRANCE || Zéro alcool pendant la grossesse. || Contains sulphites. || 
3,99€ / L || 
2,99 € || 
Cahors, vin rouge, élevé en fût de chêne, 13% vol. || La bouteille de 75cl || Origine : FRANCE || Une robe profonde et limpide aux nuances pourpes. Un nez aux arômes intense et complexes de fruits noirs que se marient harmonieusement avec une pointe de boisé. Un bon équilibre en bouche. Des tanins soyeux et une persistance aromatique. || A déguster entre 16 et 18°C. A servir avec des viandes rouges grillées du canard, de l'agneau, du gibier, ou du fromage de caractère.  Zéro alcool pendant la grossesse. || CONTIENT DES SULFITES || 
6,00€ / L || 
4,50 € || 
Cabernet Sauvignon, vin de pays d'Oc, 13,5% || La bouteille de 75cl || Origine : FRANCE || Le Cabernet Sauvignon est un cépage puissant  qui offre un bouquet complexe et une belle longévité.  "Au nez" : une  senteurfruitee.de quetsche bien mûre et de pruneau.  "En bouche" : une première approche souple et aromatique tout en offrant une structure lisse et élégante (trame  d'épices poivrées et plantes aromatiques de la garrigue). "il fera merveille avec'... : des viandes grillées, des gibiers et des fromages à pâtes persillées. || A boire à 16°C  Zéro alcool pendant la grossesse || 
5,27€ / L || 
3,95 € || 
Cabernet Sauvignon, vin de pays d'Oc, 13,5% || La bouteille de 75cl || Origine : FRANCE || Le Cabernet Sauvignon est un cépage puissant  qui offre un bouquet complexe et une belle longévité.  "Au nez" : une  senteurfruitee.de quetsche bien mûre et de pruneau.  "En bouche" : une première approche souple et aromatique tout en offrant une structure lisse et élégante (trame  d'épices poivrées et plantes aromatiques de la garrigue). "il fera merveille avec'... : des viandes grillées, des gibiers et des fromages à pâtes persillées. || A boire à 16°C  Zéro alcool pendant la grossesse || 
5,27€ / L || 
3,95 € || 
Cépage Merlot, vin de pays d'Oc, 13% vol. || La bouteille de 75cl || Origine : FRANCE || La Grappe, moyenne, lâche, à baies sphériques, de tailles moyenne, à la pulpe juteuse, dont les merles raffolent. (d'où son nom.). La feuille, cunéiforme, de taille moyenne, brûlée et gaufrée au point pétiolaire. || Vin et mets : viandes et fromages. Température de dégustation : 16°C  Zéro alcool pendant la grossesse. || Contient des Sulfites. || 
4,20€ / L || 
3,15 € || 
Merlot, vin rouge de pays d'Oc, 13.5% vol. || La bouteille de 75cl || Origine : FRANCE || Le Merlot est un cépage gouleyant et plaisant qui laisse une impression de rondeur et de soyeux. 'Au nez' : des notes fruitées, de cerise et de fraise des bois associées à une gamme complexe de sous-bois et d'épices douces. 'En bouche' : une attaquesouple et aromatique, en harmonie avec ses senteurs. || 'Il fera merveille avec'  : des viandes rouges grillées et des fromages à pâtes molles. A boire à 16°C.  Zéro alcool pendant la grossesse. || Contient des sulfites. || 
5,27€ / L || 
3,95 € || 
Pinot noir, vin de pays d'Oc, 13% vol. || La bouteille de 75cl || Origine : FRANCE || Le Pinot est un cépage mythique, complexe, empli de volupté et de délicatesse. 'Au nez': un parfum à la nuance fruitée de pêche, de quetsche et de cassis. 'En bouche' : l'attaque est franche, très aromatique de pêche blanche et de cerise noire très mûre. Ce vin offre une bouche généreuse et ronde avec une belle longueur. || 'Il fera merveille avec'  : des viandes grillées, du gibier, toutes sortes de fromages à pâtes molle et... une soupe aux pêches blanches. À boire à 16 °C.  Zéro alcool pendant la grossesse. || Contient des sulfites. || 
5,27€ / L || 
3,95 € || 
Vin rouge de pays de l'Hérault, 11% vol. || La bouteille de 75cl || Origine : FRANCE || Zéro alcool pendant la grossesse. || Contient des sulfites. || 
2,79€ / L || 
2,09 € || 
Cabernet sauvignon , vin rouge de pays des coteaux de l'Ardèche || La bouteille de 75cl || Origine : FRANCE || Zone de production : Rive droite de la Vallée du Rhône, sud du département de l'Ardèche. Cépage : 100% Cabernet Sauvignon. Caractère : Robe rubis foncé, vin aromatique et puissant, élégant. || Température de 18°C, parfait avec des viandes rôties, fromages, gibier.  Zéro alcool pendant la grossesse. || CONTIENT DES SULFITES. || 
3,80€ / L || 
2,85 € || 
Pinot noir, vin rouge de pays des coteaux de l'Ardèche || La bouteille de 75cl || Origine : FRANCE || D'AUTHENTIQUES VINS DE TERROIR. Zone de production : rive droite de la Vallée du Rhône, sud du département de l'Ardèche. Cépage : 100% Pinot, partiellement élevé en fûts de chêne. Caractère : robe rubis, arôme de griottes, légèrement boisé, beaucoupde finesse. || Service : service à 16°C, excellent avec un faisan, une perdrix rôtie   Zéro alcool pendant la grossesse. || Contient des sulfites. || 
5,07€ / L || 
3,80 € || 
Rouge, Côtes de Bourg, 12,5% || La bouteille de 75cl || Origine : FRANCE || Ouvrir la bouteille 1 heure avant de servir. A déguster sur les viandes blanches, rouges, les grillades, les volailles et les fromages.  Zéro alcool pendant la grossesse || Contient des sulfites || A consommer entre 17° et 19°. Ne pas réchauffer près d'une source de chaleur. Vieillissement possible 10 ans, couché à l'abri de la lumière, des courants d'air, des trépidations dans un endroit fraisentre 10 et 12 degrés. || 
6,73€ / L || 
5,05 € || 
Vin de pays du Gard || La bouteille de 75cl || Origine : FRANCE || 
5,32€ / L || 
3,99 € || 
Vin de pays du Gard || La bouteille de 75cl || Origine : FRANCE || 
5,32€ / L || 
3,99 € || 
Gamay, vin rouge de pays du jardin de la France, 12% vol. || La bouteille de 750ml || Origine : FRANCE || Récolté en plein coeur du Val de Loire, ce vin est destiné à être bu très jeune et légèrement frais. Il s'accordera avec les viandes ainsi que les fromages. || C'est le vin idéal pour accompagner un repas du début à sa fin. || Contains sulphites. || 
4,20€ / L || 
3,15 € || 
Vin rouge du sud || La bouteille de 75cl || Origine : FRANCE || 
2,13€ / L || 
3,19 € || 
Cabernet sauvignon rouge, vin de pays d'oc, 13,5% || La bouteille de 75cl || Origine : FRANCE || Vinification traditionnelle, cuvaison courte, contrôle des températures durant la vinification afin d'obtenir un vin riche et élégant. Rouge intense, Fruits mûrs, note de cacao. Riche, tanins fondus. Viandes rouges, gibiers, fromages. || Servir a 16-18°C.  Zéro alcool pendant la grossesse || Valeur énergétique en Joules :  0 || Valeur énergétique en Kcal : 0 || Glucides : 0 || Lipides : 0 || Protides :0 || Contient des sulfites || 
5,32€ / L || 
3,99 € || 
Cabernet sauvignon rouge, vin de pays d'oc, 13,5% || La bouteille de 75cl || Origine : FRANCE || Vinification traditionnelle, cuvaison courte, contrôle des températures durant la vinification afin d'obtenir un vin riche et élégant. Rouge intense, Fruits mûrs, note de cacao. Riche, tanins fondus. Viandes rouges, gibiers, fromages. || Servir a 16-18°C.  Zéro alcool pendant la grossesse || Valeur énergétique en Joules :  0 || Valeur énergétique en Kcal : 0 || Glucides : 0 || Lipides : 0 || Protides :0 || Contient des sulfites || 
5,32€ / L || 
3,99 € || 
Cabernet Sauvignon || La bouteille de 75cl || Origine : FRANCE || Concours Mondial Bruxelles, Médaille d'Argent 2011. Rondeur et équilibre. || Contient des sulfites || 
4,13€ / L || 
3,10 € || 
Merlot, vin rouge de pays d'Oc, cuvée spéciale, 13% vol. || La bouteille de 75cl || Origine : FRANCE || Fruité et rondeur en bouche. || Zéro alcool pendant la grossesse. || Contient des sulfites. || 
4,13€ / L || 
3,10 € || 
Ardèche, Syrah, vin de Pays des Coteaux de l'Ardèche || La bouteille de 75cl || Origine : FRANCE || Zone de production, Rive droite de la Vallée du Rhône, sud du département de l'Ardèche. Cépage,100%Syrah. Couleur rubis foncé, un nez de compote de fruits rouges, finale élégante poivrée. || A boire à 16-C avec un rôti de boeuf, grillades de poulets, ou pizzas.  Zéro alcool pendant la grossesse || Valeur énergétique en Joules :  0 || Valeur énergétique en Kcal : 0 || Glucides : 0 || Lipides : 0 || Protides :0 || Contient des sulfites || 
3,93€ / L || 
2,95 € || 
Pinot noir, AOC || La bouteille de 75cl || Origine : FRANCE || Il fera merveille avec: Volailles, Viandes blanches, Poissons, Fromages légers. A déguster entre 14°c et 16°c. || Contient des sulfites || 
10,33€ / L || 
7,75 € || 
Vin d'appellation corse contrôlé rouge carte noire || La bouteille de 75cl || Origine : FRANCE || 
5,69€ / L || 
4,27 € || 
Vin rouge d'appellation ajaccio contrôlé || La bouteille de 75cl || Origine : FRANCE || 
12,87€ / L || 
9,65 € || 
Vin rouge d'appellation ajaccio contrôlé || La bouteille de 75cl || Origine : FRANCE || 
14,60€ / L || 
10,95 € || 
Patrimonio, appellation patrimonio contrôlé rouge || La bouteille de 75cl || Origine : FRANCE || 
12,23€ / L || 
9,17 € || 
Vin de corse, appellation vin de corse contrôlé rouge || La bouteille de 75cl || Origine : FRANCE || 
11,16€ / L || 
8,37 € || 
Vin rouge d'appellation corse contrôlé || La bouteille de 75cl || Origine : FRANCE || 
7,04€ / L || 
5,28 € || 
Vin d'appellation ajaccio contrôlé rouge || La bouteille de 75cl || Origine : FRANCE || 
11,32€ / L || 
8,49 € || 
Vin de pays de l'île de beauté rouge || La bouteille de 75cl || Origine : FRANCE || 
3,73€ / L || 
2,80 € || 
Cuvée alexandra, appellation corse figari contrôlé rouge || La bouteille de 75cl || Origine : FRANCE || 
13,39€ / L || 
10,04 € || 
Patrimonio rouge, appellation patrimonio contrôlé || La bouteille de 75cl || Origine : FRANCE || 
11,13€ / L || 
8,35 € || 
Appellation patrimonio contrôlé rouge || La bouteille de 75cl || Origine : FRANCE || 
10,45€ / L || 
7,84 € || 
Patrimonio rouge, appellation patrimonio contrôlé || La bouteille de 75cl || Origine : FRANCE || 
10,25€ / L || 
7,69 € || 
Patrimonio rouge, appellation patrimonio contrôlé || La bouteille de 75cl || Origine : FRANCE || 
13,05€ / L || 
9,79 € || 
Vin de corse cuvée prestige rouge, appellation corse figari contrôlé || La bouteille de 75cl || Origine : FRANCE || 
10,12€ / L || 
7,59 € || 
Vin de corse rouge, appellation corse figari contrôlé || La bouteille de 75cl || Origine : FRANCE || 
7,72€ / L || 
5,79 € || 
Vin de pays de l'île de veauté rouge || La bouteille de 75cl || Origine : FRANCE || Vin de pays de l'ile de beauté. C'est à Bravone, qu'Eric Poli cultive ses vignes, sous le soleil bienveillant du littoral oriental de l'ile de beauté. || A boire à 16°C. Zéro alcool pendant la grossesse. || 
6,73€ / L || 
5,05 € || 
Vin de pays de l'île de beauté rouge || La bouteille de 75cl || Origine : FRANCE || 
3,24€ / L || 
2,43 € || 
Ventoux A.O.P || Le magnum de 150cl || Origine : FRANCE || 
6,60€ / L || 
9,90 € || 
Vin de pays de l'île de beauté rouge || La bouteille de 1l || Origine : FRANCE || Vin à consommer avec des préparations culinaires élaborées. Déboucher et laisser décanter 30m avant de servir à température ambiante. || A boire à 16°C. Zéro alcool pendant la grossesse. || Couleur rouge légèrement évoluée. Bouche complexe, légère note de sous-bois, goulayant avec une bonne longueur. Bon vin à consommer dans l'année. || 
2,94€ / L || 
2,94 € || 
Vin d'appellation corse contrôlé rouge || La bouteille de 75cl || Origine : FRANCE || De la Casinca à Aléria, la vigne s'épanouit le long de la Costa Serena. De cette diversité est né un vin de caractère, "Réserve du président", devenu le préféré des insulaires, véritablement le choix des Corses. || A boire à 16°C. Zéro alcool pendant la grossesse. || 
8,84€ / L || 
6,63 € || 
Cabernet sauvignon rouge, vin de pays de l'île de beauté || La bouteille de 75cl || Origine : FRANCE || De la Casinca à Aléria, la vigne s'épanouit le long de la Costa Serena. De cette diversité est né un vin de caractère, "Réserve du président", devenu le préféré des insulaires, véritablement le choix des Corses. || A boire à 16°C. Zéro alcool pendant la grossesse. || 
4,32€ / L || 
3,24 € || 
Merlot rouge, vin de pays de l'île de beauté || La bouteille de 75cl || Origine : FRANCE || De la Casinca à Aléria, la vigne s'épanouit le long de la Costa Serena. De cette diversité est né un vin de caractère, "Réserve du président", devenu le préféré des insulaires, véritablement le choix des Corses. || A boire à 16°C. Zéro alcool pendant la grossesse. || 
4,32€ / L || 
3,24 € || 
Vin d'appellation corse contrôlé rouge || La bouteille de 18,7cl || Origine : FRANCE || De la Casinca à Aléria, la vigne s'épanouit le long de la Costa Serena. De cette diversité est né un vin de caractère, "Réserve du président", devenu le préféré des insulaires, véritablement le choix des Corses. || A boire à 16°C. Zéro alcool pendant la grossesse. || 
8,29€ / L || 
1,55 € || 
Vin d'appellation corse contrôlé rouge || La bouteille de  75cl || Origine : FRANCE || De la Casinca à Aléria, la vigne s'épanouit le long de la Costa Serena. De cette diversité est né un vin de caractère, "Réserve du président", devenu le préféré des insulaires, véritablement le choix des Corses. || A boire à 16°C. Zéro alcool pendant la grossesse. || 
7,15€ / L || 
5,36 € || 
Vin d'appellation corse contrôlé rouge, cuvée historique || La bouteille de 75cl || Origine : FRANCE || De la Casinca à Aléria, la vigne s'épanouit le long de la Costa Serena. De cette diversité est né un vin de caractère, "Réserve du président", devenu le préféré des insulaires, véritablement le choix des Corses. || A boire à 16°C. Zéro alcool pendant la grossesse. || 
8,13€ / L || 
3,05 € || 
Sciaccarellu cinsault rosé, vins de pays de l'île de beauté || La bouteille de 75cl || Origine : FRANCE || Parfaitement exposés au Levant, les vignobles en terrasse bénéficient de la fraicheur des montagnes proches qui atténue le climat méditerranéen et participe à la qualité et la finesse de ces vins. TERRAZZA est un mot de terre et de soleil, les cépages Corses et internationaux sassemblent pour créer des vins de personnalités accessibles aux amateurs curieux en quête dexotisme. || A boire à 16°C. Zéro alcool pendant la grossesse. || 
4,83€ / L || 
3,62 € || 
Chignin || La bouteille de 75cl || Origine : FRANCE || Le Terroir: village de Chignin en savoie, éboulis argilo calcaire.        Dégusté & agréé par le jury Monoprix Gourmet avec Bettane & Desseauve. Pourquoi le jury m'a élu : "vin symphatique", "franc et rafraîchissant", "typiquement savoyard" : en somme une simplicité bienvenue !                  Le Vin: Marqué par d'agréables arômes d'ortie blanche et présente une note minérale de pierre à fusil. Les Accords: coquillages, crustacés et autres fruits de mer, charcuterie et toute gastronomie typiqueà base de fromages de Savoie. || AUCUN || 
6,90€ / L || ##
Chignin || La bouteille de 75cl || Origine : FRANCE || Le Terroir: village de Chignin en savoie, éboulis argilo calcaire.        Dégusté & agréé par le jury Monoprix Gourmet avec Bettane & Desseauve. Pourquoi le jury m'a élu : "vin symphatique", "franc et rafraîchissant", "typiquement savoyard" : en somme une simplicité bienvenue !                  Le Vin: Marqué par d'agréables arômes d'ortie blanche et présente une note minérale de pierre à fusil. Les Accords: coquillages, crustacés et autres fruits de mer, charcuterie et toute gastronomie typiqueà base de fromages de Savoie. || AUCUN || 
6,90€ / L || ##
Chignin || La bouteille de 75cl || Origine : FRANCE || Le Terroir: village de Chignin en savoie, éboulis argilo calcaire.        Dégusté & agréé par le jury Monoprix Gourmet avec Bettane & Desseauve. Pourquoi le jury m'a élu : "vin symphatique", "franc et rafraîchissant", "typiquement savoyard" : en somme une simplicité bienvenue !                  Le Vin: Marqué par d'agréables arômes d'ortie blanche et présente une note minérale de pierre à fusil. Les Accords: coquillages, crustacés et autres fruits de mer, charcuterie et toute gastronomie typiqueà base de fromages de Savoie. || AUCUN || 
9,20€ / L || 
6,90 € || 
Gewurtztraminer AOC vin blanc || La bouteille de 75cl || Origine : FRANCE || Il fera merveille avec: Apéritif, Hors-d'oeuvre, Desserts chocolatés. A dégust er entre 10°c et 12°c || Contient des sulfites || 
9,40€ / L || 
7,05 € || 
Riesling AOC || La bouteille de 75cl || Origine : FRANCE || Il fera merveille avec: Apéritif, Coquillages, Crustacés, Charcuterie,Volailles, Choucroute. A déguster entre 8°c et 10°c. || Contient des sulfites. || 
7,99€ / L || 
5,99 € || 
Edelzwicker, vin blanc d'Alsace, 12% vol. || La bouteille de 75cl || Origine : FRANCE || Zone de production : Alsace - Haut-Rhin. Caractère: Fruité, agréable à boire. || Environ 10°C. Bon usage : Se met pleinement en valeur lorsqu'il accompagne les mets ou un vin blanc s'impose.  Zéro alcool pendant la grossesse. || Contient des suIfites. || 
6,40€ / L || 
4,80 € || 
Vin de savoie, A.O.C || La bouteille de 75cl || Origine : FRANCE || Robe : or blanc aux reflets verts. Nez : Amande fraîche et aubépine, notes de fins agrumes. Bouche : attaque franche et perlante, vive, minérale et ronde. || A servir entre 8°C et 10°C. || 
5,93€ / L || 
4,45 € || 
Riesling, vin blanc d'Alsace, 12% vol. || La bouteille de 75cl || Origine : FRANCE || Triomphe du térroir Alsacien, d'un fruité exquis et d'un bouquet délicat. || Il accompagne les mets les plus raffinés, les crustacés, les fruits de mer et bien sûr la choucroute.  Zéro alcool pendant la grossesse. || Contient des sulfites. || 10°-12°C. 2 à 5 ans/year. || 
6,80€ / L || 
5,10 € || 
Gentil, A.O.C, 12,5% de vol. || La bouteille de 75cl || Origine : FRANCE || 
13,27€ / L || 
9,95 € || 
Apremont, vin de Savoie, 11,5% vol. || La bouteille de 75cl || Origine : FRANCE || Vin blanc sec et fruité issu de cépage Jacquère, typiquement savoyard, dont les ceps sont plantés dans les éboulis du mont Granier, sur un terrain argilo-calcaire. || Finement perlant et très aromatique, ce vin accompagne dans vos repas tous les fruits de la mer, huîtres et poissons. Il est parfait à l'apéritif et se marie naturellement bien avec la fondue savoyarde, raclette, pela ou tartiflette. A servir très frais mais non glacé.  Zéro alcool pendant la grossesse. || 
7,80€ / L || 
5,85 € || 
Arbois, Chardonnay-Savagnin || La bouteille de 75cl || Origine : FRANCE || Le Terroir: Terroir argileux du lias et terroir calcaire du Bajocien. Le  Vin: Complexe aux arômes de fruits et d'épices. Bouche longue et minérale avec un côté épicé, fumé, typique des sols argileux. Les Accords:         Apéritifs, plats à la crème,poissons, plats aux champignons. || A déguster à température de cave, entre 14°C et 16°C. || Cépages: Chardonnay à 100%. Contient des sulfites. || 
11,07€ / L || 
8,30 € || 
Vin d'Alsace, Pinot Blanc || la bouteille de 75cl || Origine : FRANCE || 
6,91€ / L || 
5,18 € || 
Ruhlmann, Médaille d'or paris || La bouteille de 75cl || Origine : FRANCE || 
5,87€ / L || 
4,40 € || 
Bourgogne Chardonnay AOC || La bouteille de 75cl || Origine : FRANCE || Il fera merveille avec: Apéritif, Coquillage, Poissons, Tartes salées, Agneau, Pâtes. A déguster entre 10°c et 12°c. || Contient des sulfites. || 
8,23€ / L || 
6,17 € || 
Viré-Clessé A.O.P || La bouteille de 75cl || Origine : FRANCE || Le Terroir: Au coeur du Mâconnais, au sud de la bourgogne, les deux villages de Virré et Clessé presentent un terroir tout à fait unique sur des coteaux orientés Sud-Est. Ils font partie des meilleurs vins blancs de cette region, combinant souplesseet mineralité. Le Vin: Couleur jaune pâle, fragrances florales sur des notes d'agrumes rehaussées par une belle minéralité. Attaque vive, belle structure et belle expression minérale. Acidité bien intégrée, fin de bouche tendue et fraîche. Les Accords: Un apéritif idéal par sa fraîcheur et sa vivacité, il se marie parfaitement avec les fruits de mer, crustacés et les hors d'oeuvre à base de légumes frais. || A déguster froid, entre 8°C et 10°C. || Cépages: Chardonnay à 100%. Contient des sulfites || 
14,53€ / L || 
10,90 € || 
Bourgogne aligoté, 12% vol. || La bouteille de 75cl || Origine : FRANCE || Le cépage Aligoté très expressif en Bourgogne, a donné son nom à l'appellation. Récolté et vinifié traditionnellement, ce vin aux notes d'agrumes et de fleurs blanches, sera apprécié dès à présent pour sa fraîcheur. || Servir entre 10 et 12C, le Bourgogne Aligoté est idéal en apéritif, que ce soit nature ou avec une larme de crème de cassis. Il accompagnera à merveille les crustacés, poissons froids, charcuteries, fritures ainsi que les fromages frais ou secs.  Zéro alcool pendant la grossesse. || CONTIENT DES SULFITES [SO2]. || Il conservera toute sa vivacité dans les 2 à 3 années suivant sa récolte en évoluant sur des notes minérales. || 
7,76€ / L || 
5,82 € || 
Bourgogne Chardonnay || La bouteille de 75cl || Origine : FRANCE || Bouquet aromatique. Rond, sans ²tre lourd, soyeux, il enrobe son fruit avec charme. || 
12,60€ / L || 
9,45 € || 
Bourgogne A.O.P. || La bouteille de 75cl || Origine : FRANCE || 
8,93€ / L || 
6,70 € || 
Montagny 1er Cru 2005, vin blanc, 13.5% vol. || La bouteille de 750ml || Origine : FRANCE || Le DOMAINE de la CHENERAI possède plus de 17 hectares de vignes, plantées au début du XIXème siècle. Il se situe sur les hauteurs de Davenay, petit village au sud de la Bourgogne viticole. Le Montagny 1er Cru, raisin de cépage Chardonnay est élevé dans les caves anciennes du Domaine (XIIème siècle). || Racé et séduisant, il accompagnera avec finesse les crustacés, les huîtres et les poissons. A déguster entre 12°C et 14°C.  Zéro alcool pendant la grossesse. || CONTIENT DES SULFITES [SO2]. || 
15,33€ / L || 
11,50 € || 
Saint-Véran || La bouteille de 75cl || Origine : FRANCE || Situé au sud de la Bourgogne, à Davayé, en plein cur des crus du Mâconnai s, le Domaine de la Croix Senaillet est à proximité du site préhistorique de la célèbre Roche de Solutré. Pur chardonnay fidèle aux caractéristiques de l'appellation sur un terroir apportant une minéralité légèrement fumée, ce blanc de haut vol conjugue des notes de fruits exotiques, d'agrumes et de fleurs blanches avec un équilibre remarquable. || 
15,67€ / L || 
11,75 € || 
Saint-Véran || La bouteille de 75cl || Origine : FRANCE || Situé au sud de la Bourgogne, à Davayé, en plein cur des crus du Mâconnai s, le Domaine de la Croix Senaillet est à proximité du site préhistorique de la célèbre Roche de Solutré. Pur chardonnay fidèle aux caractéristiques de l'appellation sur un terroir apportant une minéralité légèrement fumée, ce blanc de haut vol conjugue des notes de fruits exotiques, d'agrumes et de fleurs blanches avec un équilibre remarquable. || 
15,67€ / L || 
11,75 € || 
Bourgogne aligoté, vin blanc de Bourgogne, cuvée spéciale12% vol. || La bouteille de 750ml || Origine : FRANCE || Service entre 9 et 10°C. Accompagne idéalement poissons, coquillages, jambon à la crème... Sans oublier le véritable apéritif Bourguignon, Aligoté-crème de cassis (3/4,1/4 variable selon vos goûts). || Prêt à être dégusté. Conservation conseillée pendant 2 ou 3 ans. || 
9,67€ / L || 
7,25 € || 
Chablis, certifié AB || La bouteille de 75cl || Origine : FRANCE || Les Chablis de Jean-Marc Brocard expriment avec grande finesse la pure typicité de leur sol si particulier. La Maison emploie tout son savoir-faire à prolonger les mystères de ce terroir si complexe pour en faire partager les plaisirs, intacts. Le résultat : un vin qui marie notes d'agrumes et minéralité iodée du terroir avec grande élégance. || Idéal sur un grand plateau de coquillages, des crustacés, sushi, fritures de poissons, accras de morue ... et bien sur dès l'apéritif ! || Ingrédients issus de l'agriculture biologique || 
18,00€ / L || 
13,50 € || 
Chablis, certifié AB || La bouteille de 75cl || Origine : FRANCE || Les Chablis de Jean-Marc Brocard expriment avec grande finesse la pure typicité de leur sol si particulier. La Maison emploie tout son savoir-faire à prolonger les mystères de ce terroir si complexe pour en faire partager les plaisirs, intacts. Le résultat : un vin qui marie notes d'agrumes et minéralité iodée du terroir avec grande élégance. || Idéal sur un grand plateau de coquillages, des crustacés, sushi, fritures de poissons, accras de morue ... et bien sur dès l'apéritif ! || Ingrédients issus de l'agriculture biologique || 
18,00€ / L || 
13,50 € || 
Pouilly-fuissé, grand vin blanc de Bourgogne, cuvée prestige || La bouteille de 75cl || Origine : FRANCE || La famille Deshaires et ses descendants, la famille Burrier, sont présent depuis plus de 5 siècles dans le vignoble du Sud de la Bourgogne, où ils exploitent un remarquable Domaine familial à Fuissé. Depuis 1948, Joseph Deshaires sélectionner également de vins chez les meilleurs vignerons de la région, dans le souci de trouver les plus belles expressions du terrain. Les vins sont vinifiés naturellement, selon la tradition et présentent des arômes de fruits bien mûrs, une bouche harmonieuse et une jolie fraîcheur. Bien conservés, ils évolueront très bien de 1 à 3 ans. || Zéro alcool pendant la grossesse. || Contient des Sulfites. || 
23,87€ / L || 
17,90 € || 
Macon-villages, chardonnay, vin blanc de Bourgogne || La bouteille de 75cl || Origine : FRANCE || UN NOUVEAU STYLE DANS LE MONDE DES VINS DE BOURGOGNE.'L'AURORE'produit dans l'extrême sud de la Bourgogne, de vins teintés de soleil, élégants, aromatiques et d'une grande fraîcheur. Nos vins peuvent se déguster jeunes et à tous moments de la journée, apéritif, déjeuner ou dîner. || Poisson, viande blanche fromage de chèvre.  Zéro alcool pendant la grossesse. || Contient des sulfites. || 
9,20€ / L || 
6,90 € || 
Bourgogne aligoté, vin blanc de bourgogne || La bouteille de 75cl || Origine : FRANCE || Ce Bourgogne Aligoté issu au cépage Aligoté est récolté dans le vignoble Auxerrois. || Cet excellent vin se consomme entre 8 et 12 degrés et accompagne vos charcuteries, poissons et viandes blanches. Avant le repas, additionné à un doigt de cassis, il vous fera un remarquable apéritif.  Zéro alcool pendant la grossesse. || Contains sulfites. || 
10,65€ / L || 
7,99 € || 
Chablis, Bourgogne, 12,5% vol. || La bouteille de 75cl || Origine : FRANCE || Le Chablis est récolté à partir du Cépage Chardonnay, le cépage des grands vins blancs de Bourgogne. Le vignoble Chablisien produit quatre appellations contrôlées : Chablis Grand Cru, Chablis Premier Cru Chablis. Petit Chablis. || Ces vins se consomment à une température de 10 degrés et se marient à merveille avec les fruits de mer, poissons et viandes blanches. A noter, qu'ils vous feront également un apéritif de choix.  Zéro alcool pendant la grossesse. || Contains sulphites. || 
18,33€ / L || 
13,75 € || 
Chablis Fourchaumes A.O.P. || La bouteille de 75cl || Origine : FRANCE || 
22,53€ / L || 
16,90 € || 
Petit chablis, blanc de Bourgogne, 12,5% vol. || La bouteille de 75cl || Origine : FRANCE || Le Petit Chablis est récolté à partir du Cépage Chardonnay, le cépage des grands vins blancs de Bourgogne. Le vignoble Chablisien produit quatre appellations contrôlées : Chablis Grand Cru, Chablis Premier Cru Chablis, Petit Chablis. || Ces vins se consomment à une température de 10 degrés et se marient à merveille avec les fruits de mer, poissons et viandes blanches. A noter, qu'ils vous feront également un apéritif de choix.  Zéro alcool pendant la grossesse. || Contains sulphites. || 
15,93€ / L || 
11,95 € || 
Chablis A.O.P, La Jouchère || La bouteille de 75cl || Origine : FRANCE || 
22,87€ / L || 
17,15 € || 
Puligny-Montrachet A.O.P. || La bouteille de 75cl || Origine : FRANCE || 
33,73€ / L || 
25,30 € || 
Anjou, AOC, 13,5% vol. || La bouteille de 75cl || Origine : FRANCE || Le Terroir: Au coeur de l'Anjou, dans le Val de Loire. Le Vin: Robe jaune paille aux reflets brillants. Nez à dominante de fougère, de tilleul et de sureau. Très bel équilibre gustatif autour d'une attaque ronde et soyeuse. La complexité arômatique s'exprime sur des fruits secs (noisette, amande...) le sureau et le pain grillé.Persistance très longue. Les Accords: Poissons en sauce (Brochet ou saumon au beurre blanc), filet (de sole, de lotte...), crustacés grillés ou cuits au court-bouillon, viandes blanches en sauce et fromages de chèvre. || A déguster entre 10°C et 12°C. || Cépages: Chenin à 100%. Contient des sulfites. || 
11,67€ / L || 
8,75 € || 
Chardonnay, vin de pays des Coteaux Charitois || La bouteille de 75cl || Origine : FRANCE || Le Terroir: Calcaire entroque. Le Vin: Belle robe or pale, des notes de noisettes ponctuée d'une belle fraîcheur minérale, grande longueur en bouche à carafer. || Cépages: Chardonnay || 
13,27€ / L || 
9,95 € || 
Muscadet Sèvre et Maine AOC, 12,5% vol. || La bouteille de 75cl || Origine : FRANCE || Le Terroir: En plein coeur du Sèvre et Maine, terroir de schistes à 2 micas et grenat recouvert d'un sol de faible épaisseur. Le Vin: Robe couleur jaune pâle, légèrement perlant dans le verre. Le nez est fruité, très complexe, la bouche est ample etstructurée. La minéralité du terroir est très présente mais très équilibrée avec la rondeur du vin. Les arômes développés sont les fruits et les fleurs blanches. Les Accords: Les poissons nobles de mer et de rivière, les viandes blanches et les fromages. || Cépages: Melon de Bourgogne à 100%. Contient des sulfites. || C'est un grand vin de garde parfaitement équilibré. Son potentiel de garde est d'une dizaine d'années. || 
15,87€ / L || 
11,90 € || 
Muscadet-sur-Lie || La bouteille de 75cl || Origine : FRANCE || Le Terroir: Val de loire entre la Sèvre et la Maine, terroir exceptionnel. Le Vin: Arômes subtils et complexes de thé, de coing associé à une exceptionnelle longueur en bouche, reflet d'un grand terroir. Une belle expression du cépage Melon de Bourgogne. || Cépages: Melon de Bourgogne 100% || Vin présentant un potentiel de garde || 
9,93€ / L || 
7,45 € || 
Sancerre || La bouteille de 75cl || Origine : FRANCE || Le Terroir: Terres blanches et caillottes. Le Vin: Robe or pale à reflets verts-argentés, limpide. Nez de bonne intensité, sur un fond de fraîcheur agréable, le nez exhale des arômes de fruits comme la pêche et a banane. Il est réhaussé d'une pointed'épices et de noix de coco. En bouche l'attaque est ronde, on ressent beaucoup de volume, une belle tension s'installe harmonieusement. L'ensemble est ferme et se termine sur une rétro-olfaction de citron. || Cépages: Sauvignon. Contient des sulfites. || 
15,47€ / L || 
11,60 € || 
Touraine sauvignon AOC || La bouteille de 75cl || Origine : FRANCE || Il fera merveille avec: Apéritif, Coquillages, Crustacés, Charcuterie, Porc, fromages légers. A déguster entre 8°c et 10°c. || Contient des sulfites. || 
5,32€ / L || 
3,99 € || 
Vouvray sec || La bouteille de 75cl || Origine : FRANCE || Le Terroir: Vouvray, Val de Loire, terroir argilo calcaire. Le Vin: Sous sa robe jaune pâle, ce vin offre un nez d'agrumes et de groseilles, avec des notes de fleurs blanches. La bouche est élégante et équilibrée, avec des arômes d'agrumes et de fruits secs. Les Accords: Apéritif, entrées froides, viandes blanches et poissons grillés. || A déguster froid, entre 8°C et 10°C. || Cépages: Chenin Blanc à 100%. Contient des sulfites. || 
12,23€ / L || 
9,17 € || 
Gros plant du pays Nantais || La bouteille de 75cl || Origine : FRANCE || 
3,60€ / L || 
2,70 € || 
Saint-Pourçain || La bouteille de 75cl || Origine : FRANCE || 
5,53€ / L || 
4,15 € || 
Coteaux du Layon || La bouteille de 75cl || Origine : FRANCE || La consommation de boissons alcoolisées pendant la grossesse, même en faible quantité, peut avoir des conséquences graves sur la santé de l'enfant. || 
14,60€ / L || 
10,95 € || 
Muscadet Sevre et Maine || La bouteille de 75cl || Origine : FRANCE || 
5,20€ / L || 
3,90 € || 
Pouilly-Fumé A.O.P || La bouteille de 75cl || Origine : FRANCE || A déguster dès à présent.                                                     A servir frai de 8 à 10°C. || 
17,60€ / L || 
13,20 € || 
Coteaux du giennois, vin blanc, 12.5% vol. || La bouteille de 75cl || Origine : FRANCE || 
9,20€ / L || 
6,90 € || 
Gros Plant du pays Nantais || La bouteille de 75cl || Origine : FRANCE || 
7,61€ / L || 
5,71 € || 
Muscadet Sèvre et Maine || La bouteille de 75cl || Origine : FRANCE || Chaque année, dés la fin des fermentations, nous sélectionnons avec le plus grand soin les meilleures cuvées dignes des clissages d'Or. La qualité de ce vin est unique. Légèrement perlant et frais à souhait, il possède une touche de vivacité et une expression superbe du terroir qui l'a vu naître. Cette cuvée, limitée parce que rare, est entièrement clissée à la main et fait la fierté de notre maison. Nous conseillons de la découvrir sans réserve. || Mariage mets/vins : poissons, crustacés, fruits de mer. Température de service : 8-9°C. Durée de garde : 1 à 3 ans.  Zéro alcool pendant la grossesse. || CONTAINS : SULPHITES. || 
7,20€ / L || 
5,40 € || 
Muscadet || La bouteille de 75cl || Origine : FRANCE || 
5,32€ / L || 
3,99 € || 
Sancerre || La bouteille de 75cl || Origine : FRANCE || René Carroi dont les vignes sont aujourd'hui exploitées par une importante maison sancerroise vous a signé ce vin issu du cépage sauvignon et d'un assemblage de terres à caillottes et siliceuses. Mariage Mets & Vins : une truite aux amandes, une solemeunière, des huîtres et crustacés, un homard, du crottin de Chavignol chaud. || Température de service : 10 à 12°. Durée de garde : 3 à 4 ans.  Zéro alcool pendant la grossesse. || Contains sulphites. || 
16,33€ / L || 
12,25 € || 
Cheverny || La bouteille de 75cl || Origine : FRANCE || 
6,64€ / L || 
4,98 € || 
Sauvignon || La bouteille de 75cl || Origine : FRANCE || Produit de Touraine, ce vin blanc de cépage. Sauvignon délicate- ment parfumé a le charme et la finesse de cette Province si aimable des bords de la Loire. || Vous honorerez vos amis en le servant entre 10/12° avec tous hors-d'oeuvre ou fruits de mer et poissons.  Zéro alcool pendant la grossesse. || CONTAINS SULPHITES. || 
5,40€ / L || 
4,05 € || 
Blanc sec, vin de table français, 11% vol. || La bouteille de 100cl || Origine : FRANCE || Sec et fruité, ce vin issu de raisins blancs convient parfaitement pour les hors-d'oeuvre poissons, coquillages, crustacés. || Servir très frais. Très apprécié pour la préparation du 'KIR'.  Zéro alcool pendant la grossesse. || Contient des sulfites. || 
3,50€ / L || 
3,50 € || 
Chardonnay, vin de pays d'Oc, 13.5% vol. || La bouteille de 75cl || Origine : FRANCE || Le Chardonnay est un cépage tout en finesse, au bouquet de fruits frais développés en notes intense. 'Au nez' : une belle senteur de fruits blancs et de fleur d'oranger. 'En bouche' : une sensation suave et onctueuse qui ne s'interdit pas la vivacitéet se prolonge joliment. || 'Il fera merveille avec'... : du poisson grillé ou en sauce, des viandes blanches qu'il contraste de son parfum d'agrumes. A boire à 12°C.  Zéro alcool pendant la grossesse. || Contient des sulfites. || 
5,27€ / L || 
3,95 € || 
Muscat Sec || La bouteille de 75cl || Origine : FRANCE || Il fera merveille avec: en apéritif ou avec des plats asiatiques légèrement épicés. || A déguster entre 8°C et 10°C.  Zéro alcool pendant la grossesse. 10cl = 1 unité d'alcool || 12,5%Vol. Contient des sulfites. || 
5,27€ / L || 
3,95 € || 
Sauvignon, vin de pays d'Oc, 12.5% vol. || La bouteille de 75cl || Origine : FRANCE || Le Sauvignon est un cépage vif délicieusement acidulé et rafraîchissant. 'Au nez' : une senteur intense et de bourgeon de cassis. 'En bouche' : une belle rondeur et beaucoup de fraîcheur. || 'Il fera merveille avec'... : des coquillages, des crustacés, du poisson ou encore du fromage de chèvre. A boire à 12°C.  Zéro alcool pendant la grossesse. || Contient des sulfites. || 
5,27€ / L || 
3,95 € || 
Viognier, vin de pays d'Oc, 13% vol. || La bouteille de 75cl || Origine : FRANCE || Le Viognier est un cépage généreux de sensualité, aux arômes délicats. 'Au nez' : une senteur enivrante d'abricot sec et de noisette. 'En bouche' : une sensation onctueuse et grasse de miel et de tilleul qui se finit avec une belle vivacité. || 'Il fera merveille avec'  : des amuse-gueules feuilletés à l'apéritif. À boire à 12°C.  Zéro alcool pendant la grossesse. || Contient des sulfites. || 
5,27€ / L || 
3,95 € || 
Cépage sauvignon, vin blanc de pays d'Oc, 12% vol. || La bouteille de 750ml || Origine : FRANCE || La Grappe, petite et compacte parfois ailée, avec une saveur rappelant le muscat. La feuille, petite et orbiculaire, frisée et grossièrement bullée. || Vin et mets : fruits de mer et poissons. Température de dégustation : 10°C.  Zéro alcool pendant la grossesse. || Contient des Sulfites. || 
4,25€ / L || 
3,19 € || 
Chardonnay, vin blanc de pays des comtés rhodaniens || La bouteille de 75cl || Origine : FRANCE || D'AUTHENTIQUES VINS DE TERROIR. Zone de production : rive droite de la Vallée du Rhône, sud du département de l'Ardèche. Cépage : 100% Chardonnay. Caractère : belle couleur, de la matière et du fruit qui devraient se développer en vieillissant, trèsagréable. || Service : température 13°C, parfait en apéritif, ou avec une viande blanche, crustacés, poissons || Contient des sulfites. || 
4,93€ / L || 
3,70 € || 
Ugni-blanc colombard, vin blanc de pays des côtes de Gascogne || La bouteille de 75cl || Origine : FRANCE || Magnifique intensité pour un vin sec et fruité, très ouvert sur da floraux, d'agrumes avec de belles nuances de fruits exotiques. || Servir frais. A consommer à tout moment de la journée (très rafraîchissant) en apéritif, sur de la charcuterie, des poissons et des fruits de mer... || CONTIENT DES SULFITES. || 
7,13€ / L || 
5,35 € || 
Muscat sec, vin de pays d'Oc, 13% vol. || La bouteille de 75cl || Origine : FRANCE || Zéro alcool pendant la grossesse. || Contient des sulfites. || Valeur énergétique en Joules :  0 || Valeur énergétique en Kcal : 0 || Glucides : 0 || Lipides : 0 || Protides :0 || 
5,60€ / L || 
4,20 € || 
Vin sec de table d'Espagne, 11% vol. || La bouteille de 75cl || Origine : FRANCE || Zéro alcool pendant la grossesse. || Contient des sulfites. || 
2,12€ / L || 
1,59 € || 
Chardonnay vin blanc de pays d'Oc I.G.P || La bouteille de 75cl || Origine : FRANCE || Vinification par pressurage direct, courte macération pelliculaire et élevage sur lies fines afin d'obtenir un vin généreux et aromatique. Belle robe jaune brillante. Arôme intense, fleur blanche, amande et fruit exotique. Fraiche, puissante et persistante. Issu de l'agriculture biologique. || Apéritif, Poissons gras type saumon. A déguster entre 1                       0°c et 12°c. || Contient des sulfites. || 
5,32€ / L || 
3,99 € || 
Chardonnay vin blanc de pays d'Oc I.G.P || La bouteille de 75cl || Origine : FRANCE || Vinification par pressurage direct, courte macération pelliculaire et élevage sur lies fines afin d'obtenir un vin généreux et aromatique. Belle robe jaune brillante. Arôme intense, fleur blanche, amande et fruit exotique. Fraiche, puissante et persistante. Issu de l'agriculture biologique. || Apéritif, Poissons gras type saumon. A déguster entre 1                       0°c et 12°c. || Contient des sulfites. || 
5,32€ / L || 
3,99 € || 
Sauvignon, vin sec de pays d'Oc, 12% vol. || La bouteille de 75cl || Origine : FRANCE || Sec et fruité en bouche. || Zéro alcool pendant la grossesse. || Contient des sulfites. || 
4,13€ / L || 
3,10 € || 
Florenbelle, vin blanc de pays des côtes de Gascogne || La bouteille de 75cl || Origine : FRANCE || Robe cristalline, aux reflets émeraude. Bouquet élégant et subtil, rafraîchi par des notes de pamplemousse. Bouche douce et délicate, offrant une finale de fleurs blanches. || Servir entre 8 et 10°C. Vin plaisir à l'apéritif, le compagnon idéal de vos huîtres, brochettes de crustacés et de vos salades.  Zéro alcool pendant la grossesse. || Contains sulphites. || 
4,80€ / L || 
3,60 € || 
Bergerac blanc sec || La bouteille de 75cl || Origine : FRANCE || Le Terroir: sol argilo calcaire. Le Vin: Attaque fraiche et friande avec au nez des parfums de fruits blancs et d'agrumes. Gras et long au palais soutenu par une belle fraîcheur il laisse une agréable sensation d'équilibre. || Cépages: Sauvignon à 50%, Sémillon à 35%, Muscadelle à 15%. Contient des sulfites. || 
6,67€ / L || 
5,00 € || 
Entre deux mers, vin blanc || La bouteille de 75cl || Origine : FRANCE || Il fera merveille avec : fruits de mer, poissons plats, volailles rôties. A déguster entre 8°C et 10°C. || Contient des sulfites. || 
5,40€ / L || 
4,05 € || 
Jurançon, vin moelleux, 12.5% vol. || La bouteille de 75cl || Origine : FRANCE || Il fera merveille avec : apéritif, hors-d'oeuvre, volailles, fromages forts. A déguster entre 8°C et 10°C.  Zéro alcool pendant la grossesse. || Contient des sulfites. || 
12,20€ / L || 
9,15 € || 
Mouton Cadet, vin blanc de Bordeaux || La bouteille de 75cl || Origine : FRANCE || Robe : jaune clair brillant. Nez : complexe offre un mÍlange d'ar«mes de buis, de fruits blancs (p²che) et d'agrumes (pamplemousse rose). Bouche : un vin harmonieux avec une attaque fraÓche et fruitÍe qui s'exprime sur des notes d'agrumes et de tilleul. Le milieu de bouche est ample avec une belle minÍralitÍ et un Íquilibre parfait entre rondeur et fraÓcheur. || 
11,87€ / L || 
8,90 € || 
Blanc moelleux, Les Hauts de Saint Rome || La bouteille de 75cl || Origine : FRANCE || Les Hauts Saint-Rome s'étendent sur la partie sud du vignoble de Cabrières à une altitude moyenne de 90 mètres. Les sols sont composés essentiellement de schistes et de calcaires gréseux. L'exposition des  parcelles au sud contribue au mûrissement très précoce des raisins de Clairette. Cépage unique de l'appellation Clairette du Languedoc, la Clairette se révèle plus expressive quand elle est trop mûre. Issue des plus vieilles vignes, récoltés à la main, cette sélection séduira l'amateur par sonoriginalité . Elaborée selon les  méthodes anciennes, cette spécialité se distingue par son caractère moderne: belle teinte or aux reflets verts, arômes mêlés de pèche, de fleurs blanches, d'abricot et une bouche toute en rondeur où l'on retrouve des saveurs de fenouil et d'anis. Servir frais, les Hauts de Saint-Rome, s'expriment de manière idéale au moment de l'apéritif ou en accompagnement d'un foie gras || Zéro alcool pendant la grossesse || Valeur énergétique en Joules :  0 || Valeur énergétique en Kcal : 0 || Glucides : 0 || Lipides : 0 || Protides :0 || Contient des sulfites || 
5,20€ / L || 
3,90 € || 
Coteaux du Languedoc || La bouteille de 75cl || Origine : FRANCE || La cuvée réserve est composé de Bourboulenc (30%), Rolle (30%), Grenache blanc (25%) et Roussanne (15%). Vin généreux, il fait l'objet de tous les soins attentifs : rendements modérés, conduite raisonnée du vignoble, vinification traditionnelle avecfermentation et élevage de 8 mois en fûts neufs. || Elégant, équilibré, avec des notes d'agrumes évoluant vers des touches miellées, ce vin est idéal sur les viandes blanches, poissons, fruits de mer, mais aussi en apéritif. Servir à 10-12°C. || Contient des sulfites. || Peut être conservé quelques années en cave. || 
11,13€ / L || 
8,35 € || 
Costières de Nîmes A.O.P || La bouteille de 75cl || Origine : FRANCE || 
7,47€ / L || 
5,60 € || 
Graves, sélection les carmes, vin blanc, 12% vol. || La bouteille de 75cl || Origine : FRANCE || Comme tous les Graves blancs de grande qualité notre Château Petit Mouta est un vin sec, de couleur paille clair, très fin et délicatement bouqueté. En bouche très corpulent, racé et nerveux sans verdure car sa vinification spéciale est particulièrement réussie. Au nez il est d'une grande distinction qui vous surprendra agréablement. || A consommer frais mais non frappé sur plats de poissons, fruits de mer ou tout simplement très frais en apéritif.Nous vous conseillons de le boire jeune pour lui conserver sa vigueur mais il peut vieillir légèrement ce qui l'assouplira tout en lui conservant malgré tout son équilibre.  Zéro alcool pendant la grossesse. || Contient  sulfites (SO2). || 
6,20€ / L || 
4,65 € || 
Vin blanc d'appellation ajaccio contrôlé || La bouteille de 75cl || Origine : FRANCE || 
12,87€ / L || 
9,65 € || 
Sauvignon || La bouteille de 75cl || Origine : FRANCE || 
4,27€ / L || 
3,20 € || 
Corbières 2006, vin blanc vinifié en barriques, 13,5% vol. || La bouteille de 750ml || Origine : FRANCE || Le Domaine Georges Bertrand entre dans la famille des grands vins, qui se singularise par un respect, une tradition, une passion et un savoir-faire au service et au dévouement des amateurs de belles rencontres. TERRA VITIS. Observer, respecter pour produire. La démarche Terra Vitis garantit un mode de production de qualité respectant l'environnement. Ce vin est élaboré avec des raisins issus d'une exploitation qualifiée au titre de l'agriculture raisonnée et suivant la démarche Terra Vitis avecune traçabilité des pratiques culturales vértifiée par un organisme indépendant. || Zéro alcool pendant la grossesse. || Contient des sulfites. || 
8,33€ / L || 
6,25 € || 
Patrimonio blanc, appellation patrimonio contrôlé || La bouteille de 75cl || Origine : FRANCE || 
13,05€ / L || 
9,79 € || 
Condrieu || La bouteille de 75cl || Origine : FRANCE || 
39,93€ / L || 
29,95 € || 
Côtes du Rhône, vin blanc, 13% vol. || La bouteille de 75cl || Origine : FRANCE || A la suite du fondateur Etienne Guigal, qui a vinifié 67 récoltes, Marcel et son fils Philippe, profondément attachés aux terroirs de leur région, mettent passion et rigueur au service des grands vins de la vallée du Rhône. La devise du château d'Ampuis 'nul bien sans peine' illustre la philosophie qualitative familiale qui exprime, pleinement et avec constance, l'excellence des appellations rhodaniennes. || Zéro alcool pendant la grossesse. || Contient des sulfites. || 
11,93€ / L || 
8,95 € || 
Picpoul de pinet, AOC || La bouteille de 75cl || Origine : FRANCE || A quelques kilomètres de la mer méditerranée, bien exposé au soleil, le vignoble du Picpoul de Pinet allie la noblesse de son cépage Piquepoul et la tradition de sa culture. || Le Picpoul de Pinet de l'Etang de Sol saura être le compagnon idéal des plats de poissons, crustacés et fruits de mer. Température de service : 6 à 8°C. || A consommer dans les 2 ans suivant la récolte. || 
5,67€ / L || 
4,25 € || 
Vin blanc de Bordeaux, 11,5% vol. || La bouteille de 750ml || Origine : FRANCE || Au Moyen Age, situé au coeur du Bordelais, s'est créé un centre viticole important sur les chemins de Saint-Jacques-de-Compostelle. Aujourd'hui, cette activité traditionnelle continue dans un centre de production à la pointe du progrès. Cépages : Sauvignon, Sémillon. Commentaires de dégustation : Robe jaune pâle aux reflets verts. Arômes intenses aux notes fleuries et d'agrumes. Frais en bouche, ce vin est plaisant par son équilibre finement acidulé. Notre oenologue vous garantit la qualité de ce vin. || A consommer à l'apéritif, sur poissons grillés et crustacés, à 8/10°.  Zéro alcool pendant la grossesse. || Contient des sulfites. || 
5,32€ / L || 
3,99 € || 
Ventoux A.O.P || Le magnum de 150cl || Origine : FRANCE || 
6,60€ / L || 
9,90 € || 
Beaujolais blanc A.O.P || La bouteille de 75cl || Origine : FRANCE || 
7,73€ / L || 
5,80 € || 
Muscat vin naturellement doux, vin de pays de l'île de beauté || La bouteille de 75cl || Origine : FRANCE || Situé en bordure de lancienne cité romaine de Mariana (au Nord Est de lîle), se cultivait déjà ce cépage ancestrale, le « Moulin de Rasignani » est devenu aujourdhui une référence incontournable. Le Muscat , cest le vin de la Méditerranée, de lafête et du partage Mulinu di Rasignani renoue avec la tradition des grands Muscats « Impassitu », vendange tardive || Température de dégustation : 10°C. Zéro alcool pendant la grossesse. || 
12,08€ / L || 
9,06 € || 
Perlé, gaillac || La bouteille de 75cl || Origine : FRANCE || Cépages : mauzac, l'en de l'el, sauvignon. Le blanc sec Perlé un vin unique, typique de l'appellation Gaillac. Caractères gustatifs : arômes de fleurs, de fruits à chair blanche et d'agrume. Attaque vive et équilibrée, perle fine en bouche. || Servir à 8°C avec des produits de mer, du poisson grillé ou à l'apéritif.  Zéro alcool pendant la grossesse. || Contient des sulfites. || 
5,27€ / L || 
3,95 € || 
Rully, grand vin de Bourgogne || La bouteille de 75cl || Origine : FRANCE || Contient des sulfites. || 
16,53€ / L || 
12,40 € || 
Coteaux d'Aix en Provence, vin rosé, 12% vol. || La bouteille de 75cl || Origine : FRANCE || Il fera merveille avec : coquillages, charcuterie, volailles, légumes, fromages forts. A déguster entre 8°C et 10°C.  Zéro alcool pendant la grossesse. || Contient des sulfites. || 
4,93€ / L || 
3,70 € || 
Côtes de Provence, 12.5% vol. || La bouteille de 75cl || Origine : FRANCE || Il fera merveille avec : coquillages, crustacés, poissons, volailles, légumes, fromages forts. A déguster entre 8°C et 10°C.  Zéro alcool pendant la grossesse. || Contient des sulfites. || 
6,65€ / L || 
4,99 € || 
Côtes de Provence rosé || La bouteille de 75cl || Origine : FRANCE || 
4,73€ / L || 
3,55 € || 
Côtes de Provence, vin rosé || La bouteille de 75cl || Origine : FRANCE || Forte d'un savoir faire trentenaire, Billette vous propose une sélection soignée du meilleur de la tradition vinicole provençale. || Servi frais (6-8°C) avec des poissons, fruits de mer, et spécialités méditerranéennes, ce vin ensoleillera vos repas entre amis. || Contient des sulfites. || 
5,53€ / L || 
4,15 € || 
Bandol, AOC, 13,5%vol. || La bouteille de 75cl || Origine : FRANCE || 
9,20€ / L || 
6,90 € || 
Vin d'appellation corse contrôlé rosé carte noire || La bouteille de 75cl || Origine : FRANCE || 
5,69€ / L || 
4,27 € || 
Côtes de Provence || La bouteille de 75cl || Origine : FRANCE || 
7,73€ / L || 
5,80 € || 
Vin rosé d'appellation ajaccio contrôlé || La bouteille de 75cl || Origine : FRANCE || 
12,87€ / L || 
9,65 € || 
Vin de corse, appellation vin de corse contrôlé rosé || La bouteille de 75cl || Origine : FRANCE || 
11,16€ / L || 
8,37 € || 
Vin pétillant de muscat rosé || La bouteille de 75cl || Origine : FRANCE || La côte orientale de lile de beauté est propice à la culture du Muscat depuis la nuit des temps Pétillant de Muscat: Douces Bulles, Muscadellu faiblement alcoolisé, vous séduira par sa fraîcheur, sa couleur et ses arômes très nature || Température de dégustation : 10°C. Zéro alcool pendant la grossesse. || 
12,35€ / L || 
9,26 € || 
Vin rosé d'appellation corse contrôlé || La bouteille de 75cl || Origine : FRANCE || 
7,04€ / L || 
5,28 € || 
Vin de pays de l'île de beaut{ || La bouteille de 75cl || Origine : FRANCE || 
5,32€ / L || 
3,99 € || 
Vin d'appellation ajaccio contrôlé rosé || La bouteille de 75cl || Origine : FRANCE || 
11,32€ / L || 
8,49 € || 
Vin de pays de l'île de beauté rosé || La bouteille de 1l || Origine : FRANCE || 
3,73€ / L || 
2,80 € || 
Cuvée alexandra, appellation corse figari contrôlé rosé || La bouteille de 75cl || Origine : FRANCE || 
13,39€ / L || 
10,04 € || 
Vin de Provence, A.O.P Coteaux d'Aix en Provence || La bouteille de 75cl || Origine : FRANCE || 
6,00€ / L || 
4,50 € || 
Corse Sarterne, vin rosé || La bouteille de 75cl || Origine : FRANCE || Un terroir de coteaux à dominante granitique, un large ensoleillement et une pluviométrie faible, un climat montagnard joint à l'influence maritime: le domaine Fiumiccicoli bénéficie de conditions exceptionnelles. Son rosé, essentiellement composé deSciaccarello -qui signifie "craquant sous la dent"- offre toutes les senteurs de l'Ile de Beauté. || 
15,33€ / L || 
11,50 € || 
Corse Sarterne, vin rosé || La bouteille de 75cl || Origine : FRANCE || Un terroir de coteaux à dominante granitique, un large ensoleillement et une pluviométrie faible, un climat montagnard joint à l'influence maritime: le domaine Fiumiccicoli bénéficie de conditions exceptionnelles. Son rosé, essentiellement composé deSciaccarello -qui signifie "craquant sous la dent"- offre toutes les senteurs de l'Ile de Beauté. || 
15,33€ / L || 
11,50 € || 
Appellation patrimonio contrôlé rosé || La bouteille de 75cl || Origine : FRANCE || 
10,83€ / L || 
8,12 € || 
Patrimonio rosé, appellation patrimonio contrôlé || La bouteille de 75cl || Origine : FRANCE || 
10,25€ / L || 
7,69 € || 
Patrimonio rosé, appellation patrimonio contrôlé || La bouteille de 75cl || Origine : FRANCE || 
13,05€ / L || 
9,79 € || 
Vin de corse cuvée prestige rosé, appellation corse figari contrôlé || La bouteille de 75cl || Origine : FRANCE || 
10,12€ / L || 
7,59 € || 
Vins corse rosé, appellation corse figari contrôlé || La bouteille de 75cl || Origine : FRANCE || 
7,72€ / L || 
5,79 € || 
Côtes de Provence A.O.P, Cuvée Rosalie || La bouteille de 75cl || Origine : FRANCE || 
14,00€ / L || 
10,50 € || 
Côtes de Provence A.O.P, Cuvée Rosalie || La bouteille de 75cl || Origine : FRANCE || 
14,00€ / L || 
10,50 € || 
Corse, vin rosé, 12% vol. || La bouteille de 75cl || Origine : FRANCE || Magnifique domaine situé sur le plateau de Pianiccia-Tallone, Sainte-Juliette bénéficie d'un micro climat exceptionnel donnant des vins de grande fraîcheur. Ce rosé charme à la bouche fruitée et vive est toute en harmonie. || Il accompagnera tous vos instants festifs et vos apéritifs entre amis. Servir à 12°C.  La consommation de boissons alcoolisées pendant la grossesse, même en faible quantité, peut avoir des conséquences graves sur la santé de l'enfant. || Contient des sulfites. || 
6,53€ / L || 
4,90 € || 
Côtes de Provence || La bouteille de 75cl || Origine : FRANCE || Le Domaine Trémourède est lové au sein du massif des Maures à proximité de la Baie de Saint-Tropez. Les vins sont élaborés au coeur d'une très ancienne cave de pierre enterrée. Garantie de fraîcheur, modernisme et tradition. || Zéro alcool pendant la grossesse || 
6,60€ / L || 
4,95 € || 
Vin d'appellation corse contrôlé rosé || Le bib de 3l || Origine : FRANCE || 
5,24€ / L || 
15,71 € || 
Vin de pays de l'île de beauté rosé || La bouteille de 75cl || Origine : FRANCE || Vin de pays de l'ile de beauté. C'est à Bravone, qu'Eric Poli cultive ses vignes, sous le soleil bienveillant du littoral oriental de l'ile de beauté. || Température de dégustation : 10°C. Zéro alcool pendant la grossesse. || 
6,73€ / L || 
5,05 € || 
Côtes de provence || La bouteille de 75cl || Origine : FRANCE || 60 %  GRENACHE - 40 % CINSAULT || 
9,20€ / L || 
6,90 € || 
Vin Rosé et Pêche Finement Pétillant, crée à Saint Tropez || La bouteille de 27,5cl || Origine : FRANCE || 
12,98€ / L || 
3,57 € || 
Vin Rosé et Pêche Finement Pétillant, crée à Saint Tropez || La bouteille de 27,5cl || Origine : FRANCE || 
11,27€ / L || 
3,10 € || 
Vin de pays de l'île de beauté rosé || La bouteille de 75cl || Origine : FRANCE || 
3,24€ / L || 
2,43 € || 
Côtes de Provence || La bouteille de 75cl || Origine : FRANCE || 
6,65€ / L || 
4,99 € || 
Côtes de Provence, vin rosé, 12.5% vol. || La bouteille de 75cl || Origine : FRANCE || Partagez un moment de bonheur ensoleillé avec 'Le caprice de Clémentine'. Elaborés à base des cépages traditionnels de la Provence, Cinsault, Grenache, Syrah,.. nos vins ont l'accent du mistral tempérament du Sud. Fins, élégants, épicés, généreux, ils feront chanter la cigale qui est en vous. || Zéro alcool pendant la grossesse. || Contient des sulfites. || 
11,28€ / L || 
8,46 € || 
Vin de Pays des Alpes de Haute Provence rosé || La bouteille de 75cl || Origine : FRANCE || 
4,40€ / L || 
3,30 € || 
Côteaux de Pierrevert || La bouteille de 75cl || Origine : FRANCE || Le Terroir: Pierrevert, Alpes de Haute Provence. Fruit de l'interaction entre le sol, le climat et le travail des vignerons. Le Vin: Robe pétale de rose. Nez arômes dominants de bonbon anglais avec des notes de pain grillé. En bouche belle rondeur, vin gras mais équilibré avec une belle acidité. Les Accords: Grillades, viandes blanches et apéritif. || Cépages: Grenache, Syrah et Cinssault. || 
7,33€ / L || 
5,50 € || 
Saint André de Figuiére, Côtes de Provence || La bouteille de 75cl || Origine : FRANCE || 
12,00€ / L || 
18,00 € || 
Vin de pays de l'île de beauté rosé || La bouteille de 1l || Origine : FRANCE || Vin estival par excellence. Déboucher et servir frais. || Température de dégustation : 10°C. Zéro alcool pendant la grossesse. || Rosé pâle, teinte abricot. Nez fin mais discret. Bouche flatteuse avec une attaque fraîche et nerveuse. || 
2,87€ / L || 
2,87 € || 
Vin d'appellation corse contrôlé rosé || La bouteille de 75cl || Origine : FRANCE || De la Casinca à Aléria, la vigne s'épanouit le long de la Costa Serena. De cette diversité est né un vin de caractère, "Réserve du président", devenu le préféré des insulaires, véritablement le choix des Corses. || Température de dégustation : 10°C. Zéro alcool pendant la grossesse. || 
8,84€ / L || 
6,63 € || 
Vin appellation corse contrôlé rosé || La bouteille de 37,5cl || Origine : FRANCE || De la Casinca à Aléria, la vigne s'épanouit le long de la Costa Serena. De cette diversité est né un vin de caractère, "Réserve du président", devenu le préféré des insulaires, véritablement le choix des Corses. || A boire à 16°C. Zéro alcool pendant la grossesse. || 
7,73€ / L || 
2,90 € || 
Vin d'appellation corse contrôlé rosé || La bouteille de 18,7cl || Origine : FRANCE || De la Casinca à Aléria, la vigne s'épanouit le long de la Costa Serena. De cette diversité est né un vin de caractère, "Réserve du président", devenu le préféré des insulaires, véritablement le choix des Corses. || A boire à 16°C. Zéro alcool pendant la grossesse. || 
8,29€ / L || 
1,55 € || 
Cépage cinsault, vin de pays d'Oc, 12,5% vol. || La bouteille de 75cl || Origine : FRANCE || La Grappe, grande, compacte, baies ellipsoïdes. Peau ferme craquant sous la dent, apprécié à table sous le nom d' 'Oeillade'. La feuille, moyenne, orbiculaire, lobée, à sinus latéraux à fonds aigus. || Vin et mets : salades, viandes grillées et pizzas. Température de dégustation : 10°C.  Zéro alcool pendant la grossesse. || Contient des sulfites. || 
4,20€ / L || 
3,15 € || 
Grenache, vin de pays d'Oc, 13.5% vol. || La bouteille de 75cl || Origine : FRANCE || le Grenache est un cépage rond et gras, qui possède une remarquable finesse aromatique. 'Au nez' : une senteur fruitée et épicée. 'En bouche' : une sensation ronde et harmonieuse, des tannins fondus se finissant par une belle note fruitée. 'il fera merveille avec'... : des charcuteries, volailles, viandes grillées et fromages. À boire à 16°C. || 'Il fera merveille avec'... : des charcuteries, volailles, viandes grillées et fromages. À boire à 16°C.  Zéro alcool pendant la grossesse. || Contient des sulfites. || 
5,27€ / L || 
3,95 € || 
Grenache, vin de pays d'Oc, 13% vol. || La bouteille de 75cl || Origine : FRANCE || le Grenache rosé est un cépage frais, tendre aux parfums d'été. 'Au nez' : une senteur de fruits frais, de fraise, assis et de framboise. 'En bouche' : une sensation ronde et harmonieuse. || 'Il fera merveille avec'... : des charcuteries, viandes grillées et spécialité étrangères (pizza, couscous, cuisine asiatique). À boire à 12°C.  Zéro alcool pendant la grossesse. || Contient des sulfites. || 
5,27€ / L || 
3,95 € || 
Syrah, vin de pays d'Oc, 13% vol. || La bouteille de 75cl || Origine : FRANCE || La Syrah rosé est un cépage plaisir à la fraîcheur parfumée et aux arômes capiteux. 'Au nez': une senteur intense de grenade et de pêche. 'En bouche': une sensation ronde, équilibrée et bien structurée, légèrement caramélisée. || 'Il fera merveille avec'  : des charcuteries, viandes grillées et spécialités étrangères (paella, pizza, couscous, cuisine asiatique). A boire à 12°C.  Zéro alcool pendant la grossesse. || Contient des sulfites. || 
5,27€ / L || 
3,95 € || 
Une note de Cinsault || La bouteille de 75cl || Origine : FRANCE || 
5,27€ / L || 
3,95 € || 
Rosé Merlot || La bouteille de 75cl || Origine : FRANCE || 
4,67€ / L || 
3,50 € || 
Vin de Pays d'OC rosé || La bouteille de 75cl || Origine : FRANCE || 
8,33€ / L || 
6,25 € || 
Vin de Pays du Golfe du Lion IGP || La bouteille de 75cl || Origine : FRANCE || L'abus d'alcool est dangereux pour la santé; A consommer avec modération || 
4,67€ / L || 
3,50 € || 
Vin rosé || La bouteille de 1,5L || Origine : FRANCE || 
2,13€ / L || 
3,19 € || 
Syrah, Ardèche I.G.P. || La bouteille de 75cl || Origine : FRANCE || 
3,93€ / L || 
2,95 € || 
Cinsault-nielluciu, vin de pays de l'Ile de Beauté, 12% vol. || La bouteille de 75cl || Origine : FRANCE || Marestagno est un terroir particulier situé sur les coteaux réputés et baignés de soleil de la Costa Serena. Mariage harmonieux des cépages Cinsault et Nielluccui, cette cuvée vous séduira par sa fraîcheur, son fruité intense et ses arômes subtils. || La consommation de boissons alcoolisées pendant la grossesse, même en faible quantité, peut avoir des conséquences graves sur la santé de l'enfant. || Contient des sulfites. || Dégusté frais, il sera le compagnon idéal de vos repas et enchantera vos apéritifs. || 
4,13€ / L || 
3,10 € || 
Grain de muscat rose vin de france || La bouteille de 75cl || Origine : FRANCE || 
5,60€ / L || 
4,20 € || 
I.G.P. du Pays d'OC, Grenache || La bouteille de 75cl || Origine : FRANCE || 
7,87€ / L || 
5,90 € || 
Syrah rosé, vin de pays d'Oc, 12,5% vol. || La bouteille de 75cl || Origine : FRANCE || Rosé de saignée, vinification à basse température afin de préserver tous les arômes du fruit. Robe rosée soutenue. Arôme intense, nuance de framboise  et de cassis. Souple, charnue, fraîche, acidulée, persistante. Entrées, viandes blanches et grillades. || A consommer de préférence entre 13-15°C.  Zéro alcool pendant la grossesse || Valeur énergétique en Joules :  0 || Valeur énergétique en Kcal : 0 || Glucides : 0 || Lipides : 0 || Protides :0 || Contient des sulfites || 
5,32€ / L || 
3,99 € || 
Syrah rosé, vin de pays d'Oc, 12,5% vol. || La bouteille de 75cl || Origine : FRANCE || Rosé de saignée, vinification à basse température afin de préserver tous les arômes du fruit. Robe rosée soutenue. Arôme intense, nuance de framboise  et de cassis. Souple, charnue, fraîche, acidulée, persistante. Entrées, viandes blanches et grillades. || A consommer de préférence entre 13-15°C.  Zéro alcool pendant la grossesse || Valeur énergétique en Joules :  0 || Valeur énergétique en Kcal : 0 || Glucides : 0 || Lipides : 0 || Protides :0 || Contient des sulfites || 
5,32€ / L || 
3,99 € || 
Cinsault, vin rosé de pays d'Oc, cuvée spéciale, 12% vol. || La bouteille de 75cl || Origine : FRANCE || Contient des sulfites. || 
4,27€ / L || 
3,20 € || 
Rosé aromatisé pamplemousse || La bouteille de 75cl || Origine : FRANCE || 
4,67€ / L || 
3,50 € || 
Cabernet d'Anjou || La bouteille de 75cl || Origine : FRANCE || Il fera merveille avec : apéritif, hors d'oeuvre, tartes salées, charcuterie, volailles, légumes, pizzas. A déguster entre 8°C et 10°C. || Contient des sulfites. || 
5,32€ / L || 
3,99 € || 
Clairet, A.O.C, élu par le jury Gourmet || La bouteille de 75cl || Origine : FRANCE || Le Terroir: sol argilo calcaire.                                          Depuis quatre générations mafamille exploite le château Saint e Marie en plein coeur de l'Entre deux Mers, il fut bâti et géré par les moines de l'abbaye cistercienne de La Sauve majeure au XIVème siècle. Le Vin: Il est craquant, riche, frais, une couleur qui évoque la bonne humeur. On appreciela rondeur du merlot et la finesse du cabernet. || Contient des sulfites. L'assemblage du Clairet est composé de Merlot 50%, Cabernet Franc 40% et Cabernet Sauvignon 10%. Elevé sur lies totales pendant 6 mois. || A consommer entre 12° et 14°C. || 
7,73€ / L || 
5,80 € || 
Languedoc, appelation d'origine contrôlée || La bouteille de 75cl || Origine : FRANCE || Il fera merveille avec: hors d'oeuvre, tartes salées, charcuterie, pizzas. || A déguster entre 8°C et 10°C.  Zéro alcool pendant la grossesse. 10cl = 1 unité d'alcool || 12%Vol. Contient des sulfites. || 
4,39€ / L || 
3,29 € || 
Tavel rosé || La bouteille de 75cl || Origine : FRANCE || Le Terroir: Vallée du Rhône, Coteaux sablonneux et argileux. Le Vin: Robe rubis. Nez complexe et puissant, avec des notes de fruits rouges (fraise, framboise). Bouche pleine et charnue, avec une belle minéralité, mêlée d'arômes de fruits rouges. Le vin offre un bel équilibre, mêlant complexité et fraîcheur. || Cépages: Bourboulenc 6%, Clairette 9%, Grenache noir 52%, Syrah 12%, Mouvèdre 11%, Cinsault 8%, Picpoul 2%. Contient des sulfites. || 
13,27€ / L || 
9,95 € || 
Saint-Pourçain || La bouteille de 75cl || Origine : FRANCE || 
5,53€ / L || 
4,15 € || 
Tavel, vin rosé, 13.5% vol. || La bouteille de 75cl || Origine : FRANCE || Belle robe d'un rose profond presque rubis. Bouquet intense de fleurs et fraises des bois. Puissant et corsé en bouche sous une chair de velours. || Charcuterie, eau, volaille et cuisine exotique. 10-12°C.  Zéro alcool pendant la grossesse. || Contient des sulfites. || 
9,60€ / L || 
7,20 € || 
Mouton Cadet, vin rosé || La bouteille de 75cl || Origine : FRANCE || Robe : rose groseille brillant. Nez : un nez complexe aux notes subtiles d'aubÍpine, s'ouvrant sur des notes de drutis rouges (fraises, framboises). Bouche : l'attaque est charnue, marquÍe par la fraÓcheur des fruits rouges. Ce vin, souple surprend par sa densitÍ et sa fraÓcheur. || 
11,87€ / L || 
8,90 € || 
Bordeaux rosé, vin rosé, 12% vol. || La bouteille de 75cl || Origine : FRANCE || Cellier Yvecourt Bordeaux rosé revêt une belle robe brillante aux reflets framboise. || Sa richesse aromatique aux notes de fruits rouges et sa grande fraîcheur accompagneront parfaitement vos grillades, salades et tous vos apéritifs ensoleillés.  Zéro alcool pendant la grossesse. || Contient sulfites. || 
6,87€ / L || 
5,15 € || 
Costière de Nîmes || La bouteille de 75cl || Origine : FRANCE || 
11,47€ / L || 
8,60 € || 
Costière de Nîmes || La bouteille de 75cl || Origine : FRANCE || 
11,47€ / L || 
8,60 € || 
Côteaux du Languedoc rosé || La bouteille de 75cl || Origine : FRANCE || 
8,67€ / L || 
6,50 € || 
Costières de Nîmes A.O.C., vin gourmand || La bouteille de 75cl || Origine : FRANCE || 
4,93€ / L || 
3,70 € || 
Saint-Chinian 2013 || La bouteille de 75cl || Origine : FRANCE || 
7,00€ / L || 
5,25 € || 
Corbières || La bouteille de 75cl || Origine : FRANCE || Cépages : Syrah - Grenache - Cinsault || Stockage recommandé entre 5 et 25  C Servir à 10 || 
8,33€ / L || 
6,25 € || 
Côtes du Rhone || La bouteille de 75cl || Origine : FRANCE || 
11,53€ / L || 
8,65 € || 
Cabrières, coteaux du Languedoc, vin rosé, 12.5% vol. || La bouteille de 75cl || Origine : FRANCE || La vinification rigoureuse des cépages Cinsault Grenache et Carignan a donné naissance dès le XIIIe siècle au 'Vin Vermeil'. D'après les vieux registres municipaux de Montpellier, il fut servi à chaque banquet officiel dès 1357. Le prieur de Cabrières en fit la base d'un tonique infaillible dont la réputation le fit appeler à Versailles. Louis XIV, dépositaire de son secret, confectionnait lui-même cet élixir très apprécié à la Cour. || Servir très frais.  Zéro alcool pendant la grossesse. || Contient des sulfites. || 
4,40€ / L || 
3,30 € || 
Côtes du Ventoux || La bouteille de 75cl || Origine : FRANCE || 
5,07€ / L || 
3,80 € || 
Grain de muscat rose vin de france || La bouteille de 75cl || Origine : FRANCE || 
5,60€ / L || 
4,20 € || 
Buzet, vin rosé, 12,5% vol. || La bouteille de 75cl || Origine : FRANCE || Situé au coeur de la Gascogne, le terroir de Buzet donne un vin rosé, tendre et fruité, d'une belle couleur groseille. || Tout en finesse et fraîcheur, il accompagnera à souhait l'ensemble d'un repas. Servir frais.  Zéro alcool pendant la grossesse. || Contient des sulfites. || 
6,65€ / L || 
4,99 € || 
Languedoc Roussillon || La bouteille de 75cl || Origine : FRANCE || Grenache noir, Carignan, Syrah || 
11,07€ / L || 
8,30 € || 
Touraine rosé A.O.C. || La bouteille de 75cl || Origine : FRANCE || 
5,40€ / L || 
4,05 € || 
Cabernet d'Anjou A.O.C. || La bouteille de 75cl || Origine : FRANCE || 
6,65€ / L || 
4,99 € || 
Vin du Portugal, Vinho Regional Alentejano || La bouteille de 75cl || Origine : FRANCE || 
5,43€ / L || 
4,07 € || 
Montepulciano d'Abruzzo || La bouteille de 75cl || Origine : ITALIE || 
5,77€ / L || 
4,33 € || 
Valopolicella || La bouteille de 75cl || Origine : FRANCE || 
6,85€ / L || 
5,14 € || 
Vin chilien || La bouteille de 75cl || Origine : FRANCE || 
10,97€ / L || 
8,23 € || 
Vin du Liban, vall{e de la Bekaa || La bouteille de 75cl || Origine : LIBAN || 
10,97€ / L || 
8,23 € || 
Vin rouge d'Espagne, 12,5% vol. || La bouteille de 75cl || Origine : FRANCE || Ce vin au joli bouquet est particulièrement souple et soyeux en bouche. D'un bel équilibre il accompagnera les plats les plus variés : entrées froides, charcuteries, viandes blanches, grillades, fromages. || Servir entre 16°-17° C. || CONTIENT DES SULFITES. || 
3,16€ / L || 
2,37 € || 
Chianti, vin rouge, 12,5% vol. || La bouteille de 75cl || Origine : FRANCE || Les raisins - 90% Sangiovese et 10% Canaiolo - sont issus du Domaine. 'Il Palagio' près de Castel San Giminiano en Toscane. Situées à 350 m d'altitude, ces vignes de coteaux bénéficient d'une conditions idéales. Un séjour de 6 mois en fûts lui confère un équilibre somptueux entre fruits des bois, violette et tannins légers. || A servir entre 16 18°.  La consommation de boissons alcoolisées pendant la grossesse, même en faible quantité, peut avoir des conséquences graves sur la santé de l'enfant. || CONTIENT DES SULFITES. || 
9,60€ / L || 
7,20 € || 
Chianti Rufina || La bouteille de 75cl || Origine : FRANCE || 
13,45€ / L || 
10,09 € || 
Chianti Rufina || La bouteille de 75cl || Origine : FRANCE || 
13,45€ / L || 
10,09 € || 
Zinfandel, vin rouge de Californie, 13.5% vol. || La bouteille de 750ml || Origine : FRANCE || Découvrez le savoir-faire et la passion de plusieurs générations de la famille Gallo pour le vin, à travers ce Zinfandel. Bien équilibré, aux arômes de myrtilles et de cerises noires accompagné d'une pointe de réglisse, ce vin a un final velouté. || A boire, par exemple, sur des viandes grillées, du rôti de porc ou des pâtes aux sauces relevées.  Zéro alcool pendant la grossesse. || Contient sulfites. || 
8,09€ / L || 
6,07 € || 
Vin du Maroc, 12,5%vol. || La bouteille de 75cl || Origine : FRANCE || 
4,25€ / L || 
3,19 € || 
Vin d'Australie || La bouteille de 1,5L || Origine : FRANCE || 
9,48€ / L || 
7,11 € || 
Afrique du Sud, pinotage, 14,5%vol. || La bouteille de 75cl || Origine : FRANCE || 
6,80€ / L || 
5,10 € || 
Chili, cabernet sauvignon, vin rouge, 13% vol. || La bouteille de 75cl || Origine : FRANCE || Ce vin a été produit dans la Valle central, au coeur du Chili. Le vignoble, protégé à l'est par la Cordillère des Andes et à l'ouest par la Cordillère de la Costa, bénéficie d'un climat de type méditerranéen. Ce Cabernet Sauvignon développe souplesseet rondeur, il vous étonnera avec ses notes de poivre et de petits fruits rouges. || Servi chambré (16-18°C), il sera le parfait compagnon de vos volailles, viandes blanches et fromages.  Zéro alcool pendant la grossesse. || Contient des Suffîtes. || 
6,80€ / L || 
5,10 € || 
Carmener || La bouteille de 75cl || Origine : FRANCE || 
8,67€ / L || 
6,50 € || 
Rioja, vin rouge espagnol, 13,5 vol. || La bouteille de 75cl || Origine : FRANCE || Marqués de Caceres CRIANZA est issu principalement du cépage Tempranillo. Elevé en barriques de chêne français et américain, puis raffiné en bouteille. Vive couleur rubis, intenses arôme de fruits rouges, bouche gourmande aux tannins moelleux. || Servi à 16-18°C, accompagne à merveille toute la cuisine méditerranéenne. || 
10,92€ / L || 
8,19 € || 
Vin arômatisé d'Espagne || La bouteille de 1,5L || Origine : FRANCE || 
1,51€ / L || 
2,27 € || 
Sangre de toro vin rouge || La bouteille de 75cl || Origine : ESPAGNE || Dès 1954, mon père (Miguel Torres) se lance sur les chemins sinueux de montagne à la recherche des meilleurs raisins rouges de la région, Garnacha et Cariñena, dans le but d'élaborer un vin différent qui reflète l'authenticité du terroir. C'est ainsique naît le  " Sangre de Toro ", dont le nom s'inspire de Bacchus, dieu romain du vin, autrefois appelé " le fils du Taureau ". Aujourd'hui, le " Sangre de Toro " est toujours élaboré dans les chais de la famille et reçoit tout le soin et l'attention qui ont fait le renom de ce grand vin. || Gastronomie/Service: Parfait avec les daubes, le gibier, les paellas de viande et la cuisine montagnarde la plus traditionnelle. Servir à 18°c. || Contient des sulfites. || 
9,55€ / L || 
7,16 € || 
Zinfandel || La bouteille de 75cl || Origine : FRANCE || 
13,67€ / L || 
10,25 € || 
Vin du Portugal, Vinho Verde || La bouteille de 75cl || Origine : FRANCE || 
6,31€ / L || 
4,73 € || 
Chardonnay California || La bouteille de 75cl || Origine : FRANCE || 
8,09€ / L || 
6,07 € || 
Vin Grec || La bouteille de 75cl || Origine : FRANCE || 
4,67€ / L || 
3,50 € || 
Vin Gris du Maroc || La bouteille de 75cl || Origine : FRANCE || 
4,81€ / L || 
3,61 € || 
Grenache rosé California || La bouteille de 75cl || Origine : FRANCE || 
8,09€ / L || 
6,07 € || 
Gris de gris, vin rosé du Maroc, vendange à la main, 13% vol. || La bouteille de 75cl || Origine : FRANCE || ES SAADI est situé sur un terroir argilo-calcaire et l'aire appellation à d'origine garantie Guerrouane la plus prestigieuse au Maroc. Les vendanges sont faites manuellement afin d apporter les plus grands soins à leur vinification. || Zéro alcool pendant la grossesse. || Contient des sulfites [SO2]. || 
4,40€ / L || 
3,30 € || 
Rioja, vin rouge espagnol, 13,5 vol. || La bouteille de 75cl || Origine : FRANCE || Marqués de Caceres ROSADO est un vin rosé sec issu des cépages Tempranillo et Grenache. C'est un vin frais et fruité qui présente une couleur très attractive, d'arômes intenses de fruits rouges avec quelques notes épicées et une bouche ronde et savoureuse. || Servi à 8-10°C et à consommer dans sa prime jeunesse, il rafraîchira les papilles gustatives à l'apéritif et accompagnera à merveille les charcuteries, hors d'oeuvre, pâtes, paella, poissons et viandes blanches. || 
7,53€ / L || 
5,65 € || 
Sauternes, AOC, 13,5% vol. || La bouteille de 37,5cl || Origine : FRANCE || Contient des sulfites. || Il fera merveille avec : apéritif, volailles, fromages forts, desserts chocolatés. A déguster entre 8°C et 10°C. || 
18,40€ / L || 
6,90 € || 
Grenache, vin rosé de pays d'Oc, 12.5% vol. || La bouteille de 37,5cl || Origine : FRANCE || Le Grenache rosé est un cépage frais, tendre aux parfums d'été. 'Au nez' : une senteur de fruits frais, de fraise, de cassis et de framboise. 'En bouche' : une sensation ronde et harmonieuse. || 'Il fera merveille avec'... : des charcuteries, viandes grillées et spécialités étrangères (paella, pizza, couscous, cuisine asiatique). À boire à 12°C. || Contient des sulfites. || 
6,40€ / L || 
2,40 € || 
Grenache, vin rosé de pays d'Oc, 13,5% || La bouteille de 187ml || Origine : FRANCE || Le Grenache rosé est un cépage frais, tendre aux parfums d'été. 'Au nez' : une senteur de fruits frais, de fraise, de cassis et de framboise. 'En bouche' : une sensation ronde et harmonieuse. || 'Il fera merveille avec'... : des charcuteries, viandes grillées et spécialités étrangères (paella, pizza, couscous, cuisine asiatique). À boire à 12°C.  Zéro alcool pendant la grossesse. || Contient des sulfites. || 
8,02€ / L || 
1,50 € || 
Merlot, 13% vol. || Les 4 bouteilles de 18,7cl || Origine : FRANCE || le Merlot est un cépage gouleyant et plaisant qui laisse une impression de rondeur et de soyeux. 'au nez': des notes fruitées, de cerise et de fraise des bois, associées à une gamme complexe de sous-bois et d'épices douces. 'en bouche': une attaque souple et aromatique, en harmonie avec ses senteurs. || 'il fera à merveille avec'... : des viandes rouges grillées et des fromages à pâtes molles. A boire à 16°C.  Zéro alcool pendant la grossesse. || 
6,14€ / L || 
4,59 € || 
Merlot, vin rouge de pays d'Oc, 13.5% vol. || La bouteille de 37,5cl || Origine : FRANCE || Le Merlot est un cépage gouleyant et plaisant qui laisse une impression de rondeur et de soyeux. 'Au nez' : des notes fruitées, de cerise et de fraise des bois, associées à une gamme complexe de sous-bois et d'épices douces. 'En bouche' : une attaquesouple et aromatique, en harmonie avec ses senteurs. || 'Il fera merveille avec'... : des viandes rouges grillées et des fromages à pâtes molles. À boire à 16°C. || Contient des sulfites. || 
6,53€ / L || 
2,45 € || 
Merlot, vin rouge de pays d'Oc, 13% || La bouteille de 187ml || Origine : FRANCE || Le Merlot est un cépage gouleyant et plaisant qui laisse une impression de rondeur et de soyeux. 'au nez' : des notes fruitées, de cerise et de fraise des bois, associées à une gamme complexe de sous-bois et d'épices douces. 'En bouche' : une attaquesouple et aromatique, en harmonie avec ses senteurs. || 'Il fera merveille avec'... : des viandes rouges grillées et des fromages à pâtes molles. À boire à 16°C.  Zéro alcool pendant la grossesse. || Contient des sulfites. || 
8,18€ / L || 
1,53 € || 
Beaulon Pineau || La bouteille de 37,5cl || Origine : FRANCE || 
36,91€ / L || 
13,84 € || 
Chardonnay, vin blanc de pays d'Oc, 13.5% vol. || La bouteille de 37,5cl || Origine : FRANCE || le Chardonnay est un cépage tout en finesse au bouquet de fruits frais développés en notes intenses. 'Au nez' : une belle senteur de fruits blancs et de fleur d'oranger. 'En bouche' : une sensation suave et onctueuse qui ne s'interdit pas la vivacitéet se prolonge joliment. || 'Il fera merveille avec'...: du poisson grillé ou en sauce, des viandes blanches qu'il contraste de son parfum d'agrumes. A boire à 12°C.  Zéro alcool pendant la grossesse. || Contient des sulfites. || 
6,40€ / L || 
2,40 € || 
Chardonnay, vin blanc de pays d'Oc, 13% || La bouteille de 187ml || Origine : FRANCE || Le Chardonnay est un cépage tout en finesse, au bouquet de fruits frais développés en notes intenses. 'au nez' : une belle senteur de fruits blancs et de fleur d'oranger. 'En bouche' : une sensation suave et onctueuse qui ne s'interdit pas la vivacité et se prolonge joliment. || 'Il fera merveille avec'... : du poisson grillé ou en sauce, des viandes blanches qu'il contraste de son parfum d'agrumes. À boire à 12°C.  Zéro alcool pendant la grossesse. || Contient des sulfites. || 
8,18€ / L || 
1,53 € || 
Chardonnay blanc, 13% vol. || Les 4 bouteilles de 187ml || Origine : FRANCE || le Chardonnay est un cépage tout en finesse, au bouquet de fruits frais développés en notes intenses. 'au nez': une belle senteur de fruits blancs et de fleur d'oranger. 'en bouche': une sensation suave et onctueuse qui ne s'interdit pas la vivacitéet se prolonge joliment. || 'il fera merveille avec'... : du poisson grillé ou en sauce, des viandes blanches qu'il contraste de son parfum d'agrumes. À boire à 12°C.  Zéro alcool pendant la grossesse. || Contient des sulfites. || 
6,14€ / L || 
4,59 € || 
Côtes du Lubéron A.O.C. || La bouteille de 18,7cl || Origine : FRANCE || Contient des sulfites || 
7,49€ / L || 
1,40 € || 
Cabernet D'Anjou, AOC. || La boite de 3L, 11%vol || Origine : FRANCE || Ce rosé est un vin tendre, délicat et très rafraîchissant. || Servir entre 8°C et 10°C. Pour ouvrir mettre la partie perforée ronde en haut. Appuyer et relever le rond. Sortir le robinet et le coincer avec le carton. Arracher l'opercule d'inviolabilité en tirant sur la languette. Pour faire couler le vin, actionner le robinet. || Contient des sulfites. || 
4,32€ / L || 
12,95 € || 
Côtes du Luberon, vin rosé, 13% vol. || La boîte de 3L || Origine : FRANCE || Le Côtes du Luberon est né du soleil et de l'amour des hommes pour une terre. Produit sur des parcelles sélectionnées, en rendement limité, il est issu des cépages traditionnels de la vallée du Rhône : Grenache, Syrah, Carignan, Cinsault. || Enfoncer l'onglet. Soulever la prédécoupe. Détacher l'opercule circulaire. Dégager le robinet. Le caler en rabattant la prédécoupe. Arracher la collerette d'inviolabilité en tirant sur la languette. Pour faire couler le vin, tirer les deux ailettes vers le haut. Son goût léger et fruité en font un vin à boire jeune. D'une belle couleur cerise, le Côtes du Luberon Rosé accompagne les hors d'oeuvre et charcuteries. Il doit être servi très frais (7-8°) mais non glacé. Bon Côtes du Luberon !  Zéro alcool pendant la grossesse. || CONTIENT DES SULFITES. || 
3,00€ / L || 
8,99 € || 
Vin de pays de l'île de beauté rosé || Le bib de 5l || Origine : FRANCE || Rosé pâle nuance tuilée. Nez fin mais discret. Bouche harmonieuse, bon équilibre Acide/Alcool. || Température de dégustation : 10°C. Zéro alcool pendant la grossesse. || 
2,48€ / L || 
12,39 € || 
Vin des sables, grain de gris, vin rosé || La boîte de 3L || Origine : FRANCE || Listel est propriétaire-récoltant de 1370 hectares de vignes en Petite Camargue, au coeur de son terroir des Vins de Pays des Sables du Golfe du Lion. Situé tout au bord de la Mer Méditerranée, le vignoble Listel bénéficie d'un terroir unique : un sol léger composé de sables éoliens et marins et un climat tempéré. || De cette association et des soins prodigués par les maîtres de chais naît Listel Gris : vin fruité, souple et tendre qui mérite d'être servi frais (8 à 10°C) dans sa jeunesse. || Contient des sulfites. || Consommation jusqu'à 6 semaines après ouverture. || 
4,97€ / L || 
14,90 € || 
Sei monti rosé, indication géographique protégée de l'île de beauté || Le bib de 5l || Origine : FRANCE || 
3,47€ / L || 
17,37 € || 
Vin de pays de l'île de beauté rosé || Le bib de 5l || Origine : FRANCE || 
2,01€ / L || 
10,04 € || 
Vin de Corse rosé || La fontaine de 3L || Origine : FRANCE || 
4,63€ / L || 
13,90 € || 
Bordeaux, AOC, 12,5% vol. || La boîte de 3L || Origine : FRANCE || 6 cépages peuvent entrer dans la composition du Bordeaux AOC.Outre les 2 principaux que sont le Merlot, apportant rondeur et fruité, et le Cabernet sauvignon pour les tanins et la couleur, le Cabernet Franc pour sa finesse, le Malbec pour son côté fruité acidulé, le petit Verdot pour ses notes de violette et de Carmenère pour ses notes épicées, sont des compléments intéressants qui font du Bordeaux un vin d'une grande complexité et d'un équilibre qui reste la référence. || A déguster entre 16°C et 18°C. || Contient des sulfites. || 
4,47€ / L || 
13,40 € || 
Côtes du Rhône, AOC, 13,5% vol. || La boîte de 3L || Origine : FRANCE || L'AOC Côtes du Rhône s'étend de Vienne au Nord à Avignon au sud et s'étend de part et d'autres du Rhône.Pour les vins rouges les principaux cépages sont le grenache qui apporte fruité et rondeur, la syrah et le mourvèdre pour leurs arômes épicés et leur couleur intense. || A déguster entre 14°C et 16°C. || Contient des sulfites. || 
3,93€ / L || 
11,80 € || 
Languedoc, 12,5% vol., AOC || La boîte de 3L || Origine : FRANCE || Mon aire d'appellation s'étend des frontières espagnoles aux portes de Nîmes et les cépages qui entrent dans la composition de ce vin rouge sont : le Grenache, le Carignan, la Syrah, le Mourvèdre ou encore le Cinsault. Les vins de l'appellation Languedoc sont caractérisés par leur gourmandise et les notes épicées, propres à ces terroirs méditerranéens. || Contient des sulfites. || Servi à 14-16°C, ce Languedoc accompagnera à merveille vos grillades, viandes rouges et fromages. || 
2,78€ / L || 
8,35 € || 
Merlot, vin rouge, 13,5% vol. || La boîte de 3L || Origine : FRANCE || 'Découvrez son caractère' : le Merlot est un cépage gouleyant et plaisant qui laisse une impression de rondeur et de soyeux. 'au nez' : des notes fruitées, de cerise et de fraise des bois, associées à une gamme complexe de sous-bois et d'épices douces, 'en bouche': une attaque souple et aromatique, en harmonie avec ses senteurs. || 1/ Appuyer et relever le rond. 2/ Sortir le robinet et le coincer avec le carton. 3/ Arracher la collerette d'inviolabilité en tirant sur la languette. 4/ Pour faire couler le vin, tirer les 2 ailettes vers le haut. 'Il fera merveille avec'... des viandes rouges grillées et des fromages à pâtes molles. A boire à 16°C. || Contient des sulfites. || 
4,17€ / L || 
12,50 € || 
Cabernet Sauvignon rouge || La fontaine de 5L || Origine : FRANCE || 
2,03€ / L || 
10,15 € || 
Côtes du Luberon, vin rouge, 12,5% vol. || La boîte de 3L || Origine : FRANCE || Le Côtes du Luberon est né du soleil et de l'amour des hommes pour une terre. Produit sur des parcelles sélectionnées, en rendement limité, il est issu des cépages traditionnels de la vallée du Rhône : Grenache, Syrah, Carignan, Cinsault. || Enfoncer l'onglet. Soulever la prédécoupe. Détacher l'opercule Dégager le robinet. Le caler en rabattant la prédécoupe. Arracher la collerette d'inviolabilité en tirant sur la languette. Pour faire couler le vin, tirer les deux ailettes vers le haut.Son goût léger et fruité en font un vin à boire jeune. Sa robe vive sied merveilleusement à une table où vous aurez servi viande rouge, viande blanche ou fromage. Le Côtes du Luberon s'apprécie chambré entre 16 et 18 degrés. L'été il peut être serviplus frais (entre 12 et 14°). Bon Côtes du Luberon !  Zéro alcool pendant la grossesse. || Contient des sulfites. || 
3,00€ / L || 
8,99 € || 
Bordeaux, vin rouge élevé en fûts de chêne || La fontaine de 3L || Origine : FRANCE || BARON DE LESTAC est élevé dans la plus pure tradition des grands vins de Bordeaux. En provenance directe du chai BARON DE LESTAC, ce vin garde intacts ses arômes boisés dans son conditionnement à l'abri de l'air et de la lumière. || Enlever le cercle prédécoupé en appuyant et soulever le rabat. Sortir le robinet et le placer sous le rabat.  Zéro alcool pendant la grossesse. || Contient des sulfites. || Qualité préservée : 4 semaines après ouverture. || 
5,40€ / L || 
16,20 € || 
Vin rouge, 13% vol. || La fontaine de 3L || Origine : FRANCE || La situation du terroir de Buzet en pleine Gascogne et son micro-climat dû à la proximité de la forêt landaise, offrent à ce vin une expression aromatique intense et délicate. Ses saveurs fruitées, rondes et savoureuses en font le partenaire idéal detous vos repas. || Enfoncer l'onglet .Soulever la prédécoupe. Détacher l'opercule circulaire. Dégager le robinet. Le caler en rabattant la prédécoupe. Arracher la collerette d'Inviolabilité en tirant sur la languette. Pour faire couler le vin, relever l'emballage et appuyer sur le robinet.  Zéro alcool pendant la grossesse. || CEPAGES: Cabernet franc, Cabernet sauvignon, Merlot. || CONSERVATION: Après ouverture, ce vin conservera sa fraîcheur pendant 8 semaines. || 
4,66€ / L || 
13,99 € || 
Vin de pays de l'île de beauté rouge || Le bib de 5l || Origine : FRANCE || Robe rouge soutenue .Le nez dégage des notes aromatiques boisées. Attaque en bouche concentrée, complexe et de bonne longueur. Vin de garde. || A boire à 16°C. Zéro alcool pendant la grossesse. || 
2,48€ / L || 
12,39 € || 
Corbières, vin rouge, 12,5% vol. || La boîte de 3L || Origine : FRANCE || Situé dans le célèbre vignoble des Corbières entre les Pyrénées et la Montagne Noire, ce vin est élaboré à partir des cépages traditionnels du terroir. D'un rouge profond, c'est un vin d'une grande finesse aromatique, très agréable en bouche. Servirà 16°C environ en accompagnement de charcuterie, plats de viandes ou de fromages. || Enfoncez l'onglet. Soulevez la prédécoupe. Détachez l'opercule circulaire. Dégager le robinet. Le caler en rabattant la prédécoupe. Arrachez la collerette d'inviolabilité en tirant sur la languette. Pour faire couler le vin, tirer les deux ailettes vers le haut.  Zéro alcool pendant la grossesse. || Contient des sulfites. || 
2,78€ / L || 
8,35 € || 
Touraine Gamay A.O.P || La boîte de 3L || Origine : FRANCE || 
3,50€ / L || 
10,50 € || 
Sei monti rouge, indication géographique protégée de l'île de beauté || Le bib de 5l || Origine : FRANCE || 
3,47€ / L || 
17,37 € || 
Vin de pays de l'île de beauté rouge || Le bib de 5l || Origine : FRANCE || 
2,01€ / L || 
10,04 € || 
Cabernet sauvignon rouge, vin de pays de l'île de beauté || Le bib de 5l || Origine : FRANCE || De la Casinca à Aléria, la vigne s'épanouit le long de la Costa Serena. De cette diversité est né un vin de caractère, "Réserve du président", devenu le préféré des insulaires, véritablement le choix des Corses. || A boire à 16°C. Zéro alcool pendant la grossesse. || 
3,27€ / L || 
16,36 € || 
Merlot rouge, vin de pays de l'île de beauté || Le bib de 5l || Origine : FRANCE || De la Casinca à Aléria, la vigne s'épanouit le long de la Costa Serena. De cette diversité est né un vin de caractère, "Réserve du président", devenu le préféré des insulaires, véritablement le choix des Corses. || A boire à 16°C. Zéro alcool pendant la grossesse. || 
3,27€ / L || 
16,36 € || 
Chardonnay, vin blanc, 13% vol. || La boîte de 3L || Origine : FRANCE || 'Découvrez son caractère' : le Chardonnay est un cépage tout en finesse, au bouquet de fruits frais développés en notes intenses. 'au nez': une belle senteur de fruits blancs et de fleur d'oranger. 'en bouche' : une sensation suave et onctueuse qui ne s'interdit pas la vivacité et se prolonge joliment. || 1/ Appuyer et relever le rond. 2/ Sortir le robinet et le coincer avec le carton. 3/ Arracher la collerette d'inviolabilité en tirant sur la languette. 4/ Pour faire couler le vin, tirer les 2 ailettes vers le haut. 'il fera merveille avec'...: du poisson grillé ou en sauce, des viandes blanches qu'il contraste de son parfum d'agrumes. A boire à 12°C. || Contient des sulfites. || 
4,17€ / L || 
12,50 € || 
Sauvignon, vin de pays du Val de Loire,12,5% || Le boite de 3L || Origine : FRANCE || Le vignoble du  Val  de Loire s'étend sur 13 départements de   la   région    de    la Vallée Ligérienne. Ces vins authentique tiques   ont  la particularité   d'être issus  de cépages  uniques, parfaitement adaptés à la diversité des terroirs rencontrés. Ce vin de Pays du Val de Loire se caractérise par un goût fruité et par des arômes de genêt. Apprécié à l'apéritif, il accompagne aussi avec élégance les poissons, les fruits de mer et les viandes blanches. || Température de service : 10°C.  La consommation de boissons alcoolisées pendant la grossesse, même en faible quantité, peut avoir des conséquences graves sur la santé de l'enfant. || Valeur énergétique en Joules :  0 || Valeur énergétique en Kcal : 0 || Glucides : 0 || Lipides : 0 || Protides :0 || Contient des sulfites || 
3,53€ / L || 
10,60 € || 
Sei monti blanc, indication géographique protégée de l'île de beaté || Le bib de 5l || Origine : FRANCE || 
3,47€ / L || 
17,37 € || 
Sauvignon, vin blanc de pays d'Oc, 24 verres prêts à servir, 12% vol. || La fontaine de 3L || Origine : FRANCE || Robe : belle robe jaune citron. Nez : fruits exotiques, laissant deviner des notes de poire et de bourgeon de cassis. Bouche : vin sec et fruité, révélant des arômes délicats de fleurs blanches et d'agrumes. || Roche Mazet Sauvignon est le compagnon idéal des poissons grillés, des plateaux de fruits de mer et des apéritifs. Servir frais entre 8 et 10°C. Incliner le fut, cette face vers le haut.  Enlever le cercle prédécoupé en appuyant et soulever le rabat.Sortir le robinet et le placer sous le rabat. Retirer le système d'inviolabilité. Pour soutirer, actionner le robinet. || Contient des sulfites. || Robe : belle robe jaune citron. Nez : fruits exotiques, laissant deviner des notes de poire et de bourgeon de cassis. Bouche : vin sec et fruité, révélant des arômes délicats de fleurs blanches et d'agrumes. Roche Mazet Sauvignon est le compagnon idéal des poissons grillés, des plateaux de fruits de mer et des apéritifs. Servir frais entre 8 et 10°C. || 
3,97€ / L || 
11,90 € || 
Anjou, AOC, 13,5% vol. || La bouteille de 75cl || Origine : FRANCE || Le Terroir: Au coeur de l'Anjou, dans le Val de Loire. Le Vin: Robe jaune paille aux reflets brillants. Nez à dominante de fougère, de tilleul et de sureau. Très bel équilibre gustatif autour d'une attaque ronde et soyeuse. La complexité arômatique s'exprime sur des fruits secs (noisette, amande...) le sureau et le pain grillé.Persistance très longue. Les Accords: Poissons en sauce (Brochet ou saumon au beurre blanc), filet (de sole, de lotte...), crustacés grillés ou cuits au court-bouillon, viandes blanches en sauce et fromages de chèvre. || A déguster entre 10°C et 12°C. || Cépages: Chenin à 100%. Contient des sulfites. || 
11,67€ / L || 
8,75 € || 
Beaulon Pineau || La bouteille de 37,5cl || Origine : FRANCE || 
36,91€ / L || 
13,84 € || 
Bergerac blanc sec || La bouteille de 75cl || Origine : FRANCE || Le Terroir: sol argilo calcaire. Le Vin: Attaque fraiche et friande avec au nez des parfums de fruits blancs et d'agrumes. Gras et long au palais soutenu par une belle fraîcheur il laisse une agréable sensation d'équilibre. || Cépages: Sauvignon à 50%, Sémillon à 35%, Muscadelle à 15%. Contient des sulfites. || 
6,67€ / L || 
5,00 € || 
Blancs de noirs, champagne brut || La bouteille de 75cl || Origine : FRANCE || Le Terroir: Champagne, Côte des Bar. Le Vin: La longue période où le vin  est laissé sur lies (3 ans) lui confère une grande maturité. De couleur   jaune intense. Un nez intense et complexe, notamment lié à l'utilisation  de vins de reserve (20%). Notes de fruits secs, sur des nuances anisées et mentholées. Une bouche élégante et souple tout en restant fraîche et dotée d'une belle longueur. Champagne rond, charpenté et concentré. Les Accords: Blanquette de veau, Poulet au Champagne, Foie gras. || A déguster froid, entre 8°C et 10°C. || Cépages: Pinot Noir à 100%. Contient sulfites. || 
30,08€ / L || 
22,56 € || 
Blaye-Côtes de Bordeaux || La bouteille de 75cl || Origine : FRANCE || Contient des sulfites. || 
8,67€ / L || 
6,50 € || 
Cadillac, Côtes de Bordeaux || La bouteille de 75cl || Origine : FRANCE || Le Terroir: Vignoble situé sur la commune de Rions, Terroirs argilo-graveleux. Le Vin: Vin équilibré et soyeux où s'harmonisent tannins du bois et fruit. Les Accords: Dégusté jeune sur des viandes rouges grillées, il se mariera parfaitement avec desplats en sauce et fromages aux goûts plus soutenus après quelques années en cave. || Cépages: 75% Merlot, 25% Cabernet Sauvignon. || 
7,87€ / L || 
5,90 € || 
Champagne brut Chardonnay Blanc de blancs || La bouteille de 75cl || Origine : FRANCE || Le Terroir: Hautvilliers. Le Vin: Floral et brioché au nez, il seduit par sa bouche équilibrée et par sa longue finale aux nuances d'amandes grillées. Finesse, fraîcheur et élégance caractérisent ce champane d'aperitif. || A déguster froid, entre 8°C et 10°C. || Cépages: Chardonnay. Contient des sulfites. || 
28,23€ / L || 
21,17 € || 
Champagne Devaux Oeil de Perdrix rosé || La bouteille de 75cl || Origine : FRANCE || Le Terroir: Champagne, Pinot Noir de la Côte des Bar et Chardonnay de Vitry, Montgueux, Côte des Bar et Sézanne.Le vin: Une première impression douce et fruitée de framboise qui s'enrichit de notes anisées, puis en bouche, une attaque fraîche et douce, un bel équilibre et des arômes de violette.Les Accords: Mouclade, Haddock poché aux baies roses, tarte chaude aux cerises avecsabayon de champagne. || A déguster frais entre 8°C et 10°C || Cépages: 80% Pinot Noir et 20% Chardonnay || 
32,83€ / L || 
24,62 € || 
Chardonnay, vin de pays des Coteaux Charitois || La bouteille de 75cl || Origine : FRANCE || Le Terroir: Calcaire entroque. Le Vin: Belle robe or pale, des notes de noisettes ponctuée d'une belle fraîcheur minérale, grande longueur en bouche à carafer. || Cépages: Chardonnay || 
13,27€ / L || 
9,95 € || 
Chignin || La bouteille de 75cl || Origine : FRANCE || Le Terroir: village de Chignin en savoie, éboulis argilo calcaire.        Dégusté & agréé par le jury Monoprix Gourmet avec Bettane & Desseauve. Pourquoi le jury m'a élu : "vin symphatique", "franc et rafraîchissant", "typiquement savoyard" : en somme une simplicité bienvenue !                  Le Vin: Marqué par d'agréables arômes d'ortie blanche et présente une note minérale de pierre à fusil. Les Accords: coquillages, crustacés et autres fruits de mer, charcuterie et toute gastronomie typiqueà base de fromages de Savoie. || AUCUN || 
9,20€ / L || 
6,90 € || 
Chinon || La bouteille de 75cl || Origine : FRANCE || Le Terroir: Les vignes sont toutes situées au lieu-dit Vaugaudry, sous-sol sableux silicieux. Le Vin: Couleur intense, robe profonde, reflet grenat. Nez ouvert et intense, complexité de fruits noirs et fruits secs. L'attaque en bouche est ample et généreuse, les tanins sont soyeux et délicats; une finale persistante de reglisse et de fruits noirs. Les Accords: viandes rouges et blanches, fromages et charcuteries. || Cépages: Cabernet- franc à 100% || 
9,60€ / L || 
7,20 € || 
Clairet, A.O.C, élu par le jury Gourmet || La bouteille de 75cl || Origine : FRANCE || Le Terroir: sol argilo calcaire.                                          Depuis quatre générations mafamille exploite le château Saint e Marie en plein coeur de l'Entre deux Mers, il fut bâti et géré par les moines de l'abbaye cistercienne de La Sauve majeure au XIVème siècle. Le Vin: Il est craquant, riche, frais, une couleur qui évoque la bonne humeur. On appreciela rondeur du merlot et la finesse du cabernet. || Contient des sulfites. L'assemblage du Clairet est composé de Merlot 50%, Cabernet Franc 40% et Cabernet Sauvignon 10%. Elevé sur lies totales pendant 6 mois. || A consommer entre 12° et 14°C. || 
7,73€ / L || 
5,80 € || 
Compagnie des papillons, A.O.C || La bouteille de 75cl || Origine : FRANCE || Le Terroir: Fenouillèdes, haute vallée de l'Agly, Roussillon, sols granitiques. Le Vin: Fraîcheur, minéralité, fruit, finesse. Les Accords: Cuisine méditerranéenne, Catalane, Italienne. || A déguster à température de cave, entre 14°C et 16°C. || Cépages: Grenache, Carignan majoritaires. || 
16,41€ / L || 
12,31 € || 
Corbières A.O.P || La bouteille de 75cl || Origine : FRANCE || Le Terroir:Le château est situé au coeur de l'A.O.C Corbières, sur la communes de Boutenac. Il occupe un terroir de coteaux aux sols de quartz et de cailloux roulés, exposés sud et est.Le Vin: Le nez exhale un bouquet de fruits rouges légèrement confits, où  se mêlent des notes de poivre et de café. La bouche estample, avec un retour aromatique de réglisse et de poivre.                                                                                                                                                                                      Les Accords: Charcuteries, grillades et viandes blanches. || A déguster à 16°C || 
10,53€ / L || 
7,90 € || 
Côtes de Bourg 2003 || La bouteille de 75cl || Origine : FRANCE || Cépage : Merlot 75%, Cabernet-Sauvignon 25%                               Dégusté & agréé par le jury Monoprix Gourmet avec Betanne & Desseauve     Pourquoi le jury m'a élu : "nez expressif et très plaisant", "une matière en bouche imposante mais pasasséchante", "de la noblesse, de la classe" : du bon Bordeaux moderne" en sommes selon l'expression d'un juré, qui se distingue de beaucoup d'autres cuvées de ce style par un prix "juste", c'est à dire encore accessible.Idéal avec les viandes rouges, en sauce ou grillées. || Contient des sulfites. || 
17,20€ / L || 
12,90 € || 
Côtes du Lubéron || La bouteille de 75cl || Origine : FRANCE || Dégusté & Agréé par le jury Monoprix Gourmet avec Bettane & Desseauve     Pourquoi le jury m'a élu : "simplement bon", "agréablement léger, un vin de soif!" : les jurés ont apprécié la caractère facile de ce vin clairement élaboré dans une optique de plaisir immédiat.                            Le Terroir: Puget sur Durance, Provence Alpes Côte d'azur, Vaucluse, Vallée du Rhône. Le Vin: Millesime très solaire et très arrosé durant les vendanges. Les jus sont très fruités et vifs. La Syrah domine dans l'assemblage pour équilibrer la fraîcheur du vin permettant ainsi de conserver le potentiel de grade. La robe est profonde et soutenue, la palette arômatique donne une trame autour du fruit noir (cassis, mûre, cerise, violette) laissant une note finale de reglisse et de zan. || Un vin qui s'accordera aux pâtes, aux pizzas, et plus largement à tous les plats en sauce tomate, ainsi qu'aux cuisines du Maghreb. || Cépage : Grenache 80%, Syrah 20%. Contient des sulfites. || A déguster dès à présent et à surveiller pour les 5/7 ans à venir || 
9,20€ / L || 
6,90 € || 
Côtes du rhône Village || La bouteille de 75cl || Origine : FRANCE || Le Teroir: Sols Caillouteux et composé d'argile et de safre. Sud du Rhone.Dégusté & agréé par le jury Monoprix Gourmet avec Bettane et Desseauve    Pourquoi le jury m'a élu : "complexe et long", "tout à la fois une belle matière et beaucoup d'équilibre", "du fruité et du volumen, on se réglae". Si l'unanimité et toujours de mise avec les vins validés par le jury Gourmet, cette unanimité se fait superlative avec ce beau vin complet.         Idéal avec les gibiers, venaisons || Cépages: Grenache et Syrah. Contient des sulfites. || 
12,67€ / L || 
9,50 € || 
Crémant de Loire brut || La bouteille de 75cl || Origine : FRANCE || Le Terroir: AOP Anjou-Saumur-Touraine. Le Vin: Robe jaune pâle très pur. Bouquet fruité, vif et frais. Equilibre entre le chenin vif, et la vinosité du Chardonnay et du Cabernet. Les Accords: Apéritif ou vin unique sur un repas festif. || En appéritif, ou bien vin unique au cours d'un repas festif. || Cépage : Chenin 33%, Chardonnay 33%, Cabernet 33%. Contient des sulfites. || 
9,53€ / L || 
7,15 € || 
Crème de cassis || La bouteille de 50cl || Origine : FRANCE || 
13,32€ / L || 
6,66 € || 
Crème de cerise || La bouteille de 50cl || Origine : FRANCE || 
13,32€ / L || 
6,66 € || 
Crème de framboise || La bouteille de 50cl || Origine : FRANCE || 
13,32€ / L || 
6,66 € || 
Crème de mûres || La bouteille de 50cl || Origine : FRANCE || 
13,32€ / L || 
6,66 € || 
Crème de pêche || La bouteille de 50cl || Origine : FRANCE || 
13,32€ / L || 
6,66 € || 
Eau de vie poire williams, 43%Vol. || La bouteille de 500 ml || Origine : FRANCE || La qualité rigoureuse des fruits sélectionnés donne leur caractère ces grandes Eaux-de-Vie. Après la délicate étape de la fermentation, puis la distillation en alambic de cuivre, vient enfin le temps précieux du vieillissement sous les tuiles des greniers. Il est recommandé de servir la Poire Williams glacée. || 
35,72€ / L || 
17,86 € || 
Fronton Rouge Tradition, AOC, 12,5% vol. || La bouteille de 75cl || Origine : FRANCE || Le Terroir: Situé à 30 Kilomètres de Toulouse, entre Tarn et Garonne, au coeur de l'AOC Fronton, le vignoble se situe sur une ancienne terrasse de Tarn. Les sols sont constitués de boulbènes "blanches" et profondes. Le Vin: Le vin se veut etre le meilleur compromis entre la fraîcheur des arômes de fruits rouges, dépices, de violette et de réglisse constituant le bouquet typique des vins de Fronton. Sa structure tannique harmonieuse lui donne son amplitude au vieillissement. Les Accords: Viandesblanches et rouges, grillées ou roties. || A déguster entre 15°C et 16°C. || Cépages: 55% de Negrette, 35% de Syrah, 10% de Cabernet Sauvignon. Contient de s sulfites. || 
7,33€ / L || 
5,50 € || 
Gaillac || La bouteille de 75cl || Origine : FRANCE || 
8,93€ / L || 
6,70 € || 
Jurançon blanc doux, 12,5% vol. || La bouteille de 75cl || Origine : FRANCE || Le Terroir: le relief de l'AOC Jurançon est accidenté et découpé. L'essentiel de l'aire est formée de poudingue de Jurançon à galets calcaires. Le sol argilo-calcaire est riche en galets roulés portés par les torrents et glaciers Pyrénéens. Le Vin: La robe est jaune paille dorée, le nez est élégant par ses notes de fleurs, de miel, de vanille et de fruits exotiques mûrs. L'attaque en bouche est chaleureuse, soyeuse, équilibrée, une pointe citronnée, acidulée paraphe ce vin parfumé et charmeur. Les Accords: Seul à l'apéritif, vous pourrez tester son mariage avec des plats gourmands et charnus. || A déguster entre 12°C et 14°C. || Cépages: Petit maseng Blanc 80%, Gros Maseng blanc 20%. Contient des sulfites. || Ce grand vin du Millesime 2008 vous comblera dès aujourd'hui et pendant de longues années. || 
17,87€ / L || 
13,40 € || 
L'Extra Langlois, crémant de Loire || La bouteille de 75cl || Origine : FRANCE || Le Terroir:                                                               Découvrez la fraîcheur et l'élégance d'un superbe crémant élaboré dans la douceur des bords de Loire auquel les hommes du domaine ont apporté leur savoir-faire ancestral, leurpassion, leur envie : chez Langlois-Château, ces mots résonnent depuis 1885 et ces valeurs se perpétuent de génération en génération. Le Vin: Robe jaune claire, bulle fine et harmonieuse. Nez frais marqué par des notes d'agrumes et de fruits blancs (Poire). Belle attaque en bouche ou se mêlent fraîcheur et légèreté. Les Accords: Compagnon  ideal de l'apéritif, de cocktails dinatoires. || A déguster froid, entre 8°C et 10°C. || Cépages: Chenin 60% et Chardonnay 40%. || 
7,95€ / L || ##
L'Extra Langlois, crémant de Loire || La bouteille de 75cl || Origine : FRANCE || Le Terroir:                                                               Découvrez la fraîcheur et l'élégance d'un superbe crémant élaboré dans la douceur des bords de Loire auquel les hommes du domaine ont apporté leur savoir-faire ancestral, leurpassion, leur envie : chez Langlois-Château, ces mots résonnent depuis 1885 et ces valeurs se perpétuent de génération en génération. Le Vin: Robe jaune claire, bulle fine et harmonieuse. Nez frais marqué par des notes d'agrumes et de fruits blancs (Poire). Belle attaque en bouche ou se mêlent fraîcheur et légèreté. Les Accords: Compagnon  ideal de l'apéritif, de cocktails dinatoires. || A déguster froid, entre 8°C et 10°C. || Cépages: Chenin 60% et Chardonnay 40%. || 
7,95€ / L || ##
L'Extra Langlois, crémant de Loire || La bouteille de 75cl || Origine : FRANCE || Le Terroir:                                                               Découvrez la fraîcheur et l'élégance d'un superbe crémant élaboré dans la douceur des bords de Loire auquel les hommes du domaine ont apporté leur savoir-faire ancestral, leurpassion, leur envie : chez Langlois-Château, ces mots résonnent depuis 1885 et ces valeurs se perpétuent de génération en génération. Le Vin: Robe jaune claire, bulle fine et harmonieuse. Nez frais marqué par des notes d'agrumes et de fruits blancs (Poire). Belle attaque en bouche ou se mêlent fraîcheur et légèreté. Les Accords: Compagnon  ideal de l'apéritif, de cocktails dinatoires. || A déguster froid, entre 8°C et 10°C. || Cépages: Chenin 60% et Chardonnay 40%. || 
10,60€ / L || 
7,95 € || 
Madiran A.O.P. || La bouteille de 75cl || Origine : FRANCE || Le Terroir: sols argilo graveleux. Rangs sur pentes douces exposés au sud. Le Vin: Nez de fruits rouges sur une bouche élégante et charmeuse. Robe presque noire nuancée de violet, son nez expressif évoque la confiture de mûre et de cassis ainsi qu'unboisé vanillé déja bien integré. Après une attaque franche, une matière ample et mûre tapisse le palais d'arômes riches et persistants de fruits noirs. Les Accords: Magrets, steaks grillés, boeuf Bourguignon, pot au feu, vollailles rôties, mais aussi, plus original sur des currys, tajines ou risottos; || A déguster entre 16°C et 18°C. || Cépages: Le Tannat (60%) apporte la charpente et la typicité. Le cabernet Franc (40%) renforce le caractère fruité et rend le bouquet plus complexe. || Déja fort plaisant, ce vin harmonieux devrait gagner à rester 2 ou 3 ans en cave. || 
7,87€ / L || 
5,90 € || 
Marsannay || La bouteille de 75cl || Origine : FRANCE || Le Terroir: Marsannay village. Le Vin: Robe rouge rubis, soulignée de touches violines. Nez fin, avec une touche florale qui évoque la violette et un fruité où domine la framboise. L'attaque en bouche se caractérise par une souplesse et une franchiseréunies dans un même mouvement, avec un caractère très fin. Les Accords: Charcuterie, cochonaille et viandes grillées, volailles de fêtes (dindes, chapons, etc..). || Cépages: Pinot Noir. Contient des sulfites || 
22,53€ / L || 
16,90 € || 
Médoc A.O.C. || La bouteille de 75cl || Origine : FRANCE || Le Terroir: Situé sur la commune de Saint Yzans, la proximité du fleuve et le microclimat qui en découle, associé à un sol rare de graves garonnaises, en font l'un des grands teroirs d'exception du Médoc. Le Vin: Haut Maurac est un vin de facture classique avec une trame ferme et bien structurée. Depuis le millesime 2008, la proportion differente de merlot, devenu majoritaire, confère à ce vin des tanins ronds et veloutés et une belle maturité de fruit. Le malbec s'exprime par une note épicée enfinale. Un vin élégant et harmonieux. || A déguster à température ambiante, de 16°C à 18°C. || Cépages : 60% de Merlot, 35% de Cabernet Sauvignon, 5% de Malbec. || 
18,00€ / L || 
13,50 € || 
Muscadet Sèvre et Maine AOC, 12,5% vol. || La bouteille de 75cl || Origine : FRANCE || Le Terroir: En plein coeur du Sèvre et Maine, terroir de schistes à 2 micas et grenat recouvert d'un sol de faible épaisseur. Le Vin: Robe couleur jaune pâle, légèrement perlant dans le verre. Le nez est fruité, très complexe, la bouche est ample etstructurée. La minéralité du terroir est très présente mais très équilibrée avec la rondeur du vin. Les arômes développés sont les fruits et les fleurs blanches. Les Accords: Les poissons nobles de mer et de rivière, les viandes blanches et les fromages. || Cépages: Melon de Bourgogne à 100%. Contient des sulfites. || C'est un grand vin de garde parfaitement équilibré. Son potentiel de garde est d'une dizaine d'années. || 
15,87€ / L || 
11,90 € || 
Muscadet-sur-Lie || La bouteille de 75cl || Origine : FRANCE || Le Terroir: Val de loire entre la Sèvre et la Maine, terroir exceptionnel. Le Vin: Arômes subtils et complexes de thé, de coing associé à une exceptionnelle longueur en bouche, reflet d'un grand terroir. Une belle expression du cépage Melon de Bourgogne. || Cépages: Melon de Bourgogne 100% || Vin présentant un potentiel de garde || 
9,93€ / L || 
7,45 € || 
Puisseguin Saint-Emilion || La bouteille de 75cl || Origine : FRANCE || Le Terroir: A 40 Kilomètres à l'est de Bordeaux, dans le prolongement de l'appellation Saint-Emilion, sur un plateau argilo-sablo-calcaire. Le vin: Une belle robe rouge rubis limpide et brillante. Vin aromatique, très expressif avec des notesde petits fruits rouges frais, une bouche corsée élégante avec des tannins présents mais soyeux. Belle persistance en fin de bouche où l'on retrouve les arômes découverts au nez: cerise confite, cassis frais, mêlés à de légères notes vanillées et fumées. LesAccords: A deguster avec les charcuteries, viandes rouges et gibiers, grillades et fromage à pâte molle. || A déguster à température ambiante, 16°C à 18°C. || Cépages : 90% de Merlot et 10% de cabernet Sauvignon. || A deguster dès à présent et pourra aussi se bonifier quelques années en cave. || 
13,60€ / L || 
10,20 € || 
Sainte Croix du Mont, blanc liquoreux de Bordeaux || La bouteille 75cl || Origine : FRANCE || Le Terroir: à 40km au Sud-Est de Bordeaux, sur des coteaux argilo-calcaire exposés plein vers la Garonne. Sous-sol exceptionnel d'huîtres fossiles, datant de l'ère terciaire qui exige de la vigne souffrance et effort, pour créer des arômes rares. LeVin: Bouquet délicat, une structure conjuguant puissance, finesse, intensité arômatique et une palette harmonieuse de saveurs: fleurs d'acacia, tilleul, vanille, amande grillée fruits exotiques, fruits confits... Il procure une impression générale d'harmonie et d'élégance. Les Accords: Idéal à l'apéritif, superbe alliance avec des poissons blancs (raie, lotte,...), des coquilles saint jacques, poulet rôti, volailles, viandes blanches, fromages persillés. Les plats sucrés-salés se decouvrent desaffinités avec le vin. || Cépages: sémillon à 97%, Sauvignon à 3%. Contient des sulfites. || 
12,67€ / L || 
9,50 € || 
Sancerre || La bouteille de 75cl || Origine : FRANCE || Le Terroir: Terres blanches et caillottes. Le Vin: Robe or pale à reflets verts-argentés, limpide. Nez de bonne intensité, sur un fond de fraîcheur agréable, le nez exhale des arômes de fruits comme la pêche et a banane. Il est réhaussé d'une pointed'épices et de noix de coco. En bouche l'attaque est ronde, on ressent beaucoup de volume, une belle tension s'installe harmonieusement. L'ensemble est ferme et se termine sur une rétro-olfaction de citron. || Cépages: Sauvignon. Contient des sulfites. || 
15,47€ / L || 
11,60 € || 
Sauternes || La bouteille de 75cl || Origine : FRANCE || Le Terroir: Rive gauche de la Garonne, sablo graveleux sur roche mere calcaire. Le Vin: notes caractéristiques de fruits jaunes confits. Longue rémanence en bouche. Les Accords: foie gras, volailles, fromages. || Cépages: Sémillon à 100%. || 
22,27€ / L || 
16,70 € || 
St Nicolas de Bourgueil, Les Silices, A.O.C || La bouteille de 75cl || Origine : FRANCE || Le Terroir: Première Terrasse de Saint-Nicolas de Bourgeuil, region Loire, terroir Limono-sableux. Le Vin: Robe rubis. Nez de fruits rouges. Bouche ronde sur fond de fruit rouge intense. Les Accords: Volaille. || Cépages: Cabernet Franc. Contient des sulfites. || 
10,87€ / L || 
8,15 € || 
Tavel rosé || La bouteille de 75cl || Origine : FRANCE || Le Terroir: Vallée du Rhône, Coteaux sablonneux et argileux. Le Vin: Robe rubis. Nez complexe et puissant, avec des notes de fruits rouges (fraise, framboise). Bouche pleine et charnue, avec une belle minéralité, mêlée d'arômes de fruits rouges. Le vin offre un bel équilibre, mêlant complexité et fraîcheur. || Cépages: Bourboulenc 6%, Clairette 9%, Grenache noir 52%, Syrah 12%, Mouvèdre 11%, Cinsault 8%, Picpoul 2%. Contient des sulfites. || 
13,27€ / L || 
9,95 € || 
Biscuits feuilletés fourrés aux olives noires et vertes || La boîte de 85g || Origine : FRANCE || Biscuits feuilletés fourrés aux olives noires et vertes. || Farine de blé, beurre 34%, emmental râpé, préparation d'olives noires 3% (olives noires 2,7%, sel, huile de colza et /ou de tournesol, acidifiant E330), préparation d'olives vertes 3% (olives vertes 2,2%, sel, correcteur d'acidité E330), sel, levure,arôme naturel, mélange de plantes aromatiques et de légumes déshydratés (dont ail et oignon), romarin déshydraté, poivre noir, colorant : rocou. Présence possible de graines de sésame, soja, oeuf et fruits à coque. || Valeur énergétique en Joules :  2248kj || Valeur énergétique en Kcal : 539kcal || Glucides : 49g || Lipides : 33g || Protides :10g || A conserver dans un endroit frais et sec. Après ouverture du sachet, ces mini palmiers doivent être conservés dans une boite hermétique et être consommés dans les 48h pour préserver toutes leurs saveurs. || 
22,71€ / Kg || 
1,93 € || 
Crêpes dentelles fourrées au cheddar || La boîte de 65g || Origine : FRANCE || Les biscuits apéritifs Monoprix Gourmet sont si croustillants  Grignotez-les avec délice ! || Huile de coprah (hydrogénée et non hydrogénée), farine de blmé, maltodestrine de blé, cheddar déshydraté 12% (cheddar, émulsifiant: E339), poudre de lait, sirop de glucose de blé, extrait de malt d'orge, sel, arômes (maltodextrine de maïs, exhausteurs de goût: E621, E627 et E631, protéines de soja, protéines de blé), émulsifiant: E322, colorant: E160c, acidifiant: E330.                       Présence possible de poisson, de fruits à coque et de céleri. || Valeur énergétique en Joules :  2349Kj || Valeur énergétique en Kcal : 564Kcal || Glucides : 45g || Lipides : 38g || Protides :9,5g || A conserver à l'abri de la chaleur et de l'humidité. || 
32,31€ / Kg || 
2,10 € || 
Crêpes dentelles fourrées au roquefort || La boîte de 65g || Origine : FRANCE || Les biscuits apéritif MONOPRIX GOURMET sont si croustillants... Grignotez-les avec délice ! || Maltodextrine de blé, huile de coprah (hydrogénée et non-hydrogénée), farine de blé, poudre de lait, roquefort déshydraté 11%, sirop de glucose, extrait de malt d'orge, sel, extrait de levure, arôme poivre, émulsifiant: E322, colorant: E160c, acidifiant: E330.                                                        Présence possible de poisson, de fruits à coque, de soja, de céleri. || Valeur énergétique en Joules :  2158Kj || Valeur énergétique en Kcal : 516Kcal || Glucides : 58g || Lipides : 28g || Protides :8g || A conserver à l'abri de la chaleur et de l'humidité. Conditionné dans un sachet aluminisé. || 
32,46€ / Kg || 
2,11 € || 
Croquets de Provence aux figues || Le paquet de 75g || Origine : FRANCE || Faites plaisir à vos papilles avec ces croquets de Provence aux figues Monoprix Gourmet à double usage : se consomment en accompagnement de produits salés  avec du foie gras, avec du fromage  ou sucrés à l'heure du thé ou pour accompagner le café. || Farine de blé, figues 27%, sucre, amandes, farine de petit épeautre, oeufs entiers, arôme naturel de figue, poudre à lever (pyrophosphate et carbonate acides de sodium, amidon de maïs), lait entier en poudre, anis, sel. || Valeur énergétique en Joules :  1707Kj || Valeur énergétique en Kcal : 405Kc || Glucides : 67g || Lipides : 8,9g || Protides :11g || A conserver à l'abri de la chaleur et de l'humidité. || 
42,40€ / Kg || 
3,18 € || 
Croquets de Provence aux olives de Nyons || La boîte de 75g || Origine : FRANCE || Véritable ancêtre des céréales modernes, le petit épeautre a failli disparaître de nos contrées. Redécouvert il y a quelques années, il est aujourd'hui cultivé au coeur de la Provence au pied du Mont ventoux. || Farine de blé (farine de blé, gluten de blé, farine de fève, farine de blé malté, agent de traitement de la farine : E300), olives noires de Nyons AOC en saumure 25%, amandes, farine de petit épeautre 7%, sucre, oeufs entiers, sel, lait entier en poudre, poudres à lever : E450i et E500ii. || Valeur énergétique en Joules :  1885Kj || Valeur énergétique en Kcal : 449Kcal || Glucides : 56g || Lipides : 18g || Protides :13g || A conserver à l'abri de la chaleur et de l'humidité. || 
42,40€ / Kg || 
3,18 € || 
Flûtes fines et croquantes au sésame || La boîte de 125g || Origine : FRANCE || Ces biscuits apéritifs Monoprix Gourmet sont si croustillants  Un délice pour vos apéritifs ! || Farine de blé, graines de sésame 32%, margarine végétale (huiles et graisses de colza, de palme et de coprah partiellement hydrogénées, eau, sel, émulsifiant : E 471, correcteur d'acidité : E 330), lait écrémé en poudre, sucre, levure, sel, émulsifiant : E 472e, farine de malt d'orge. || Valeur énergétique en Joules :  2107Kj || Valeur énergétique en Kcal : 505Kcal || Glucides : 44g || Lipides : 28g || Protides :15g || A conserver dans un endroit sec, à l'abri de la chaleur. || 
13,12€ / Kg || 
1,64 € || 
Mini torsades au beurre, oignon et ciboulette || La boîte de 75g || Origine : FRANCE || Les biscuits apéritif MONOPRIX GOURMET sont si croustillants... grig notez-les avec délice ! || Farine de blé, beurre 30%, lait écrémé en poudre, sel, levure, farine de malt d'orge, sucre, oignon déshydraté 0,5%, ciboulette déshydratée 0,25%. || Valeur énergétique en Joules :  2112Kj || Valeur énergétique en Kcal : 506Kcal || Glucides : 48g || Lipides : 30g || Protides :11g || A conserver à l'abri de la chaleur et de l'humidité. Conditionné dans un sachet aluminisé. || 
22,67€ / Kg || 
1,70 € || 
Mini torsades au beurre et gruyère || Le paquet de 75g || Origine : FRANCE || Les biscuits, apéritif MONOPRIX GOURMET sont si croustillants... grig notez-les avec délice ! || Farine de blé, beurre 29%, gruyère 10%, lait écrémé en poudre, sel, levure, farine de malt d'orge, sucre. || Valeur énergétique en Joules :  2090Kj || Valeur énergétique en Kcal : 500Kcal || Glucides : 48g || Lipides : 28g || Protides :14g || A conserver à l'abri de la chaleur et de l'humidité. Conditionné dans un sachet aluminisé. || 
22,67€ / Kg || 
1,70 € || 
Torsades au beurre, feuilleté intense || La boîte de 125g || Origine : SUISSE || Les biscuits apéritif MONOPRIX GOURMET sont si croustillants... Grignotez-les avec délice ! || Farine de blé, beurre 32%, lait écrémé en poudre, sel, levure, farine de malt d'orge, sucre. || Valeur énergétique en Joules :  2195Kj || Valeur énergétique en Kcal : 525Kcal || Glucides : 54g || Lipides : 29g || Protides :12g || A conserver à l'abri de la chaleur et de l'humidité. Conditionné dans un sachet aluminisé. || 
17,28€ / Kg || 
2,16 € || 
Torsades au gruyère, feuilleté intense || Le paquet de 125g || Origine : SUISSE || Les biscuits apéritif MONOPRIX GOURMET sont si croustillants... Grignotez-les avec délice ! || Farine de blé, margarine végétale (huiles et graisses végétales partiellement hydrogénées (colza, palme, coco, soja), eau, émulsifiant : E471, stabilisant : E330), gruyère 10%, lait écrémé en poudre, sel, levure, farine de malt d'orge, sucre. || Valeur énergétique en Joules :  2090Kj || Valeur énergétique en Kcal : 500Kcal || Glucides : 48g || Lipides : 28g || Protides :14g || A conserver à l'abri de la chaleur et de l'humidité. Conditionné dans un sachet aluminisé. || 
17,28€ / Kg || 
2,16 € || 
Change mini 3-6kg || Le paquet de 35 changes || Origine : SUISSE || Attaches extensibles, douces et repositionnables pour un confort optimal. Voile intérieur doux, adapté à la peau fragile de votre bébé.Coussin anatomique s'adaptant parfaitement à la morphologie de votre bébé. Voile extérieur doux respirable laissants'aérer la peau de votre bébé. Barrières latérales spécialement étudiées pour une meilleure protection contre les fuites à l'entrejambe de jour comme de nuit. || Positionner la couche à plat. Ecarter les barrières latérales avant de changer votre bébé. Si vous avez un petit garçon, penser à bien positionner son sexe vers le bas avant de rabattre le change. Rabattre la couche. Fermer une attache, puis l'autreen veillant à bien les positionner systématiquement. Pour un confort et une hygiène optimale, changer votre bébé 5 à 6 fois par jour. Tenir ce sac et sa poignée hors de portée des bébés et des enfants pour éviter tout risque d'étouffement. Ne pas jeter dans les toilettes. || 
0,25€ / Pce || 
8,59 € || 
Sac à couches parfumés || La boîte de 50 sacs || Origine : FRANCE || Pratiques et hygiéniques, les sacs à couches bout'chou permettent de jeter les couches, les lingettes et autres produits usagés de votre bébé. Leur parfum permet de neutraliser les mauvaises odeurs. Grâce à leur boîte refermable, ils peuvent être emmenés partout. || Conseils d'utilisation : prenez un sac dans la boîte, jetez-y la couche ou la lingette usagée. Faites un noeud avec les poignées pour fermer le sac et jetez-le à la poubelle. Après utilisation refermez bien la boîte avec la petite languette, afin deconserver intacte la qualité des sacs.  Précautions d'emploi : ce sac n'est pas un jouet. Tenir hors de portée des enfants afin d'éviter tout risque d'etouffement. Usage non alimentaire. Ne pas jeter le sac dans les toilettes. Ce produit contient duparfum. En cas d'allergie, cesser immédiatement l'usage. || Polyéthylène, pigment, parfum. || 
0,04€ / Pce || 
1,82 € || 
Couches écologiques, Taille 2, 3-6kg || Le paquet de 34 || Origine : TURQUIE || 
0,38€ / Pce || 
12,79 € || 
Couches 2-5 kgs || Le paquet de 26 couches || Origine : FRANCE || Barrières anti fuites à base d'ingrédients naturels. || Pour éviter tout risque d'étouffement, conservez les couches et sacs hors de la portée des enfants. || 
0,31€ / Pce || 
7,99 € || 
Couches taille 1 || Le paquet de 23 || Origine : ALLEMAGNE || La peau des nouveau-nés est délicate. Essayez les nouvelles couches Pampers New Baby Sensitive : testées cliniquement, elles contiennent une touche d'aloé et jusquà 50% d'agents de soin en plus* pour apporter à la fois pr otection et douceur. Les couches Pampers New Baby Sensitive sont dotées d'un voile absorbant exclusif, spécialement conçu pour absorber les selles  molles et pour protéger de l'humidité la peau délicate de votre nouveau néElles comportent également un indicateur d'urine qui devient bleu pour vous signaler que bébé a fait pipi.                                          En complément utilisez les nouvelles lingettes Pampers Sensitive Maximum Care, nos lingettes les plus douces pour une toilette de la peau délicate de votre bébé tout en douceur.                                             *comparé aux couches New Baby                                             Testée cliniquement pour être douce avec la peau de votre nouveau-né. || Pour éviter tout danger de suffocation et/ou d'étranglement, garder hors de portée des bébés et des enfants tous les éléments de l'emballage. || Petrolatum, Alcool Stéarylique, Paraffinum Liquidum, Extrait d'Aloe Barbadensis, CI 61565 || 
0,24€ / Pce || 
5,59 € || 
Couches Taille 1 2-5kg || Le paquet de 23 || Origine : ALLEMAGNE || Les couches Pampers New Baby sont notre meilleure protection pour la peau de votre nouveau-né. Elles ont désormais un matelas absorbant plus long qui offre une protection supplémentaire à larrière de la couche*. Avec la g amme Pampers Premium Protection, votre nouveau-né ne sentira que votre amour.                                                                       Douces comme du coton, les couches New Baby offrent à votre bébé tout le confort dont il a besoin. Leur nouvelle forme apporte confort et protection à votre nouveau-né grâce à la découpe spéciale cordon ombilical et la ceinture plus haute dans le dos. Les couches Pampers New Baby sont disponibles en tailles 0, 1, 2 et 3.*Comparé aux anciennes couches Pampers New Baby. || Pour éviter tout danger de suffocation et/ou d'étranglement, garder hors de portée des bébés et des enfants tous les éléments de l'emballage. || Petrolatum, Alcool Stéarylique, Paraffinum Liquidum, Extrait d'Aloe Barbadensis || 
0,22€ / Pce || 
4,95 € || 
Couches Taille 1 Newborn 2-5 kg || Le paquet de 45 || Origine : ALLEMAGNE || Les couches Pampers New Baby sont notre meilleure protection pour la peau de votre nouveau-né. Elles ont désormais un matelas absorbant plus long qui offre une protection supplémentaire à l'arrière de la couche*. Avec la gamme Pampers Premium Protection, votre nouveau-né ne sentira que votre amour.                                                                       Douces comme du coton, les couches New Baby offrent à votre bébé tout le confort dont il a besoin. Leur nouvelle forme apporte confort et protection à votre nouveau-né grâce à la découpe spéciale cordon ombilical et la ceinture plus haute dans le dos. Les couches Pampers New Baby sont disponibles en tailles 0, 1, 2 et 3.*Comparé aux anciennes couches Pampers New Baby. || Pour éviter tout danger de suffocation et/ou d'étranglement, garder hors de portée des bébés et des enfants tous les éléments de l'emballage. || Petrolatum, Alcool Stéarylique, Paraffinum Liquidum, Extrait d'Aloe Barbadensis || 
0,21€ / Pce || 
9,65 € || 
Couches taille 2 || Le paquet de 32 || Origine : ALLEMAGNE || La peau des nouveau-nés est délicate. Essayez les nouvelles couches Pampers New Baby Sensitive : testées cliniquement, elles contiennent une touche d'aloé et jusquà 50% d'agents de soin en plus* pour apporter à la fois pr otection et douceur. Les couches Pampers New Baby Sensitive sont dotées d'un voile absorbant exclusif, spécialement conçu pour absorber les selles molles et pour protéger de l'humidité la peau délicate de votre nouveau né. Elles comportent également un indicateur d'urine qui devient bleu pour vous signaler que bébé a fait pipi.                                         En complément utilisez les nouvelles lingettes Pampers Sensitive Maximum Care, nos lingettes les plus douces pour une toilette de la peau délicate de votre bébé tout en douceur.                                             *comparé aux couches New Baby                                             Testée cliniquement pour être douce avec la peau de votre nouveau-né. || Pour éviter tout danger de suffocation et/ou d'étranglement, garder hors de portée des bébés et des enfants tous les éléments de l'emballage. || 
0,38€ / Pce || 
12,19 € || 
Couches Taille 2 Mini 3-6kg || Le paquet de 28 || Origine : ALLEMAGNE || La peau des nouveau-nés est délicate. Essayez les couches Pampers New Baby Sensitive de la gamme Premium Protection : testées cliniquement, elles contiennet jusquà 50% d'agents de soin en plus* et une touche d'aloé pour a pporter à la fois protectionet douceur. Les couches Pampers New Baby Sensitive sont dotées d'un voile absorbant exclusif, spécialement conçu pour absorber les selles molles des nouveau-nés. Elles comportent également un indicateur d'urine qui devient bleu pour vous signaler que bébé a fait pipi.                                                                         *comparé aux couches Pampers New Baby. || Pour éviter tout danger de suffocation et/ou d'étranglement, garder hors de portée des bébés et des enfants tous les éléments de l'emballage. || Petrolatum, Alcool Stéarylique, Paraffinum Liquidum, Extrait d'Aloe Barbadensis || 
0,43€ / Pce || 
11,97 € || 
Couches Taille 2 Mini 3-6kg || Le paquet de 56 || Origine : ALLEMAGNE || Les couches Pampers New Baby sont notre meilleure protection pour la peau de votre nouveau-né. Elles ont désormais un matelas absorbant plus long qui offre une protection supplémentaire à l'arrière de la couche*. Avec la gamme Pampers Premium Protection, votre nouveau-né ne sentira que votre amour.                                                                       Douces comme du coton, les couches New Baby offrent à votre bébé tout le confort dont il a besoin. Leur nouvelle forme apporte confort et protection à votre nouveau-né grâce à la découpe spéciale cordon ombilical et la ceinture plus haute dans le dos. Les couches Pampers New Baby sont disponibles en tailles 0, 1, 2 et 3.*Comparé aux anciennes couches Pampers New Baby || Pour éviter tout danger de suffocation et/ou d'étranglement, garder hors de portée des bébés et des enfants tous les éléments de l'emballage. || Petrolatum, Alcool Stéarylique, Paraffinum Liquidum, Extrait d'Aloe Barbadensis || 
0,33€ / Pce || 
18,65 € || 
Couches culottes, 4-9kg || Le paquet de 70 || Origine : SUISSE || 
0,19€ / Pce || 
12,99 € || 
Couches Midi, taille 3, 4-9kg || Le paquet de 38 || Origine : SUISSE || 
0,23€ / Pce || 
8,59 € || 
Sac à couches parfumés || La boîte de 50 sacs || Origine : FRANCE || Pratiques et hygiéniques, les sacs à couches bout'chou permettent de jeter les couches, les lingettes et autres produits usagés de votre bébé. Leur parfum permet de neutraliser les mauvaises odeurs. Grâce à leur boîte refermable, ils peuvent être emmenés partout. || Conseils d'utilisation : prenez un sac dans la boîte, jetez-y la couche ou la lingette usagée. Faites un noeud avec les poignées pour fermer le sac et jetez-le à la poubelle. Après utilisation refermez bien la boîte avec la petite languette, afin deconserver intacte la qualité des sacs.  Précautions d'emploi : ce sac n'est pas un jouet. Tenir hors de portée des enfants afin d'éviter tout risque d'etouffement. Usage non alimentaire. Ne pas jeter le sac dans les toilettes. Ce produit contient duparfum. En cas d'allergie, cesser immédiatement l'usage. || Polyéthylène, pigment, parfum. || 
0,04€ / Pce || 
1,82 € || 
Couches écologiques, Taille 3, 4-9kg || Le paquet de 52 || Origine : TURQUIE || 
0,37€ / Pce || 
18,99 € || 
Couches écologiques, Taille 3, 4-9kg || Le paquet de 52 || Origine : TURQUIE || 
0,37€ / Pce || 
18,99 € || 
Couches, Taille 3, 4-9kg || Le mégapack de 80 || Origine : FRANCE || 
0,35€ / Pce || 
31,80 € || 
Couches Taille 3 Midi 4-9kg || Le mégapack de 104 || Origine : ALLEMAGNE || Pour bien commencer la journée, votre bébé a besoin de 12 heures de sommeil bien au sec. C'est pourquoi les couches Baby Dry ont un double système d'absorption : un voile de protection et un matelas qui capture l'humidité.Elles assurent ainsi jusqu'à12 heures bien au sec. De plus, leurs attaches extensibles et douces, qui s'étirent et se remettent en place, apportent à votre bébé confort et maintien. Votre tout-petit restera confortablement au sec tout au long de la nuit, toutes les nuits. || Pour éviter tout danger de suffocation et/ou d'étranglement, garder hors de portée des bébés et des enfants tous les éléments de l'emballage. || Petrolatum, Alcool Stéarylique, Paraffinum Liquidum, extrait d'Aloe Barbadensis || 
0,28€ / Pce || 
29,15 € || 
Couches Taille 3 Midi 4-9kg || Le paquet de 47 || Origine : ALLEMAGNE || Les couches Pampers Active Fit de la gamme Pampers Premium Protection offrent à votre bébé jusqu'à 12 heures bien au sec et s'adaptent parfaitement au niveau de la taille, des cuisses et de l'entrejambe. Ce sont nos couches les plus absorbantes et les mieux ajustées. Leur nouveau matelas absorbsorbant plus long capture encore mieux l'humidité* quels que soient les mouvements de votre bébé. Moins volumineuses, elles permettent à votre bébé dde jouer à sa façon et de bouger en toute liberté. Les couches Pampers Active Fit sont disponibles en taille 3, 3+, 4, 4+, 5 et 5+ à partir de 4kg. *comparé aux anciennes couches Pampers Active Fit || Pour éviter tout danger de suffocation et/ou d'étranglement, garder hors de portée des bébés et des enfants tous les éléments de l'emballage. || Petrolatum, Alcool Stéarylique, Paraffinum Liquidum, Extrait d'Aloe Barbadensis || 
0,40€ / Pce || 
18,85 € || 
Couches Taille 3 Midi 4-9kg || Le paquet de 48 || Origine : ALLEMAGNE || Pour bien commencer la journée, votre bébé a besoin de 12 heures de sommeil bien au sec. C'est pourquoi les couches Baby Dry ont un double système dd'absorption : un voile de protection et un matelas qui capture l'humidité Elles assurent ainsi jusqu'à 12 heures bien au sec. De plus, leurs attaches extensibles et douces, qui s'étirent et se remettent en place, apportent à votre bébé confort et maintien. Votre tout-petit restera confortablement au sec tout au long de la nuit, toutes les nuits. || Pour éviter tout danger de suffocation et/ou d'étranglement, garder hors de portée des bébés et des enfants tous les éléments de l'emballage. || Petrolatum, Alcool Stéarylique, Paraffinum Liquidum, extrait d'Aloe Barbadensis || 
0,38€ / Pce || 
18,45 € || 
Couches Taille 3 Midi 4-9kg || Le paquet de 68 || Origine : ALLEMAGNE || Pour bien commencer la journée, votre bébé a besoin de 12 heures de sommeil bien au sec. C'est pourquoi les couches Baby Dry ont un double système d'absorption : un voile de protection et un matelas qui capture l'humidité. Elles assurent ainsi jusqu'à 12 heures bien au sec. De plus, leurs attaches extensibles et douces, qui s'étirent et se remettent en place, apportent à votre bébé confort et maintien. Votre tout-petit restera confortablement au sec tout au long de la nuit, toutes les nuits. || Pour éviter tout danger de suffocation et/ou d'étranglement, garder hors de portée des bébés et des enfants tous les éléments de l'emballage. || Petrolatum, Alcool Stéarylique, Paraffinum Liquidum, extrait d'Aloe Barbadensis || 
0,34€ / Pce || 
23,18 € || 
Change maxi+ 9-20kg || Le paquet de 58 changes || Origine : SUISSE || Attaches extensibles, douces et repositionnables, qui s'ajustent aux mouvements de votre bébé tout au long de la journée. Voile intérieur doux, adapté à la peau fragile de votre bébé.Coussin anatomique s'adaptant parfaitement à la morphologie de votre bébé pour un meilleur confort. Voile d'acquisition coloré étudié pour une absorption optimale. Barrières latérales spécialement étudiées pour une meilleure protection contre les fuites à l'entrejambe de jour comme de nuit. Voile extérieur doux respirable laissant respirer la peau de votre bébé. || Positionner la couche à plat. Ecarter les barrières latérales avant de changer votre bébé. Si vous avez un petit garçon, penser à bien positionner son sexe vers le bas avant de rabattre le change. Rabattre la couche. Fermer une attache, puis l'autreen veillant à bien les positionner systématiquement. Pour un confort et une hygiène optimale, changer votre bébé 5 à 6 fois par jour. Tenir ce sac et sa poignée hors de portée des bébés et des enfants pour éviter tout risque d'étouffement. Ne pas jeter dans les toilettes. || 
0,22€ / Pce || 
12,99 € || 
Change maxi 7-18kg || Le paquet de 34 changes || Origine : SUISSE || Attaches extensibles, douces et repositionnables, qui s'ajustent aux mouvements de votre bébé tout au long de la journée. Voile intérieur doux, adapté à la peau fragile de votre bébé.Coussin anatomique s'adaptant parfaitement à la morphologie de votre bébé pour un meilleur confort. Voile d'acquisition coloré étudié pour une absorption optimale. Barrières latérales spécialement étudiées pour une meilleure protection contre les fuites à l'entrejambe de jour comme de nuit. Voile extérieur doux respirable laissant respirer la peau de votre bébé. || Positionner la couche à plat. Ecarter les barrières latérales avant de changer votre bébé. Si vous avez un petit garçon, penser à bien positionner son sexe vers le bas avant de rabattre le change. Rabattre la couche. Fermer une attache, puis l'autreen veillant à bien les positionner systématiquement. Pour un confort et une hygiène optimale, changer votre bébé 5 à 6 fois par jour. Tenir ce sac et sa poignée hors de portée des bébés et des enfants pour éviter tout risque d'étouffement. Ne pas jeter dans les toilettes. || 
0,24€ / Pce || 
7,99 € || 
Changes complets, Maxi 4, 7-18kg || Le paquet de 62 || Origine : SUISSE || Attaches extensibles et douces, qui s'ajustent aux mouvements de votre bébé tout au long de la journée. Coussin anatomique, étudié pour une meilleure. Coussin anatomique, étudié pour une meilleure absorption s'adaptant parfaitement à la morphologie de votre bébé pour un meilleur confort.        Barrières latérales, spécialement étudiées pour une meilleure protection contre les fuites à l'entrejambe. Voile intérieur très doux, permettant de garder votre bébé bien au sec. Voile extérieur doux respirable, laissant respirer la peau de votre bébé pour un maximum de confort. || 
0,21€ / Pce || 
12,99 € || 
Sac à couches parfumés || La boîte de 50 sacs || Origine : FRANCE || Pratiques et hygiéniques, les sacs à couches bout'chou permettent de jeter les couches, les lingettes et autres produits usagés de votre bébé. Leur parfum permet de neutraliser les mauvaises odeurs. Grâce à leur boîte refermable, ils peuvent être emmenés partout. || Conseils d'utilisation : prenez un sac dans la boîte, jetez-y la couche ou la lingette usagée. Faites un noeud avec les poignées pour fermer le sac et jetez-le à la poubelle. Après utilisation refermez bien la boîte avec la petite languette, afin deconserver intacte la qualité des sacs.  Précautions d'emploi : ce sac n'est pas un jouet. Tenir hors de portée des enfants afin d'éviter tout risque d'etouffement. Usage non alimentaire. Ne pas jeter le sac dans les toilettes. Ce produit contient duparfum. En cas d'allergie, cesser immédiatement l'usage. || Polyéthylène, pigment, parfum. || 
0,04€ / Pce || 
1,82 € || 
Couches écologiques, Taille 4, 7-18kg || Le paquet de 46 || Origine : TURQUIE || 
0,41€ / Pce || 
18,99 € || 
Couches écologiques, Taille 4, 7-18kg || Le paquet de 46 || Origine : TURQUIE || 
0,41€ / Pce || 
18,99 € || 
Couches, Taille 4, 7-18kg || Le mégapack de 78 || Origine : ALLEMAGNE || 
0,41€ / Pce || 
31,80 € || 
Couches, Taille 4, 7-18kg || Le paquet de 24 || Origine : FRANCE || Aidez votre bébé à apprendre et à grandir tout en jouant. Active Fit est la plus absorbante et la mieux ajustée pour donner à votre bébé la liberté de jouer à sa façon. Grâce à son système d'ajustement 3-Way Fit, Active Fit s'adapte parfaitement au niveau de la taille, des jambes et des fesses pour un maintien inégalé qui permet à bébé de jouer en toute liberté.      Les couches Active Fit sont aussi ultra douces pour procurer à votre bébé. || Pour éviter tout danger de suffocation et/ou d'étranglement, garder hors de portée des bébés et des enfants tous les éléments de l'emballage. || Petrolatum, Alcool Stéarylique, Paraffinum Liquidum, Extrait d'Aloé Barbadensis, CI 61630 || 
0,54€ / Pce || 
12,99 € || 
Couches, Taille 4, 8-15kg || Le paquet de 22 couches || Origine : FRANCE || Pampers Easy Up s'enfile et s'enlève facilement comme une vraie culotte pour que votre bébé se sente comme un grand. Grâce à sa taille douce et élastique et sa large zone d'absorption, Easy Up absorbe aussi bien qu'une couche et protège des fuites jusqu'à 12 heures. Et pour distraire bébé, retrouvez les personnages Nickelodeon de Dora et Diego sur les culottes Easy Up. || Pour éviter tout danger de suffocation et/ou d'étranglement, garder hors de portée des bébés et des enfants tous les éléments de l'emballage. || 
0,51€ / Pce || 
11,15 € || 
Couches Taille 4+ Maxi Plus 9-20kg || Le paquet de 38 || Origine : ALLEMAGNE || Les couches Pampers Active Fit de la gamme Pampers Premium Protectionoffr ent à votre bébé jusqu'à 12 heures bien au sec et s'adaptent parfaitement au niveau de la taille, des cuisses et de l'entrejambe. Ce sont nos couches les plus absorbantes et les mieux ajustées. Leur nouveau matelas absorbantes et les mieux ajustées. Leur nouveau matelas absorbant plus long capture encore mieux  l'humidité* quels que soient les mouvements de votre bébé.Moins volumineuses, elles permettent à votre bébé de jouer à sa façon et de bouger en toute liberté. Les couches Pampers Active Fit sont disponibles en taille 3, 3+, 4, 4+, 5 et 5+ à partir de 4 kg.*comparé aux anciennes couches Pampers Active Fit || Pour éviter tout danger de suffocation et/ou d'étranglement, garder hors de portée des bébés et des enfants tous les éléments de l'emballage. || Petrolatum, Alcool Stéarylique, Paraffinum Liquidum, Extrait d'Aloe Barbadensis || 
0,50€ / Pce || 
18,85 € || 
Couches Taille 4+ Maxi Plus 9-20kg || Le paquet de 39 || Origine : ALLEMAGNE || Pour bien commencer la journée, votre bébé a besoin de 12 heures de sommeil bien au sec. C'est pourquoi les couches Baby Dry ont un double système d'absorption : un voile de protection et un matelas qui capture l'humidité. Elles assurent ainsi jusqu'à 12 heures bien au sec. De plus, leurs attaches extensibles et douces, qui s'étirent et se remettent en place, apportent à votre bébé confort et maintien. Votre tout-petit restera confortablement au sec tout au long de la nuit, toutes les nuits. || Pour éviter tout danger de suffocation et/ou d'étranglement, garder hors de portée des bébés et des enfants tous les éléments de l'emballage. || Petrolatum, Alcool Stéarylique, Paraffinum Liquidum, extrait d'Aloe Barbadensis || 
0,49€ / Pce || 
18,95 € || 
Couches Taille 4+ Maxi Plus 9-20kg || Le paquet de 54 || Origine : ALLEMAGNE || Pour bien commencer la journée, votre bébé a besoin de 12 heures de sommeil bien au sec. C'est pourquoi les couches Baby Dry ont un double système d'absorption: un voile de protection et un matelas qui capture l'humidité. Elles assurent ainsi jusqu'à12 heures bien au sec. De plus, leurs attaches extensibles et douces, qui s'étirent et se remettent en place, apportent à votre bébé confort et maintien. Votre tout-petit restera confortablement au sec tout au long de la nuit, toutes les nuits. || Pour éviter tout danger de suffocation et/ou d'étranglement, garder hors de portée des bébés et des enfants tous les éléments de l'emballage. || Petrolatum, Alcool Stéarylique, Paraffinum Liquidum, extrait d'Aloe Barbadensis || 
0,43€ / Pce || 
23,18 € || 
Couches Taille 4 Maxi 7-18kg || Le mégapack de 86 || Origine : ALLEMAGNE || Pour bien commencer la journée, votre bébé a besoin de 12 heures de sommeil bien au sec.                                                            C'est pourquoi les couches Baby Dry ont un double système d'absorption: un voile de protection et un matelas qui capture l'humidité. Elles assurent ainsi jusqu'à 12 heures bien au sec. De plus, leurs attaches extensibles et douces, qui s'étirent et se remettent en place, apportent à votre bébé confort et maintien.Votre tout-petit restera confortablement au sec tout au long de la nuit, toutes les nuits. || Pour éviter tout danger de suffocation et/ou d'étranglement, garder hors de portée des bébés et des enfants tous les éléments de l'emballage. || Petrolatum, Alcool Stéarylique, Paraffinum Liquidum, extrait d'Aloe Barbadensis || 
0,37€ / Pce || 
31,85 € || 
Couches Taille 4 Maxi 7-18kg || Le paquet de 22 || Origine : ALLEMAGNE || Les couches Pampers Active Fit de la gamme Pampers Premium Protection offre à votre bébé jusqu'à 12 heures bien au sec et s'adaptent parfaitement au niveau de la taille, des cuisses et de l'entrejambe. Ce sont nos couches les plus absorbantes et lesmieux ajustées. Leur nouveau matelas absorbant plus long capture encore mieux l'humidité* quels que soient les mouvements de votre bébé. Moins volumineuses, elles permettent à votre bébé de jouer à sa façon et de bouger en toute liberté. Les couchesPampers Active Fit  sont disponibles en taille 3, 3+, 4, 4+, 5 et 5+ à partir de 4 kg.                                                                                *comparé aux anciennes couches Pampers Active Fit || Pour éviter tout danger de suffocation et/ou d'étranglement, garder hors de portée des bébés et des enfants tous les éléments de l'emballage. || Petrolatum, Alcool Stéarylique, Paraffinum Liquidum, Extrait d'Aloe Barbadensis || 
0,54€ / Pce || 
11,77 € || 
Couches Taille 4 Maxi 7-18kg || Le paquet de 24 || Origine : ALLEMAGNE || Pour bien commencer la journée, votre bébé a besoin de 12 heures de sommeil bien au sec. C'est pourquoi les couches Baby Dry ont un double système d'absorption : un voile de protection et un matelas qui capture l'humidité Elles assurent ainsi jusqu'à12 heures bien au sec. De plus, leurs attaches extensibles et douces, qui s'étirent et se remettent en place, apportent à votre bébé confort et maintien. Votre tout-petit restera confortablement au sec tout au long de la nuit, toutes les nuits. || Pour éviter tout danger de suffocation et/ou d'étranglement, garder hors de portée des bébés et des enfants tous les éléments de l'emballage. || Petrolatum, Alcool Stéarylique, Paraffinum Liquidum, extrait d'Aloe Barbadensis || 
0,46€ / Pce || 
11,01 € || 
Couches Taille 4 Maxi 7-18kg || Le paquet de 39 || Origine : ALLEMAGNE || Les couches Pampers Active Fit de la gamme Pampers Premium Protection offrent à votre bébé jusqu'à 12 heures bien au sec et s'adaptent parfaitement au niveau de la taille, des cuisses et de l'entrejambe. Ce sont nos couches les plus absorbantes et les mieux ajustées. Leur nouveau matelas absorsorbant plus long capture encore mieux l'humidité* quels que soient les mouvements de votre bébé. Moins volumineuses, elles permettent à votre bébé de  jouer à sa façon et de bouger en toute liberté. Les couches Pampers Active Fit sont disponibles en taille 3, 3+, 4, 4+, 5 et 5+ à partir de 4 kg.                                                                           *comparé aux anciennes couches Pampers Active Fit || Pour éviter tout danger de suffocation et/ou d'étranglement, garder hors de portée des bébés et des enfants tous les éléments de l'emballage. || Petrolatum, Alcool Stéarylique, Paraffinum Liquidum, Extrait d'Aloe Barbadensis || 
0,49€ / Pce || 
18,99 € || 
Couches Taille 4 Maxi 7-18kg || Le paquet de 42 || Origine : ALLEMAGNE || Pour bien commencer la journée, votre bébé a besoin de 12 heures de sommeil bien au sec. C'est pourquoi les couches Baby Dry ont un double système d'absorption : un voile de protection et un matelas qui capture l'humidité. Elles assurent ainsi jusqu'à 12 heures bien au sec. De plus, leurs attaches extensibles et douces, qui s'étirent et se remettent en place, apportent à votre bébé confort et maintien. Votre tout-petit restera confortablement au sec tout au long de la nuit, toutes les nuits. || Pour éviter tout danger de suffocation et/ou d'étranglement, garder hors de portée des bébés et des enfants tous les éléments de l'emballage. || Petrolatum, Alcool Stéarylique, Paraffinum Liquidum, extrait d'Aloe Barbadensis || 
0,45€ / Pce || 
18,79 € || 
Couches Taille 4 Maxi 7-18kg || Le paquet de 60 || Origine : ALLEMAGNE || Pour bien commencer la journée, votre bébé a besoin de 12 heures de sommeil bien au sec. C'est pourquoi les couches Baby Dry ont un double système d'absorption : un voile de protection et un matelas qui capture l'humidité. Elles assurent ainsi jusqu'à 12 heures bien au sec. De plus, leurs attaches extensibles et douces, qui s'étirent et se remettent en place, apportent à votre bébé confort et maintien. Votre tout-petit restera confortablement au sec tout au long de la nuit, toutes les nuits. || Pour éviter tout danger de suffocation et/ou d'étranglement, garder hors de portée des bébés et des enfants tous les éléments de l'emballage. || Petrolatum, Alcool Stéarylique, Paraffinum Liquidum, extrait d'Aloe Barbadensis || 
0,39€ / Pce || 
23,55 € || 
Couches Taille 4 Maxi Plus 9-20kg || Le mégapack de 80 || Origine : ALLEMAGNE || Pour bien commencer la journée, votre bébé a besoin de 12 heures de sommeil bien au sec. C'est pourquoi les couches Baby Dry ont un double système d'absorption : un voile de protection et un matelas qui capture l'humidité.Elles assurent ainsi jusqu'à12 heures bien au sec. De plus, leurs attaches extensibles et douces, qui s'étirent et se remettent en place, apportent à votre bébé confort et maintien. Votre tout-petit restera confortablement au sec tout au long de la nuit, toutes les nuits. || Pour éviter tout danger de suffocation et/ou d'étranglement, garder hors de portée des bébés et des enfants tous les éléments de l'emballage. || Petrolatum, Alcool Stéarylique, Paraffinum Liquidum, extrait d'Aloe Barbadensis || 
0,39€ / Pce || 
31,39 € || 
Change Junior 11-25kg || Le paquet de 30 || Origine : SUISSE || 
0,27€ / Pce || 
7,99 € || 
Changes complets, Junior 5, 11-25kg || Le paquet de 54 || Origine : SUISSE || Attaches extensibles et douces, qui s'ajustent aux mouvements de votre bébé tout au long de la journée. Coussin anatomique, étudié pour une meilleure absorption s'adaptant parfaitement à la morphologie de votre bébé pour un mailleur confort.Barrières latérales, spécialement étudiées pour une meilleure protection contre les fuites à l'entrejambe. Voile intérieur très doux, permettant de garder votre bébé bien au sec. Voile extérieur doux respirable, laissant respirer la peau de votre bébé pour un maximum de confort. || 
0,24€ / Pce || 
12,99 € || 
Couches culottes, Extra large 6, +16kg || Le paquet de 34 || Origine : FRANCE || 
0,37€ / Pce || 
12,69 € || 
Sac à couches parfumés || La boîte de 50 sacs || Origine : FRANCE || Pratiques et hygiéniques, les sacs à couches bout'chou permettent de jeter les couches, les lingettes et autres produits usagés de votre bébé. Leur parfum permet de neutraliser les mauvaises odeurs. Grâce à leur boîte refermable, ils peuvent être emmenés partout. || Conseils d'utilisation : prenez un sac dans la boîte, jetez-y la couche ou la lingette usagée. Faites un noeud avec les poignées pour fermer le sac et jetez-le à la poubelle. Après utilisation refermez bien la boîte avec la petite languette, afin deconserver intacte la qualité des sacs.  Précautions d'emploi : ce sac n'est pas un jouet. Tenir hors de portée des enfants afin d'éviter tout risque d'etouffement. Usage non alimentaire. Ne pas jeter le sac dans les toilettes. Ce produit contient duparfum. En cas d'allergie, cesser immédiatement l'usage. || Polyéthylène, pigment, parfum. || 
0,04€ / Pce || 
1,82 € || 
Couches écologiques, Taille 5, 11-25kg || Le paquet de 42 || Origine : TURQUIE || 
0,45€ / Pce || 
18,99 € || 
Couches écologiques, Taille 5, 11-25kg || Le paquet de 42 || Origine : TURQUIE || 
0,45€ / Pce || 
18,99 € || 
Couches, Taille 5, 11-25kg || Le mégapack de 68 || Origine : ALLEMAGNE || 
0,47€ / Pce || 
31,80 € || 
Couches, Taille 5, 11-25kg || Le paquet de 22 || Origine : FRANCE || Aidez votre bébé à apprendre et à grandir tout en jouant. Active Fit est la couche Pampers la plus absorbante et la mieux ajustée pour donner à votre bébé la liberté de jouer à sa façon. Grâce à son système d'ajustement 3-Way Fit, Active Fit s'adapteparfaitement au niveau de la taille, des jambes et des fesses pour un maintien inégalé qui permet à bébé de jouer en toute liberté. Les couches Active Fit sont aussi ultra douces pour procurer à votre bébé tout le confort dont il a besoin. || Pour éviter tout danger de suffocation et/ou d'étranglement, garder hors de portée des bébés et des enfants tous les éléments de l'emballage. || 
0,59€ / Pce || 
12,99 € || 
Couches, Taille 5, 12-18kg || Le paquet de 20 || Origine : FRANCE || Pampers Easy Up s'enfile et s'enlève facilement comme une vraie culotte pour que votre bébé se sente comme un grand. Grâce à sa taille douce et élastique et sa large zone d'absorption, Easy Up absorbe aussi bien qu'une couche et protège des fuites jusqu'à 12 heures. Et pour distraire bébé, retrouvez les personnages Nickelodeon de Dora et Diego sur les culottes Easy Up. || Pour éviter tout danger de suffocation et/ou d'étranglement, garder hors de portée des bébés et des enfants tous les éléments de l'emballage. || 
0,56€ / Pce || 
11,15 € || 
Couches Taille 5 || Le paquet de 23 || Origine : FRANCE || Pampers Baby Dry garantit à votre bébé jusquà 12 heures dabsorption pour   des matins radieux. Les nouvelles couches Baby Dry disposent d'un voile extra-protection amélioré, doté d'un système d'absorption plus rapide pour aider à retenir l'humidité loin de la peau de bébé. Donnez à votre bébé la protection dont il a besoin pour lui assurer un sommeil en or avec les n ouvelles couches Pampers Baby Dry. || Pour éviter tout danger de suffocation et/ou détranglement, garder hors de po rtée des bébés et des enfants tous les éléments de l'emballage. || Petrolatum, Alcool Stéarylique, Paraffinum Liquidum, Extrait d'Aloé Barbadensis CI 61567. || 
0,48€ / Pce || 
11,01 € || 
Couches Taille 5 || Le paquet de 38 || Origine : FRANCE || Pampers Easy Up s'enfile et s'enlève facilement comme une vraie culotte pour que votre bébé se sente comme un grand. Grâce à sa taille douce et élastique et sa large zone d'absorption, Easy Up absorbe aussi bien qu'une couche couche et protège des fuites jusqu'à 12 heures. Et pour distraire bébé , retrouvez les personnages Nickelodeon de Dora et Diego sur les culottes Easy Up. || Pour éviter tout danger de suffocation et/ou d'étranglement, garder hors de portée des bébés et des enfants tous les éléments de l'emballage. || 
0,53€ / Pce || 
19,95 € || 
Couches Taille 5 11-25kg || Le mégapack de 80 || Origine : ALLEMAGNE || Pour bien commencer la journée, votre bébé a besoin de 12 heures de sommeil bien au sec. C'est pourquoi les couches Baby Dry ont un double système d'absorption : un voile de protection et un matelas qui capture l'humidité Elles assurent ainsi jusqu'à12 heures bien au sec. De plus, leurs attaches extensibles et douces, qui s'étirent et se remettent en place, apportent à votre bébé confort et maintien. Votre tout-petit restera confortablement au sec tout au long de la nuit, toutes les nuits. || Pour éviter tout danger de suffocation et/ou d'étranglement, garder hors de portée des bébés et des enfants tous les éléments de l'emballage. || Petrolatum, Alcool Stéarylique, Paraffinum Liquidum, extrait d'Aloe Barbadensis || 
0,40€ / L || 
31,80 € || 
Couches Taille 5 Junior 11-25kg || Le paquet de 20 || Origine : ALLEMAGNE || Les couches Pampers Active Fit de la gamme Pampers Premium Protection offrent à votre bébé jusqu'à 12 heures bien au sec et s'adaptent parfaitement u niveau de la taille, des cuisses et de l'entrejambe.                    Ce sont nos couches les plusabsorbantes et les mieux ajustées.           Leur nouveau matelas  absorbant plus long capture encore mieux l'humidité* quels que soient les mouvements de votre bébé. Moins volumineuses, elles permettent à votre bébé de  jouer à sa façon et de bouger en toute liberté.                                                                         Les couches Pampers Active Fit sont disponibles en taille 3, 3+, 4, 4+, 5 et 5+ à partir de 4 kg.                                                   *comparé aux anciennes couches Pampers Active Fit. || Pour éviter tout danger de suffocation et/ou d'étranglement, garder hors de portée des bébés et des enfants tous les éléments de l'emballage. || Petrolatum, Alcool Stéarylique, Paraffinum Liquidum, Extrait d'Aloe Barbadensis || 
0,58€ / Pce || 
11,61 € || 
Couches Taille 5 Junior 11-25kg || Le paquet de 37 || Origine : ALLEMAGNE || Les couches Pampers Active Fit de la gamme Pampers Premium Protectionoffe nt à votre bébé jusqu'à 12 heures bien au sec et s'adaptent parfaitement au niveau de la taille, des cuisses et de l'entrejambe. Ce sont nos couches les plus absorbantes et lesmieux ajustées. Leur nouveau matelas absorbants plus long capture encore mieux l'humidité* quels que soient les mouvements de votre bébé. Moins volumineuses, elles permettent à votre bébé de jouer à sa façon et de bouger en toute liberté. Les couches Pampers Active Fit sont disponibles en taille 3, 3+, 4, 4+, 5 et 5+ à partir de 4 kg.                                                                               *comparé aux anciennes couches Pampers Active Fit || Pour éviter tout danger de suffocation et/ou d'étranglement, garder hors de portée des bébés et des enfants tous les éléments de l'emballage. || Petrolatum, Alcool Stéarylique, Paraffinum Liquidum, Extrait d'Aloe Barbadensis || 
0,51€ / Pce || 
18,90 € || 
Couches Taille 5 Junior 11-25kg || Le paquet de 41 || Origine : ALLEMAGNE || Pour bien commencer la journée, votre bébé a besoin de 12 heures de sommeil bien au sec. C'est pourquoi les couches Baby Dry ont un double système d'absorption : un voile de protection et un matelas qui capture l'humidité.Elles assurent ainsi jusqu'à12 heures bien au sec. De plus, leurs attaches extensibles et douces, qui s'étirent et se remettent en place, apportent à votre bébé confort et maintien. Votre tout-petit restera confortablement au sec tout au long de la nuit, toutes les nuits. || Pour éviter tout danger de suffocation et/ou d'étranglement, garder hors de portée des bébés et des enfants tous les éléments de l'emballage. || Petrolatum, Alcool Stéarylique, Paraffinum Liquidum, extrait d'Aloe Barbadensis || 
0,45€ / Pce || 
18,45 € || 
Couches Taille 5 Junior 11-25kg || Le paquet de 56 || Origine : ALLEMAGNE || Pour bien commencer la journée, votre bébé a besoin de 12 heures de sommeil bien au sec. C'est pourquoi les couches Baby Dry ont un double système d'absorption: un voile de protection et un matelas qui capture l'humidité. Elles assurent ainsi jusqu'à12 heures bien au sec. De plus, leurs attaches extensibles et douces, qui s'étirent et se remettent en place, apportent à votre bébé confort et maintien. Votre tout-petit restera confortablement au sec tout au long de la nuit, toutes les nuits. || Pour éviter tout danger de suffocation et/ou d'étranglement, garder hors de portée des bébés et des enfants tous les éléments de l'emballage. || Petrolatum, Alcool Stéarylique, Paraffinum Liquidum, extrait d'Aloe Barbadensis || 
0,41€ / Pce || 
23,15 € || 
Couches Taille 6 Extra Large +16kg || Le paquet de 33 || Origine : ALLEMAGNE || Pour bien commencer la journée, votre bébé a besoin de 12 heures de sommeil bien au sec. C'est pourquoi les couches Baby Dry ont un double système d'absorption : un voile de protection et un matelas qui capture l'humidité.  Elles assurent ainsi jusqu'à 12 heures bien au sec. De plus, leurs attaches extensibles et douces, qui s'étirent et se remettent en place, apportent à votre bébé confort et maintien. Votre tout-petit restera confortablement au sec tout au long de la nuit, toutes les nuits. || Pour éviter tout danger de suffocation et/ou d'étranglement, garder hors de portée des bébés et des enfants tous les éléments de l'emballage. || Petrolatum, Alcool Stéarylique, Paraffinum Liquidum, extrait d'Aloe Barbadensis || 
0,57€ / Pce || 
18,69 € || 
Couches culottes, Extra large 6, +16kg || Le paquet de 18 || Origine : FRANCE || Les culottes Bout'chou ont été conçues pour être mises et enlevées comme un sous-vêtement par les tout-petits. Elles aident ainsi votre enfant à devenir grand tout en le protégeant. Cotés ultra doux élastiques, qui s'adaptent parfaitement à la morphologie de votre bébé, pour une parfaire liberté de mouvement. Bords déchirables, pour l'enlever facilement. Coussin anatomique, étudié pour une meilleure absorption s'adaptant parfaitement à la morphologie de votre bébé pour un meilleur confort. Barrières anti-fuites latérales, pour éviter les fuites à l'entrejambe. Adhésif de fermeture, à l'arrière, permettant de bien refermer la culotte avant de la jeter. Voile intérieur très doux, permettant de garder votre bébé bien au sec. Le décor, aide votre bébé à reconnaître l'avant de l'arrière. Voile extérieur doux respirable, laissant respirer la peau de votre bébé pour un maximum de confort. || Enfiler la culotte en repérant grâce au dessin l'avant de l'arrière. Pour la retirer, déchirer les côtés. Rouler la culotte en commençant par l'avant, l'attacher avec l'adhésif de fermeture et la jeter à la poubelle. Pour un confort et une hygiène optimale, changer votre bébé au moins 5 à 6 fois par jour.  Tenir ce sac et sa poignée hors de portée des bébés et des enfants pour éviter tout risque d'étouffement. Ne pas jeter dans les toilettes. || 
0,39€ / Pce || 
6,99 € || 
Couches culottes, Junior 5, 12-18kg || Le paquet de 20 || Origine : FRANCE || Les culottes Bout'chou ont été conçus pour être mises et enlevées comme un sous-vêtement par les tout-petits. Elles aident ainsi votre enfant à devenir grand tout en le protégeant. Côtés ultra doux élastiques, qui s'adaptent parfaitement à la morphologie de votre bébé pour une parfaite liberté de mouvement. Bords déchirables, pour l'enlever facilement. Coussin anatomique, étudié pour une meilleure absorption, s'adaptant parfaitement à la morphologie de votre bébé pour un meilleur confort. Barrières anti-fuites latérales, pour éviter les fuites à l'entrejambe. Adhésif de fermeture, à l'arrière, permettant de bien refermer la culotte avant de la jeter. Voile intérieur très doux, permettant de garder votre bébé bien au sec. Le décor, aide votre bébé à reconnaître l'avant de l'arrière. Voile extérieur doux respirable, laissant respirer la peau de votre bébé pour un maximum de confort. || Enfiler la culotte en repérant grâce au dessin l'avant de l'arrière. Pour la retirer, déchirer les côtés. Rouler la culotte en commençant par l'avant, l'attacher avec l'adhésif de fermeture et la jeter à la poubelle. Pour un confort et une hygiène optimale, changer votre bébé au moins 5 à 6 fois par jour.  Tenir ce sac et sa poignée hors de portée des bébés et des enfants pour éviter tout risque d'étouffement. Ne pas jeter dans les toilettes. || 
0,35€ / Pce || 
6,99 € || 
Couches culottes, Junior 5, 12-18kg || Le paquet de 38 || Origine : FRANCE || 
0,37€ / Pce || 
14,19 € || 
Couches culottes, Maxi 4, 8-15kg || Le paquet de 22 || Origine : FRANCE || Les culottes Bout'chou ont été conçues pour être mises et enlevées comme un sous-vêtement par les tout-petits. Elles aident ainsi votre enfant à devenir grand tout en le protégeant. Cotés ultra doux élastiques, qui s'adaptent parfaitement à la morphologie de votre bébé, pour une parfaire liberté de mouvement. Bords déchirables, pour l'enlever facilement. Coussin anatomique, étudié pour une meilleure absorption s'adaptant parfaitement à la morphologie de votre bébé pour un meilleur confort. Barrières anti-fuites latérales, pour éviter les fuites à l'entrejambe. Adhésif de fermeture, à l'arrière, permettant de bien refermer la culotte avant de la jeter. Voile intérieur très doux, permettant de garder votre bébé bien au sec. Le décor, aide votre bébé à reconnaître l'avant de l'arrière. Voile extérieur doux respirable, laissant respirer la peau de votre bébé pour un maximum de confort. || Enfiler la culotte en repérant grâce au dessin l'avant de l'arrière. Pour la retirer, déchirer les côtés. Rouler la culotte en commençant par l'avant, l'attacher avec l'adhésif de fermeture et la jeter à la poubelle. Pour un confort et une hygiène optimale, changer votre bébé au moins 5 à 6 fois par jour.  Tenir ce sac et sa poignée hors de portée des bébés et des enfants pour éviter tout risque d'étouffement. Ne pas jeter dans les toilettes. || 
0,37€ / Pce || 
8,15 € || 
Couches culottes, Maxi 4, 8-15kg || Le paquet de 42 || Origine : FRANCE || Les culottes Bout'chou ont été conçues pour être mises et enlevées comme un sous-vêtement par les tout-petits. Elles aident ainsi votre enfant à devenir grand tout en le protégeant. || Unisexe. Pour un confort et une hygiène optimale, changer votre bébé au moins 5 à 6 fois par jour. Tenir ce sac et sa poignée hors de portée des bébés et des enfants pour éviter tout risque d'étouffement. Ne pas jeter dans les toilettes. || 
0,34€ / Pce || 
14,19 € || 
Culottes absorbantes pour les garçons, 4-7 ans || Le paquet de 16 || Origine : REPUBLI.TCHEQUE || Les sous-vêtements de nuit DryNites® sont étudiés pour être portés sous un pyjama; ils se mettent et s'enlèvent aussi facilement qu'un dessous classique.                                                                     Des barrières anti-fuites, un voile externe hautement imperméable associé à une base super-absorbante fine qui éloigne l'humidité de la peau, apportapportent à votre enfant la meilleure protection contre les fuites. Les côtés élastiques garantissent un maintien confortable pourque votre enfant reste sec toute la nuit.                                                  Fille ou garçon, chacun dispose de deux motifs, choisis par les enfants pour que les sous-vêtements de nuit DryNites® ressemblent encore plus à de vrais sous-vêtements. || 
0,95€ / Pce || 
15,19 € || 
Slip absorbant de nuit pour garçons, 8-15 ans || Le paquet de 13 slips || Origine : REPUBLI.TCHEQUE || Les sous-vêtements de nuit DryNites® sont étudiés pour être portés sous un pyjama; ils se mettent et s'enlèvent aussi facilement qu'un dessous classique.                                                                     Des barrières anti-fuites, un voile externe hautement imperméable associé à une base super-absorbante fine qui éloigne l'humidité de la peau, apportent à votre enfant la meilleure protection contre les fuites. Les côtés élastiques garantissent un maintien confortable pour que votre enfant reste sec toute la nuit.                                                        Fille ou garçon, chacun dispose de deux motifs, choisis par les enfants pour que les sous-vêtements de nuit DryNites® ressemblent encore plus à de vrais sous-vêtements. || 
1,16€ / Pce || 
15,09 € || 
Culottes d'apprentissage, T5 Junior, 12-18kg || Le paquet de 20 || Origine : FINLANDE || 
0,60€ / Pce || 
11,99 € || 
Lingettes eau nettoyante corps, visage et yeux || Le sachet de 76 lingettes || Origine : FRANCE || L'eau nettoyante Bébé Cadum se décline en lingettes pour nettoyer en douceur et hydrater la peau fragile de votre bébé, sans rinçage.Les lingettes à l'eau nettoyante Bébé Cadum allient une eau très pure nettoyante et rafraîchissante, à l'huile d'amande douce bio adoucissante. Leur formule, sans paraben et sans colorant, est hypoallergénique et testée sous contrôle pédiatrique. || Ne pas jeter dans les toilettes. || Aqua, glycerin, peg-40 hydrogenated castor oil, parfum, polyquaternium-37, prunus amygdalus dulcis oil*, dimethicone, panthénol, aloe barbadensis extract*, methylchloroisothiazolinone, methylisothiazolinone, sodium hydroxide. *ingrédients issus de l'agriculture biologique. Sans paraben. || 3 mois après ouverture. || 
0,05€ / Pce || 
3,76 € || 
Lingettes natural caresse en fibre d'origine végétale & naturelle à l'huile d'amandes douce bio || Le paquet de 2x60 lingettes || Origine : FRANCE || Bébé Cadum innove avec Natural Caresse, une lingette en fibres d'origine végétale et naturelle 100% biodégradables.Bébé Cadum utilise de l'huile d'amandes douces et d'aloé véra bio et contribue ainsi à la préservation des ressources naturelles. Telleune caresse, la lingette Bébé Cadum à l'(huile d'amandes douces bio et aloe vera bio, reconnus pour leurs vertus adoucissantes, nettoie en douceur et respecte la peau délicate des nourrissons. || Ne pas jeter dans les toilettes. || Aqua, glycerin, PEG 40 hydrogenated castor oil, parfum, polyquaternium-37, prunus amygdalus dulcis oil*, dimethicone, panthenol, aloe barbadensis extract*, methylchloroisothiazolinone, methylisothiazolinone, sodium hydroxyde. * Ingrédients issu de l'agriculture biologique. Sans alcool. Sans phénoxyéthanol. Sans paraben. || 3 mois après ouverture. || 
0,05€ / Pce || 
5,67 € || 
Lingettes épaisses H2O à l'hydra-bléïne || Le paquet de 10 || Origine : FRANCE || Les lingettes épaisses Biolane H2O sont idéales pour nettoyer, hydrater et protéger en un seul geste la peau de bébé.Délicatement parfumées, les lingettes épaisses H2O Biolane laissent la peau de votre bébé douce, souple et parfaitement protégée. D'une très haute tolérance, l'eau pure H2O permet de nettoyer parfaitement et sans rincer le siège, le corps et le visage de bébé. || S'utilise à chaque change et à tout moment de la journée. Ne se rince pas.  Ne pas jeter dans les toilettes || Aqua, PEG-40 hydrogenated castor oil, methylpropanediol, cocodimonium hydroxypropyl hydrolyzed wheat protein, parfum, tetrasodium edta, polyaminopropyl biguanide,  citric acid, alpha-isomethyl ionone, butylphenyl methylpropional, citral, citronellol,eugenol, hexyl cinnamal, hydroxycitronellal, hydroxyisohexyl 3-cyclohexene carboxaldehyde, limonene, linalool. Sans paraben. || 
0,11€ / Pce || 
1,11 € || 
Lingettes h2o || Le paquet de 72 || Origine : FRANCE || D'une haute tolérance, les lingettes épaisses BIOLANE H2O sont idéales en toute occasion pour nettoyer, hydrater et protéger en un seul geste la peau de bébé. Leur texture est 100% biodégradable.Spécialement formulées pour le change des peaux sensibles, elles nettoient parfaitement et sans rincer le siège, le corps et le visage de bébé. Testées sous contrôle dermatologique et formulées sans alcool, les lingettes BIOLANE s'utilisent en toute sécurité, et préservent l'équilibre naturel cutané. Délicatement parfumées, les lingettes épaisses H2O BIOLANE laissent la peau de votre bébé douce, souple et parfaitement protégée. Pratique : le système de distribution une à une. || S'utilise à chaque change et à tout moment de la journée. Ne se rince pas. Bien refermer après usage. Ne pas jeter dans les toilettes. || Aqua, peg-40 hydrogenated castor oil, methyl propanediol, cocodimonium hydroxypropyl hydrolyzed wheat protein, parfum, tetrasodium edta, polyaminopropyl biguanide, citric acid, alpha isomethyl ionone, butylphenyl methylpropional, citral, citronellol,eugenol, hexyl cinnamal, hydroxycitronellal, hydroxyisohexyl 3-cyclohexene carboxaldehyde, limonene, linalool. Sans paraben. Sans alcool. || Bien refermer après usage. || 
0,04€ / Pce || 
3,16 € || 
Lingettes pocket pour visage et mains, biodégradables || Le paquet de 20 || Origine : FRANCE || D'une haute tolérance cutanée, les lingettes pocket visage et mains Biolane s'utilisent dès la naissance pour nettoyer et rafraîchir le visage et les mains de bébé. Formulée à pH physiologique et sans alcool, elles présentent l'équilibre naturel cutané. Hydratantes grâce à l'hydrabléine qu'elles contiennent, elles laissent la peau de bébé douce et souple. Leur texture ultra-douce et résistante garantit un nettoyage d'une très grande délicatesse. || S'utilisent à tout moment de la journée. Ne nécessitent pas de rinçage.  Ne pas jeter dans les toilette. || Aqua, PEG-40 hydrogenated castor oil, methylpropanediol, cocodimonium hydroxypropyl hydrolyzed wheat protein, propylene glycol, parfum, diazolidinyl urea, edta tetrasodium, citric acid, methylparaben, propylparaben. || 
0,08€ / Pce || 
1,65 € || 
Lingettes débarbouillantes pour visage et mains || Le paquet de 40 || Origine : ESPAGNE || Les lingettes débarbouillantes Bout'chou ont été spécialement formulées pour respecter la peau de votre enfant. Elles s'utilisent aussi bien sur les mains que sur le visage. Imprégnées d'une lotion, elles nettoient délicatement les traces de goûter,de confiture ou autre, tout en laissant une peau hydratée et légèrement parfumée. || Soulever le capot de protection et enlever l'étiquette. Tirer une lingette. Bien fermer  le capot après chaque utilisation, afin de préserver la fraîcheur et l'hygiène des lingettes. Pratique : distribution feuille à feuille.  Usage externe exclusif.Ne pas jeter dans les toilettes Ne pas utiliser sur une peau irritée ou une plaie. Conserver hors de portée des enfants. Ne pas avaler || Aqua, propylene glycol, gluconolactone, sodium benzoate, calcium gluconate, peg-40 hydrogenated castor oil, peg-75 lanolin, potassium sorbate, parfum, tocopheryl acetate, disodium cocoamphodiacetate, citric acid, disodium edta || 
0,05€ / Pce || 
1,92 € || 
Lingettes débarbouillantes pour visage et mains || Les 3 paquets de 10 || Origine : ESPAGNE || Les lingettes débarbouillantes Bout'chou ont été spécialement formulées pour respecter la peau de votre enfant. Elles s'utilisent aussi bien sur les mains que sur le visage. Imprégnées d'une lotion, elles nettoient délicatement les traces de goûter,de confiture ou autre, tout en laissant une peau hydratée et légèrement parfumée. || Soulever l'étiquette de protection. Sortir une lingette. Bien fermer l'étiquette après chaque utilisation, afin de préserver la fraîcheur et l'hygiène des lingettes. Usage externe exclusif. Ne pas jeter dans les toilettes Ne pas utiliser sur une peau irritée ou une plaie. Ne pas avaler. Ne convient pas aux enfants de moins de 36 mois. || Aqua, propylene glycol, gluconolactone, sodium benzoate, calcium gluconate, peg-40 hydrogenated castor oil, peg-75 lanolin, potassium sorbate, parfum, tocopheryl acetate, disodium cocoamphodiacetate, citric acid, disodium edta || 3 mois après ouverture. || 
0,06€ / Pce || 
1,92 € || 
Lingettes épaisses sans alcool, aux extraits d'amande douce || Le paquet de 24 || Origine : ESPAGNE || Les lingettes épaisses Bout'chou ont été spécialement formulées pour respecter les peaux sensibles. Imprégnées d'un gel nettoyant et rafraîchissant à l'extrait d'amande douce, elles sont idéales pour le change et l'hygiène quotidienne des bébés. Ph neutre. || Soulever l'étiquette de protection. Sortir une lingette. Bien fermer l'étiquette après chaque utilisation, afin de préserver la fraîcheur et l'hygiène des lingettes.  Usage externe exclusif. Ne pas jeter dans les toilettes Ne pas utiliser sur une peau irritée ou une plaie. Conserver hors de portée des enfants Ne pas avaler || Aqua, Propylène Glycol, Gluconolactone, Sodium Benzoate, Calcium Gluconate, Dimethicone, Polysorbate 20, Potassium sorbate, xanthan gum, parfum, prunus amygdalus, dulcis oil, aloe barbadensis gel, sodium sulfite, chamomilla recutita (matricaria), flower extract. || 
0,04€ / Pce || 
1,00 € || 
Lingettes épaisses sans alcool, aux extraits d'amande douce || Le paquet de 72 || Origine : ESPAGNE || Les lingettes épaisses Bout'chou ont été spécialement formulées pour respecter les peaux sensibles. Imprégnées d'un gel nettoyant et rafraîchissant à l'extrait d'amande douce, elles sont idéales pour le change et l'hygiène quotidienne des bébés. Ph neutre. || Soulever l'étiquette de protection. Sortir une lingette. Bien fermer l'étiquette après chaque utilisation, afin de préserver la fraîcheur et l'hygiène des lingettes. Pratique : distribution feuille à feuille.  Usage externe exclusif. Ne pas jeter dans les toilettes Ne pas utiliser sur une peau irritée ou une plaie. Conserver hors de portée des enfants Ne pas avaler || Aqua, propylene glycol, gluconolactone, sodium benzoate, calcium gluconate, dimethicone, polysorbate 20, potassium sorbate, xanthan gum, parfum, prunus amygdalus dulcis oil, aloe barbadensis gel, sodium sulfite, chamomilla recutita (matricaria), flower extract. || 
0,03€ / Pce || 
2,02 € || 
Lingettes épaisses sans alcool pour bébé à l'eau nettoyante, à   l'aloe vera et à l'extrait d'amande douce || Le lot de 2 paquets 144 lingettes || Origine : ESPAGNE || Aqua, peg-40 hydrogenated castor oil, gluconolactone, sodium benzoate, calcium benzoate, calcium gluconate, propylene glycol, glycerin, potassium sorbate, peg-5 ethylhexanoate, trideceth-9, parfum, prunus amygdalus dulcis oil, disodium edta, citric acid, aloe barbadensis gel, sodium sulfite. || 
0,03€ / Pce || 
3,78 € || 
Lingettes épaisses sans alcool pour bébé à l'eau nettoyante, à   l'aloe vera et à l'extrait d'amande douce || Le paquet de 72 lingettes || Origine : ESPAGNE || Les lingettes épaisses Bout'chou ont été spécialement formulées pour respecter les peaux sensibles.Imprégnées d'eau nettoyante enrichie en aloe vera et en extrait d'amande douce, elles hydratent* en douceur et sont idéales pour le change et l'hygiènequotidienne des bébés. Testées sous contrôle dermatologique et ophtalmologiques, pH neutre pour la peau. Pratique : distribution feuille à feuille. *hydratation des couches supérieures de l'épiderme. || Soulever l'étiquette adhésive. Sortir une lingette. Bien refermer l'étiquette après chaque utilisation afin de préserver la fraîcheur et l'hygiène de vos lingettes. Usage externe exclusif. Ne pas jeter dans les toilettes. Ne pas avaler. Ne pas utiliser sur une peau irritée ou une plaie. Conserver hors de la portée des enfants. Ne convient pas aux bébé prématurés. || Aqua, peg-40 hydrogenated castor oil, gluconolactone, sodium benzoate, calcium benzoate, calcium gluconate, propylene glycol, glycerin, potassium sorbate, peg-5 ethylhexanoate, trideceth-9, parfum, prunus amygdalus dulcis oil, disodium edta, citric acid, aloe barbadensis gel, sodium sulfite || 3 mois après ouverture. || 
0,03€ / Pce || 
2,02 € || 
Lingettes fines sans alcool, aux extraits d'amande douce || Le paquet de 100 || Origine : ESPAGNE || Les lingettes fines Bout'chou nettoient et rafraîchissent votre bébé tout au long de la journée. Imprégnées d'une lotion nettoyante et rafraîchissante à l'extrait d'amande douce, elles sont idéales pour le change et l'hygiène quotidienne des bébés. Très pratiques pour le voyage, elles peuvent être utilisées pour toute la famille. || Dégager le couvercle de la boîte. Enlever l'opercule. Repérer la première lingette et l'introduire à travers l'orifice distributeur du couvercle. Remettre le couvercle en place. Pour vous servir, tirer la lingette. Séparer d'un coup sec. La lingettesuivante sera amorcée. Pratique : distribution feuille à feuille  Usage externe exclusif. Ne pas jeter dans les toilettes Ne pas utiliser sur une peau irritée ou une plaie. Conserver hors de la portée des enfants. Ne pas avaler || Aqua, gluconolactone, sodium benzoate, calcium gluconate, peg-40 hydrogenated castor castor oil, peg-75 lanolin, potassium sorbate, peg-5 ethylhexanoate, trideceth-9, parfum, prunus amygdalus dulcis oil, tetrasodium edta. || Bien fermer le couvercle après chaque utilisation, afin de préserver la fraîcheur et l'hygiène des lingettes. || 
0,02€ / Pce || 
1,88 € || 
Lingettes papier toilette || Le paquet de 60 || Origine : ESPAGNE || Les lingettes papier toilette Bout'chou permettent à votre enfant de s'essuyer les fesses tout seul. Elles ont été spécialement formulées pour respecter la peau sensible de votre enfant. Imprégnées d'une lotion au parfum fruité, elles laissent les fesses de votre enfant propres et douces. Vous pouvez les jeter en toute sécurité dans vos toilettes. || Bien fermer l'étiquette après chaque utilisation, afin de préserver la fraîcheur et l'hygiène de vos lingettes. Se jette dans les toilettes. 5 lingettes maximum par chasse d'eau grand débit (6l). Non compatible avec les fosses septiques, les toilettes avec broyeur et installations vétustes. Pratique : distribution feuille à feuille.  Usage externe exclusif. Ne pas utiliser sur une peau irritée ou une plaie. Ne pas avaler || Aqua, propylene glycol, gluconolactone, sodium benzoate, calcium gluconate, dimethicone, polysorbate 20, parfum, potassium sorbate, acrylates / vinyl isodecanoate crosspolymer, peg-5 ethylhexanoate, trideceth-9, disodium edta, sodium hydroxide. || 
0,03€ / Pce || 
1,92 € || 
Lingettes papier toilette || Les 2 paquets de 60 || Origine : ESPAGNE || 
0,03€ / Pce || 
3,85 € || 
Lingettes sans alcool pour bébé, douces et épaisses aux extraits d'amande douce || Les 2 paquets de 72 || Origine : ESPAGNE || aqua, propylene glycol, gluconolactone, sodium benzoate, calcium gluconate, dimethicone, polysorbate 20, potassium sorbate, xanthan gum, parfum, prunus amygdalus dulcis oil, aloe barbadensis gel, sodium sulfite, chamomilla recutita (matricaria) flower extract || 
0,03€ / Pce || 
3,85 € || 
Lingettes sensitives à l'aloe vera pour les peaux sensibles || Le paquet de 64 || Origine : ESPAGNE || Sans parfum et sans alcool, les lingettes épaisses sensitive Bout'chou ont été spécialement formulées pour respecter les peaux sensibles et délicates des bébés. Imprégnées d'un gel à l'aloe vera, elles procurent plus de douceur et sont idéales pour le change et l'hygiène quotidienne des bébés. Ph neutre. || Soulever l'étiquette de protection. Sortir une lingette. Bien fermer l'étiquette après chaque utilisation, afin de préserver la fraîcheur et l'hygiène des lingettes. Pratique : distribution feuille à feuille.  Usage externe exclusif. Ne pas jeter dans les toilettes Ne pas utiliser sur une peau irritée ou une plaie. Conserver hors de portée des enfants Ne pas avaler || Aqua, sodium lauryl glucose carboxylate, lauryl glucoside, sodium chloride, gluconolactone, sodium benzoate, calcium gluconate, hexildecanol, hexyldecyl, laurate, potassium sorbate, xanthan gum, propylene glycol, chamomilla recutita (matricaria), flower extract, aloe barbadensis gel, sodium sulfite || 
0,03€ / Pce || 
2,02 € || 
Lingettes sensitives sans parfum et sans alcool pour bébé || Les 2 paquets de 64 || Origine : ESPAGNE || Aqua, sodium lauryl glucose carboxylate, lauryl glucoside, sodium chloride, gluconolactone, sodium benzoate, calcium gluconate, hexildecanol, hexyldecyl, laurate, potassium sorbate, xanthan gum, propylene glycol, chamomilla recutita (matricaria), flower extract, aloe barbadensis gel, sodium sulfite || 
0,03€ / Pce || 
3,85 € || 
Lingettes bébé & maman à l'eau thermale des Alpes || Le paquet de 76 || Origine : ESPAGNE || Cadum a sélectionné au coeur des Alpes une source thermale dont l'eau, pure et riche est reconnus pour ses vertus. Ces lingettes nettoient en douceur et sans rinçage la peau fragile de votre bébé. || Ne pas jeter dans les toilettes. || Aqua (water)*, peg-40 hydrogenated castor oil, glycerin, sodium benzoate, parfum, polyaminopropyl biguanide, prunus amygdalus dulcis oil, citric acid. *Contient de l'eau thermale. || 3 mois après ouverture. || 
0,05€ / Pce || 
4,05 € || 
Lingettes ultra-douces au lait de toilette, sans rincer || Le paquet de 72 lingettes || Origine : FRANCE || Les lingettes épaisses ultra-douces Mixa bébé ont été spécialement formulées pour respecter la peau délicate des bébés.De tolérance optimale, elles nettoient efficacement et sans rinçage les fesses de bébé. Imprégnées de lait de toilette Mixa bébé, riche en huile d'amande douce et en vitamine E, elles hydratent aussi la peau, la protègent des irritations et lui apportent une infinie douceur. Son parfum douceur est particulièrement adapté à la toilette des bébés et des adultes. || Un système d'ouverture facile qui permet une distribution feuille à feuille. Un couvercle plastique qui garde les lingettes à l'abri de l'air et éviter leur dessèchement. Ne pas avaler. Ne pas laisser à la portée des jeunes enfants sans surveillance.En contact avec les yeux, les rincer immédiatement. Ne pas jeter dans les toilettes. || Aqua/water, glycerin, paraffinum liquidum/mineral oil, carbomer, dimethicone, disodium EDTA, ethylparaben, glyceryl stearate, methylparaben, PEG-100 stearate, phenoxyethanol, prunus amygdalus dulcis oil/sweet almond oil, sodium hydroxide, stearyl alcohol, tocopherol, xanthan gum, parfum/fragrance. (F.I.L. B44104/3). || 3 mois après ouverture. || 
0,06€ / Pce || 
4,01 € || 
Lingettes ultra-fraîches, à l'eau nettoyante, enrichi en glycérine, nettoie, hydrate et rafraîchit les peaux délicates || Le paquet de 72 lingettes || Origine : FRANCE || Les lingettes épaisses ultra-fraîches Mixa Bébé ont été spécialement formulées pour respecter la peau délicate des bébés. Fibres biodégradables.Elles allient en 1 seul geste : la grande efficacité nettoyante d'une eau très pure : de tolérance optimale, les lingettes éliminent parfaitement les salissures, et rafraîchissent la peau de bébé, sans rinçage, le pouvoir hydratant de la glycérine : les lingettes sont très douces, hydratent la peau délicate de bébé, et préviennent du dessèchement. || Ne pas avaler. Ne pas laisser à la portée des jeunes enfants sans surveillance. Ne pas jeter dans les toilettes. Ne jeter pas cette lingette dans la nature. || Aqua/water, PEG-8, glycerin, chlorhexidine digluconate, PEG-60 hydrogenated castor oil, phenoxyethanol, parfum/fragrance. (F.I.L. B44107/1). || 3 mois après ouverture. || 
0,06€ / Pce || 
4,42 € || 
Recharge lingettes , soft&care || Le paquet de 63 lingettes || Origine : FRANCE || Aqua, Paraffinum Liquidum, Glycerin, Panthenol, Sodium Acrylates/C10-30 Alkyl Acrylate Crosspolymer, VP/Hexadecene Copolymer, Ethylhexylglycerin, Phenoxyethanol, Methylisothiazolinone, Parfum. || 
0,05€ / Pce || 
3,01 € || 
Lingettes de toilette || Le paquet de 110 lingettes || Origine : FRANCE || Lingettes Kandoo pour s'essuyer tout seul aux toilettes. Tenir ce sac hors de portée des bébés et enfants pour éviter tout risque d'étouffement. Pour ne pas risquer de boucher vos canalisations, ne pas jeter plus de 5 lingettes à la fois. Ne pas jeter dans des toilettes avec broyeur. || Aqua, peg-40 hydrogenated castor oil, sodium citrate, citric acid, sodium benzoate, xanthan gum, disodium edta, bis-peg/ppg-16/16 peg/ppg-16/16 dimethicone, benzyl alcohol, phenoxyethanol, ethylhexylglycerin, caprylic/capric triglyceride, parfum, hydroxycitronellal, amyl cinnamal. || 3 mois après ouverture. || 
0,05€ / Pce || 
5,78 € || 
Lingettes Freshclean || Les 4 paquet de 64 lingettes || Origine : FRANCE || Offrez à votre bébé un nettoyage propre et frais comme après le bain grâce aux nouvelles lingettes Pampers Fresh Clean et leur nouvelle texture Soft Grip*.                                                                   De plus, elles sont testéesdermatologiquement et sont imprégnées d'une lotion adoucie d'une touche d'aloé.                                         Pour une toilette rafraîchissante à chaque change, essayez les lingettes Pampers Fresh Clean. || Pour éviter tout danger de suffocation et/ou d'étranglement, garder hors de portée des bébés et des enfants tous les éléments de l'emballage. || EAU, ACIDE CITRIQUE, HUILE DE RICIN HYDROGÉNÉE ÉTHOXYLÉE, ALCOOL BENZYLIQUE, CITRATE DE SODIUM, PHÉNOXYÉTHANOL, GOMME XANTHAN, BENZOATE DE SODIUM, EDTA DISODIQUE, BIS-PEG/PPG-16/16 PEG/PPG-16/16 DIMÉTHICONE, PARFUM, ÉTHYLHEXYLGLYCÉRINE, PENTADECALACTONE, TRIGLYCÉRIDE CAPRYLIQUE/CAPRIQUE, MALTODEXTRINE, JUS DE FEUILLE D'ALOE BARBADENSIS, TOCOPHÉROL || 
0,03€ / Pce || 
7,87 € || 
Lingettes Fresh clean || Le paquet de 64 lingettes || Origine : ALLEMAGNE || Offrez à votre bébé un nettoyage propre et frais comme après le bain grâce aux nouvelles lingettes Pampers Fresh Clean et leur nouvelle texture Soft Grip.                                                                    De plus, elles sont testéesdermatologiquement et sont imprégnées d'une lotion adoucie d'une touche d'aloé.                                         Pour une toilette rafraîchissante à chaque change, essayez les lingettes Pampers Fresh Clean. || Pour éviter tout danger de suffocation et/ou d'étranglement, garder hors de portée des bébés et des enfants tous les éléments de l'emballage. || EAU, ACIDE CITRIQUE, HUILE DE RICIN HYDROGÉNÉE ÉTHOXYLÉE, ALCOOL BENZYLIQUE, CITRATE DE SODIUM, PHÉNOXYÉTHANOL, GOMME XANTHAN, BENZOATE DE SODIUM, EDTA DISODIQUE, BIS-PEG/PPG-16/16 PEG/PPG-16/16 DIMÉTHICONE, PARFUM, ÉTHYLHEXYLGLYCÉRINE, PENTADECALACTONE, TRIGLYCÉRIDE CAPRYLIQUE/CAPRIQUE, MALTODEXTRINE, JUS DE FEUILE D'ALOE BARBADENSIS, TOCOPHÉROL. || 
0,04€ / Pce || ##
Lingettes Fresh clean || Le paquet de 64 lingettes || Origine : ALLEMAGNE || Offrez à votre bébé un nettoyage propre et frais comme après le bain grâce aux nouvelles lingettes Pampers Fresh Clean et leur nouvelle texture Soft Grip.                                                                    De plus, elles sont testéesdermatologiquement et sont imprégnées d'une lotion adoucie d'une touche d'aloé.                                         Pour une toilette rafraîchissante à chaque change, essayez les lingettes Pampers Fresh Clean. || Pour éviter tout danger de suffocation et/ou d'étranglement, garder hors de portée des bébés et des enfants tous les éléments de l'emballage. || EAU, ACIDE CITRIQUE, HUILE DE RICIN HYDROGÉNÉE ÉTHOXYLÉE, ALCOOL BENZYLIQUE, CITRATE DE SODIUM, PHÉNOXYÉTHANOL, GOMME XANTHAN, BENZOATE DE SODIUM, EDTA DISODIQUE, BIS-PEG/PPG-16/16 PEG/PPG-16/16 DIMÉTHICONE, PARFUM, ÉTHYLHEXYLGLYCÉRINE, PENTADECALACTONE, TRIGLYCÉRIDE CAPRYLIQUE/CAPRIQUE, MALTODEXTRINE, JUS DE FEUILE D'ALOE BARBADENSIS, TOCOPHÉROL. || 
0,04€ / Pce || ##
Lingettes Sensitive || Le paquet de 56 lingettes || Origine : ALLEMAGNE || 
0,05€ / Pce || ##
Lingettes Sensitive || Le paquet de 56 lingettes || Origine : ALLEMAGNE || 
0,05€ / Pce || ##
Lingettes Sensitive || Les 3 paquet de 56 lingettes || Origine : FRANCE || Changer votre bébé peut devenir l'un des moments les plus complices de la journée.                                                                  C'est pourquoi les lingettes Pampers Sensitive sont désormais dotées de la texture unique Soft Grip, une lingette plus efficace pour une toilette plus douce*.                                                                Testées dermatologiquement et sans parfum, leur douceur a été prouvée cliniquement.L'emballage, doté d'un système de distribution facile avec fermeture retenant l'humidité, vous permettra de rendre le moment du change encore plus agréable. De plus, les lingettes Pampers Sensitive sont maintenant 15 % plus épaisses*et habillées d'un motif ultra-doux. Offrez à votre bébé une toilette sur le thème de la douceur grâce aux lingettes Pampers Sensitive.  *Comparé aux anciennes lingettes Pampers Sensitive. || Pour éviter tout danger de suffocation et/ou d'étranglement, garder hors de portée des bébés et des enfants tous les éléments de l'emballage. || EAU, ACIDE CITRIQUE, HUILE DE RICIN HYDROGÉNÉE ÉTHOXYLÉE, ALCOOL BENZYLIQUE, CITRATE DE SODIUM, PHÉNOXYÉTHANOL, BENZOATE DE SODIUM, GOMME XANTHAN, EDTA DISODIQUE, BIS-PEG/PPG-16/16 PEG/PPG-16/16 DIMÉTHICONE, ÉTHYLHEXYLGLYCÉRINE, PENTADECALACTONE, DIPROPYLÈNE GLYCOL,TRIGLYCÉRIDE CAPRYLIQUE/CAPRIQUE, JUS DE FEUILLE D'ALOE BARBADENSIS, MALTODEXTRINE, BISABOLOL, EXTRAIT DE FLEURS DE CHAMOMILLA RECUTITA (MATRICARIA), TOCOPHÉROL || 
0,05€ / Pce || 
7,97 € || 
Lingettes sensitive new baby || Le paquet de 150 lingettes || Origine : FRANCE || 
0,06€ / Pce || ##
Lingettes sensitive new baby || Le paquet de 150 lingettes || Origine : FRANCE || 
0,06€ / Pce || ##
Bâtonnets souples, embouts sécurité 100% coton || La boîte de 50 || Origine : FRANCE || 
0,02€ / Pce || 
0,91 € || 
Maxi-rectangles de coton pour bébé, extra doux || Le paquet de 80 || Origine : FRANCE || Les maxi-rectangles bébé Bout'chou ont été spécialement conçus pour la toilette et le soin de la peau de bébé. Leur grande taille permet une bonne prise en main. || 100% coton. || 
0,03€ / Pce || 
2,43 € || 
Maxi-rectangles doux double face pour bébé                       100% coton bio || Le sachet de 60 rectangles || Origine : PAYS-BAS || 
0,05€ / Pce || 
2,93 € || 
Maxi-rectangles doux double face pour bébé                       100% coton bio || Le sachet de 60 rectangles || Origine : PAYS-BAS || 
0,05€ / Pce || 
2,93 € || 
Coton bébé Original || Le paquet de 75 || Origine : FRANCE || 
0,04€ / Pce || 
3,34 € || 
Talc de toilette pour les peaux délicates || La boîte de 300g || Origine : FRANCE || Propriétés : spécialement adapté à la toilette quotidienne des bébés et des peaux délicates, le talc de toilette Cadum prévient les risques de rougeurs et d'irritations, grâce à son fort pouvoir d'absorption. Sa poudre fine protège et adoucit la peau. Le talc de toilette Cadum laisse la peau douce, saine et souple. || Mode d'emploi : poudrer abondamment sur une peau propre et sèche. Eviter le nez, la bouche et les yeux. || Talc, parfum, benzyl salicylate, limonene, alpha-isomethyl ionone, linalool, cinnamyl alcohol, hydroxyisohexyl 3-cyclohexene carboxaldehyde, isoeugenol, triclosan. || 
9,30€ / Kg || 
2,79 € || 
Gel sans savon corps et cheveux || Le flacon pompe de 750ml || Origine : FRANCE || Bébé Cadum, a mis tout son savoir-faire dans ce gel corps et cheveux sans savon à l'huile d'amandes douces bio, pour nettoyer en douceur la peau fragile de bébé et maman.Ne pique pas les yeux. || Valeur énergétique en Joules :  0 || Valeur énergétique en Kcal : 0 || Glucides : 0 || Lipides : 0 || Protides :0 || Aqua (water), glycerin, cocamidopropyl betaine, sodium laureth sulfate, sodium laureth-8 sulfate, coco-glucoside, peg-200 hydrogenated glyceryl palmate, parfum (fragrance), magnesium laureth sulfate, magnesium laureth-8 sulfate, sodium oleth sulfate,sodium chloride, peg-40 hydrogenated castor oil, sodium benzoate, peg-7 glyceryl cocoate, potassium sorbate, magnesium oleth sulfate, polyquaternium-10, citric acid, prunus amygdalus dulcis (sweet almond) oil, sodium acetate, isopropyl alcohol, Cl19140 (acid yellow 23), Cl17200 (d&c red n°33). *Ingrédient issu de l'agriculture biologique. Sans savon. Sans paraben, EDTA, BHT, DMDM, phénoxyéthanol. Contre les tests sur les animaux. || 12 mois après ouverture. || 
7,99€ / L || 
5,99 € || 
Gel corps et cheveux 2 en 1 à l'hydra-bléïne, sans savon || Le flacon-pompe de 750ml || Origine : FRANCE || Le gel corps et cheveux 2 en 1 Biolane nettoie en un seul geste la peau fragile et les cheveux fins de bébé. Garantie sans savon, sa base lavante très douce nettoie sans dessécher et préserve l'équilibre naturel cutané. Testé sous contrôle dermatologique et formulé à pH lacrymal, ce gel très doux ne pique pas les yeux. || Appliquer une noisette de gel sur la peau et le cuir chevelu mouillés au préalable, faire mousser, rincer abondamment puis sécher en tamponnant chaque pli et repli. || Aqua, sodium cocoamphoacetate, peg-200 hydrogenated glyceryl palmate, decyl glucoside, peg-40 glyceryl cocoate, peg-7 glyceryl cocoate, peg-120 methyl glucose dioleate, cocodimonium hydroxypropyl hydrolyzed wheat protein, sorbitol, sodium coceth sulfate, citric acid, parfum, edta tetrasodium, methylchloroisothiazolinone/methylisothiazolinone, butylphenyl methylpropional, hexyl cinnamal, hydroxyisohexyl 3-cyclohexene carboxaldehyde, limonene; linalool. || 
11,57€ / L || 
8,68 € || 
Gel lavant surgras sans paraben || Le flacon de 750 ml || Origine : FRANCE || Le gel lavant surgras Biolane est recommandé pour nettoyer en toute sécurité le corps et le cuir chevelu du nourrisson. Sa texture crème enrichie d'un agent surgraissant nourrit la peau en douceur et apporte tous les plaisirs du nettoyage à l'eau sans ses effets desséchants. || S'utilise pour le bain quotidien pour le corps et les cheveux (1 à 2 pressions). Appliquer sur une peau bien mouillée, faire mousser, rincer abondamment puis sécher soigneusement en tamponnant chaque pli et repli. Limiter le bain à 2 ou 3 minutes chez le nouveau-né pour prévenir la sécheresse cutanée. || Aqua, sodium cocoamphoacetate, peg-40 glyceryl cocoate, glycol distearate, peg-7 glyceryl cocoate, peg-120 methyl glucose dioleate, decyl glucoside, sodium coceth sulfate, coco glucoside, glyceryl oleate, citric acid, sorbitol, parfum, cocodimonium hydroxypropyl hydrolyzed wheat protein, caprylyl glycol, magnesium citrate, tocopherol, methylchloroisothiazolinone hydrogenated palm glycerides citrate, methylisothiazolinone, magnesium chloride, butylphenyl methylpropional, hexyl cinnamal, hydroxyisohexyl 3-cyclohexene carboxaldehyde, limonene, linalool. Sans paraben. || 6 mois après ouverture. A conserver à une température comprise entre 15 et 25°C. || 
10,68€ / L || 
8,01 € || 
Gel lavant corps et cheveux, aux extraits d'amande douce || Le flacon de 250ml || Origine : FRANCE || Le gel lavant corps et cheveux bout'chou a été spécialement conçu pour la toilette quotidienne des bébés. Enrichie en extraits d'amande douce et sans savon, sa formule respecte les peaux délicates. Il laisse la peau douce el hydratée* el rend les cheveux doux el brillants. Testé sous contrôle dermatologique et ophtalmologique. *hydratation des couches supérieures de l'épiderme. || Précautions d'emploi : en cas de contact avec les yeux, laver immédiatement et abondamment avec de l'eau. Conseils d'utilisation : mouillez les cheveux et le corps. Appliquez une dose de gel lavant faites mousser sur le corps et les cheveux. Rincez et séchez soigneusement sans oublier les petits plis de la peau. || Aqua, sodium laureth sulfate, cocamidopropyl betaine, decyl glucoside, PEG-150 distearate, PEG-7 glyceryl cocoate, glycerin, DMDM hydantoin, prunus amygdalus dulcis extract, panthenol, polysorbate 20, PEG-25 hydrogenated castor oil, propylene glycol,citric acid, sodium chloride, phenoxyethanol parfum. || 
7,60€ / L || 
1,90 € || 
Gel lavant corps et cheveux, sans savon, aux extraits d'amande douce || Le flacon-pompe de 500ml || Origine : FRANCE || Le gel lavant corps et cheveux Bout' chou a été spécialement conçu pour la toilette quotidienne des bébés. Enrichie en extraits d'amande douce et sans savon, sa formulerespecte les peaux délicates. Il laisse la peau douce et hydratée* et rend les cheveux doux et brillants. Testé sous contrôle dermatologique et ophtalmologique. *hydratation des couches supérieures de l'épiderme. || Grâce à la pompe distributrice, vous pouvez doser correctement le gel : 1 pression = 1 dose. Tournez vers la gauche pour ouvrir la pompe. Lors de la première utilisation, pompez plusieurs fois afin d'amorcer le gel. Puis tournez vers la droite pour refermer la pompe. Conseils d'Utilisation : Mouillez les cheveux et le corps. Appliquez une dose de Gel lavant. Faites mousser sur le corps et les cheveux. Rincez et séchez soigneusement sans oublier les petits plis de la peau. Précautions d'emploi :En cas de contact avec les yeux, laver immédiatement et abondamment avec de l'eau. || aqua, sodium laureth sulfate, cocamidopropyl betaine, decyl glucoside, peg-150 distearate, peg-7 glyceryl cocoate, glycerin, dmdm hydantoin, prunus amygdalus dulcis extract, panthenol, polysorbate 20, peg-25 hydrogenated castor oil, propylene glycol,citric acid, sodium chloride, phenoxyethanol, parfum. || 
6,50€ / L || 
3,25 € || 
Gel corps et cheveux bio, peaux et cheveux délicats || Le flacon de 250ml || Origine : FRANCE || Ce gel lavant certifié Bio contient 99% d'ingrédients d'origine naturelle. Très respectueux, il est enrichi en aloé vera Bio connu pour sa douceur et ses vertus apaisantes. Ne pique pas les yeux.Résultat : la peau et les cheveux de bébé sont doux ethydratés. Parfum doux et léger 100% d'origine naturelle. Découvrez le Gel Corps et Cheveux Mixa bébé Bio : toute l'expertise de Mixa bébé en version Bio Hypoallergénique. || Ne pas avaler. Ne pas laisser à la portée de jeunes enfants sans surveillance. En cas de contact ou de projection dans les yeux les rincer immédiatement. || Aqua/water, sucrose*, glycerin, coco betaine, disodium cocoyl, glutamate, potassium sorbate, sorbitol, aloe barbadensis/aloe barbadensis leaf juice*, parfum/fragrance, sodium chloride, sodium cocoyl glutamate, sodium benzoate, sodium hydroxide, cyamopsis tetragonolobus gum/guar gum, citric acid, xanthan gum (F.I.L C47375/1). *Ingrédients issus de l'agriculture biologique. Sans savon. Sans paraben. Sans alcool. || 6 mois après ouverture. || 
22,92€ / L || 
5,73 € || 
Gel corps et cheveux bio, peaux et cheveux délicats || Le flacon de 250ml || Origine : FRANCE || Ce gel lavant certifié Bio contient 99% d'ingrédients d'origine naturelle. Très respectueux, il est enrichi en aloé vera Bio connu pour sa douceur et ses vertus apaisantes. Ne pique pas les yeux.Résultat : la peau et les cheveux de bébé sont doux ethydratés. Parfum doux et léger 100% d'origine naturelle. Découvrez le Gel Corps et Cheveux Mixa bébé Bio : toute l'expertise de Mixa bébé en version Bio Hypoallergénique. || Ne pas avaler. Ne pas laisser à la portée de jeunes enfants sans surveillance. En cas de contact ou de projection dans les yeux les rincer immédiatement. || Aqua/water, sucrose*, glycerin, coco betaine, disodium cocoyl, glutamate, potassium sorbate, sorbitol, aloe barbadensis/aloe barbadensis leaf juice*, parfum/fragrance, sodium chloride, sodium cocoyl glutamate, sodium benzoate, sodium hydroxide, cyamopsis tetragonolobus gum/guar gum, citric acid, xanthan gum (F.I.L C47375/1). *Ingrédients issus de l'agriculture biologique. Sans savon. Sans paraben. Sans alcool. || 6 mois après ouverture. || 
22,92€ / L || 
5,73 € || 
Gel très doux 2 en 1, pour corps et cheveux || Le flacon-pompe de 250ml || Origine : FRANCE || Le gel très doux corps et cheveux Mixa Bébé a été spécialement formulé pour la toilette quotidienne des bébés et des peaux délicates.Sa base lavante sans savon très douce nettoie en un seul geste les cheveux, le visage et le corps. Enrichi en huile d'amande douce (nourrissante, protectrice et adoucissante), il préserve la barrière protectrice de la peau. Résultat : votre bébé est parfaitement nettoyé, sa peau est douce et hydratée et ses cheveux sont soyeux. Son pH est neutre pour la peau et ilne pique pas les yeux. || Ne pas avaler. Ne pas laisser à la portée des jeunes enfants sans surveillance. En cas de projection dans les yeux, les rincer immédiatement. || Aqua/water,  sodium laureth sulfate, peg-200 hydrogenated glyceryl palmate, glycerin, coco-betaine, polysorbate 20, peg-7 glyceryl cocoate, sodium chloride, peg-60 hydrogenated castor oil, ppg-5 ceteth-20, cocamide mea, parfum/fragrance, sodium benzoate, prunus amygdalus dulcis oil/sweet almond oil, polyquaternium-10. (F.I.L. C27590/1). || 6 mois après ouverture. || 
18,08€ / L || 
4,52 € || 
Gel lavant douceur corps & cheveux, sans paraben, hypoallergénique || La pompe de 750ml || Origine : ALLEMAGNE || 2en1 : nettoie en douceur et en un seul geste la peau délicate et les cheveux fins de bébé. Spécialement formulé pour les yeux sensibles de bébé. Sa base lavante extra douce et sans savon se rince facilement. Sa formule au Calendula prévient la peaudu dessèchement. Elle laisse la peau de bébé douce et ses cheveux soyeux. || Verser une dose de gel dans le creux de la main et masser le corps et le cuir chevelu de bébé pour faire mousser. Rincer soigneusement. || Aqua, decyl glucoside, sodium myreth sulfate, peg-200 hydrogenated  glyceryl palmate, cocamidopropyl betaine, calendula officinalis flower extract, glycerin, sodium chloride, citric acid, polyquaternium-10, glucose, sodium benzoate, parfum. 0% paraben, alcool, colorant, savon. || 12 mois après ouverture. || 
9,68€ / L || 
7,26 € || 
Shampooing doux pour bébé, aux extraits d'amande douce || Le flacon de 250ml || Origine : FRANCE || Le shampooing très doux Bout'chou a été spécialement conçu pour la toilette quotidienne des bébés. Enrichi en extraits d'amande douce, il lave parfaitement tout en respectant les cheveux délicats et les cuirs chevelus fragiles. Il se rince facilement. Il apporte douceur et brillance aux cheveux. Testé sous contrôle dermatologique et ophtalmologique. || Appliquez sur cheveux mouillés. Massez légèrement pour faire mousser. Rincez soigneusement. Précautions d'emploi : En cas de contact avec les yeux, laver immédiatement et abondamment avec de l'eau. || aqua, sodium laureth sulfate, decyl glucoside, COCAMIDOPROPYL BETAINE, PEG-150 DISTEARATE, PEG-7 GLYCERYL COCOATE, GLYCERIN, POLYSORBATE 20, DIMETHICONE COPOLYOL DMDM HYDANTOIN, PRUNUS AMYGDALUS DULCIS EXTRACT, PANTHENOL CITRIC ACID, SODIUM CHLORIDE,PHENOXYETHANOL PARFUM, Cl 14700, Cl 47005. || 
7,52€ / L || 
1,88 € || 
Shampooing bio, Cheveux fragiles || Le flacon de 250ml || Origine : FRANCE || Délicats et naturellement fragiles, les cheveux de bébé réclament le plus grand respect. Découvrez le shampooing Mixa Bébé Bio : toute l'expertise de Mixa Bébé en version bio et hypoallergénique.Les cheveux de bébé sont brillants de santé et incroyablement doux. Ne pique pas les yeux. || Ne pas laisser à la portée des jeunes enfants sans surveillance. En cas de contact avec les yeux, rincer immédiatement. Attention ne pas avaler. || Aqua/water, sucrose*, disodium cocoamphodiacetate, decyl glucoside, glycerin, disodium cocoyl glutamate, sodium chloride,* aloe barbadensis/aloe barbadensis leaf juice, sodium glycolate, sodium benzoate, sodium cocoyl glutamate, salicylic acid, chondrus crispus (carrageenan), citric acid, xanthan gum, parfum/fragrance. (F.I.L. C47322/2). 99% du total des ingrédients sont dorigine naturelle. 20% du total des ingrédients sont issus de lagriculture biologique. Sans paraben.* ingrédients issus del'agriculture biologique. || 6 mois après ouverture. || 
20,52€ / L || 
5,13 € || 
Shampooing bio, Cheveux fragiles || Le flacon de 250ml || Origine : FRANCE || Délicats et naturellement fragiles, les cheveux de bébé réclament le plus grand respect. Découvrez le shampooing Mixa Bébé Bio : toute l'expertise de Mixa Bébé en version bio et hypoallergénique.Les cheveux de bébé sont brillants de santé et incroyablement doux. Ne pique pas les yeux. || Ne pas laisser à la portée des jeunes enfants sans surveillance. En cas de contact avec les yeux, rincer immédiatement. Attention ne pas avaler. || Aqua/water, sucrose*, disodium cocoamphodiacetate, decyl glucoside, glycerin, disodium cocoyl glutamate, sodium chloride,* aloe barbadensis/aloe barbadensis leaf juice, sodium glycolate, sodium benzoate, sodium cocoyl glutamate, salicylic acid, chondrus crispus (carrageenan), citric acid, xanthan gum, parfum/fragrance. (F.I.L. C47322/2). 99% du total des ingrédients sont dorigine naturelle. 20% du total des ingrédients sont issus de lagriculture biologique. Sans paraben.* ingrédients issus del'agriculture biologique. || 6 mois après ouverture. || 
20,52€ / L || 
5,13 € || 
Shampooing très doux || La bouteille de 250ml || Origine : FRANCE || Le shampooing Mixa bébé est à la fois d'une très grande douceur pour les cheveux fragiles et particulièrement adapté aux lavages fréquents des cheveux d'adultes. Il lave parfaitement tous les types de cheveux tout en maintenant l'équilibre naturel dela fibre capillaire. Sa mousse très onctueuse se rince facilement et rend son utilisation très agréable. Sa formule enrichie en agents adoucissants facilite le démêlage des cheveux difficiles à coiffer. Vos cheveux retrouvent ainsi toute leur douceur, leur souplesse et leur brillance. Ils sont éclatants de santé. Le shampooing Mixa bébé ne pique pas les yeux et n'irrite pas le cuir chevelu. Il est testé sous contrôle dermatologique et ophtalmologique. || AQUA / WATER, SODIUM LAURETH SULFATE, PEG-200 HYDROGENATED GLYCERYL PALMATE, DISODIUM COCOAMPHODIACETATE, POLYSORBATE 20, DISODIUM LAURETH SULFOSUCCINATE, SODIUM CHLORIDE, PEG-7 GLYCERYL COCOATE, PEG-30 GLYCERYL COCOATE, HEXYLENE GLYCOL, CI 47005 / ACID YELLOW 3, LINALOOL, CARAMEL, ALPHA-ISOMETHYL IONONE, SODIUM BENZOATE, SODIUM METHYLPARABEN, SALICYLIC ACID, SODIUM HYDROXIDE, LIMONENE, CITRIC ACID, POLYQUATERNIUM-10, ETHYLPARABEN, PARFUM / FRAGRANCE || 
11,16€ / L || 
2,79 € || 
Shampooing très doux hypoallergénique || La bouteille de 250ml || Origine : FRANCE || Le shampooing Mixa Bébé est à la fois d'une très grande douceur pour les cheveux fragiles et particulièrement adapté aux lavages fréquents des cheveux d'adultes. Il lave parfaitement tous les types de cheveux tout en maintenant l'équilibre naturel dela fibre capillaire. Sa mousse très onctueuse se rince facilement et rend son utilisation très agréable. Sa formule enrichie en agents adoucissants facilite le démêlage des cheveux difficiles à coiffer. Vos cheveux retrouvent ainsi toute leur douceur, leur souplesse et leur brillance. Ils sont éclatants de santé. Le shampooing Mixa bébé ne pique pas les yeux et est doux pour le cuir chevelu. Testé sous contrôle dermatologique et ophtalmologique, il est également hypoallergénique, c'est-à-dire formulé pour minimiser les risques d'allergies. || AQUA / WATER, SODIUM LAURETH SULFATE, PEG-200 HYDROGENATED GLYCERYL PALMATE, COCO-BETAINE, PEG-7 GLYCERYL COCOATE, CI 47005 / ACID YELLOW 3, CARAMEL, SODIUM CHLORIDE, SODIUM BENZOATE, SODIUM METHYLPARABEN, SALICYLIC ACID, POLYSORBATE 20, HEXYLENE GLYCOL, ETHYLPARABEN, POLYQUATERNIUM-10, PARFUM / FRAGRANCE. || 
10,92€ / L || 
2,73 € || 
Eau nettoyante à l'huile d'amande douce || Le flacon-pompe de 750ml || Origine : FRANCE || Bébé Cadum a mis tout son savoir-faire dans cette eau nettoyante à l'huile d'amandes douces bio, pour nettoyer en douceur, la peau fragile du siège et du corps de bébé.Sa formule hypoallergénique* testée cliniquement, est si douce qu'elle convient même aux peaux délicates des nourrissons et au démaquillage des mamans. *Formulée pour minimiser les risques d'allergies. || Appliquer à l'aide d'un coton, inutile de rincer. || Aqua, peg-6 caprylic/capric glycerides, propylene glycol, sodium benzoate, peg-40 hydrogenated castor oil, parfum, citric acid, prunus amygdalus dulcis (sweet almond) oil*, glycerin, potassium hydroxide, tetrasodium glutamate diacetate. * Ingrédientissu de l'agriculture biologique. Sans paraben, sans edta, sans bht, sans dmdm, sans phénoxyéthanol. Contre les tests sur les animaux. || 12 mois après ouverture. || 
8,73€ / L || 
6,55 € || 
Eau de toilette fraîcheur, sans alcool || Le spray de 200ml || Origine : FRANCE || L'eau de toilette Fraîcheur Biolane a été spécialement formulée pour compléter agréablement la toilette et rafraîchir votre bébé à tout moment de la journée.Testée sous contrôle dermatologique, formulée sans alcool et à pH physiologique, elle préserve l'équilibre naturel cutané et peut s'utiliser en toute sécurité chez le nouveau-né. Riche en vitamine B5, elle permet d'adoucir et d'assouplir l'épiderme. Son parfum doux et agréable fait de la toilette de votre bébé un moment unique de fraîcheur et de plaisir. || La toilette terminée, appliquer l'Eau De Toilette Fraîcheur Biolane en frictions légères sur tout le corps et le cuir chevelu, ou vaporiser sur les vêtements et le linge de bébé. Ne pas vaporiser sur le visage || Aqua, PEG-60 hydrogenated castor oil, laureth-11, panthenol, sorbic acid, parfum, edta tetrasodium, sodium hydroxide, phenoxyethanol, methylparaben, ethylparaben, propylparaben, butylparaben, Cl16255, alpha isomethyl ionone, butylphenyl methylpropional, cinnamyl alcohol, citral, citronellol, coumarin, eugenol, geraniol, hexyl cinnamal, hydroxycitronellal, hydroxyisohexyl 3-cyclohexene carboxaldehyde, limonene, linalool. || 
22,80€ / L || 
4,56 € || 
Eau pure H2O, nettoyant sans rinçage pour le visage et le corps || Le flacon-pompe de 750ml || Origine : FRANCE || L'Eau Pure H2O Biolane permet de nettoyer parfaitement et sans rincer le visage, le corps et le siège de bébé.Ne se rince pas : cette nouvelle forme galénique permet de nettoyer sans rincer et d'éviter ainsi l'action desséchante du nettoyage à l'eau.Le geste hydratant : avec l'hydra-bléïne, l'action des lipides et des protéines de blé permet de limiter la perte en eau (déshydratation) et de surgraisser l'épiderme. Chaque jour, l'Eau Pure H2O Biolane permet en un seul geste de nettoyer et d'hydrater l'épiderme. || Appliquer chaque jour à l'aide d'un coton sur le visage, le corps et le siège de bébé. Changer de coton à chaque application. Ne pas rincer. Ultra pratique, la pompe doseuse : elle se déverrouille par un simple quart de tour et délivre la quantité nécessaire de produit. Ne pas avaler. || Aqua, peg-40 hydrogenated castor oil, methyl propanediol, glycerin, peg-40 glyceryl cocoate, sodium coceth sulfate, cocodimonium hydroxypropyl hydrolyzed wheat protein, parfum, tetrasodium edta, citric acid, polyaminopropyl biguanide, caprylyl glycol, alpha-isomethyl ionone, butylphenyl methylpropional, citral, citronellol, eugenol, hexyl cinnamal, hydroxycitronellal, hydroxyisohexyl 3-cyclohexene carboxaldehyde, limonene, linalool. Sans savon. Sans paraben. || A conserver à une température comprise entre 15 et 25°C. || 
10,63€ / L || 
7,97 € || 
Lait de toilette à l'huile de germe de blé, sans paraben || Le flacon-pompe de 750ml || Origine : FRANCE || Le Lait de toilette Douceur Biolane est une émulsion adoucissante spécialement conçue pour nettoyer le visage, le corps et le siège de bébé.Sa formule d'une extrême douceur ne nécessite pas de rinçage et ne laisse pas de film gras sur la peau. Garantie sans paraben, sa base lavante douce formulée à pH physiologique préserve l'équilibre naturel cutané. Testé sous contrôle dermatologique et riche en substances adoucissantes (huile de germe de blé riche en vitamine E), il surgraisse en renforçant le film hydrolipidique, protecteur de l'épiderme. Ultra pratique, la pompe doseuse : elle se déverrouille par un simple quart de tour et délivre la quantité nécessaire de produit. || S'utilise pour la toilette quotidienne et à chaque change, pour nettoyer le visage, le corps et le siège de bébé. Appliquer le lait à l'aide d'un coton pour éliminer toutes les impuretés. Renouveler l'application jusqu'à l'obtention d'un coton propre. Ne nécessite pas de rinçage. || Aqua, paraffinum liquidum, peg-6 stearate, petrolatum, ceteth-20, steareth-20, stearic acid, carbomer, parfum, triticum vulgare (wheat) germ oil, chlorhexidine digluconate,  sodium hydroxide, methylisothiazolinone, butylphenyl methylpropional, eugenol, hexyl cinnamal, hydroxycitronellal, hydroxyisohexyl 3-cyclohexene carboxaldehyde, limonene, linalool. Formulé sans paraben. || A conserver à une température comprise entre 15 et 25°C. || 
10,13€ / L || 
7,60 € || 
Liniment oléo-calcaire, sans paraben || Le flacon de 300 ml || Origine : FRANCE || Hypoallergénique et testé sous contrôle dermatologique, le liniment Oleo Calcaire Biolane est spécifiquement formulé pour nettoyer et protéger en un seul geste l'épiderme fessier de bébé. Sa formule à 99% d'origine naturelle, à base d'huile d'olive nourrit l'épiderme fessier au quotidien. Elle contribue à prévenir les rougeurs et irritations en laissant un film protecteur contre les agressions extérieures irritantes (urines, selles, frottement des couches ). || Bien agiter avant emploi. Appliquer à chaque change à l'aide d'un coton. Ne nécessite pas de rinçage. Convient également aux peaux à tendance atopique. || Aqua, olea europaea fruit oil, polyglyceryl-4 diisostearate/polyhydroxystearate/sebacate, cera alba, gluconolactone, sodium benzoate, tocopherol, calcium hydroxide, calcium gluconate. Formulé sans paraben. || 6 mois après ouverture. A conserver à une température comprise entre 15 et 25°C. || 
22,30€ / L || 
6,69 € || 
Eau nettoyante pour bébé || Le flacon de 100ml || Origine : FRANCE || Nettoie et hydrate sans rinçage. || 
13,20€ / L || 
1,32 € || 
Eau nettoyante pour bébé, peaux délicates || Le flacon de 750ml || Origine : FRANCE || Enrichie en glycérine et formulée pour minimiser les risques d'allergies, l'eau nettoyante Bout'Chou nettoie et hydrate en douceur la peau délicate de votre bébé au quotidien. Formulée sans alcool et sans colorant, elle préserve la barrière protectrice de la peau de votre bébé. Convient à la toilette du visage, du corps, et pour le change. Laisse la peau de votre bébé rafraîchie, propre, douce et hydratée. Sans rinçage. || 
5,40€ / L || 
4,05 € || 
Lait de toilette douceur pour bébé || Le flacon de 750ml || Origine : FRANCE || Enrichi à l'extrait de fleur de coton et formulé pour minimiser les risques d'allergies, le lait de toilette Bout'Chou nettoie et hydrate en douceur la peau délicate de votre bébé au quotidien. Formulé sans colorant, il respecte le pH physiologique et laisse la peau de votre bébé souple et douce. Formulé pour un usage quotidien, sa texture fluide permet une toilette en douceur et ne nécessite pas de rinçage. || 
5,37€ / L || 
4,03 € || 
Lait de toilette hydratant pour peaux délicates, aux extraits d'amande douce || Le flacon de 250ml || Origine : FRANCE || Le lait de toilette Bout'chou a été conçu pour la toilette quotidienne des bébés. Enrichi en extraits d'amande douce et formulé pour minimiser les risques d'irritation, il nettoie en douceur et respecte les peaux fragiles des bébés grâce à ses agentsfilmogènes. Mieux hydratée, la peau de votre bébé reste souple et douce. Son pH neutre permet une toilette tout en douceur. || A l'aide d'un coton imprégné de lait, nettoyez soigneusement la peau de bébé lors du change ou de la toilette. Eliminez l'excédent avec l'eau pour la toilette Bout'chou ou bien avec un deuxième colon. Séchez soigneusement sans oublier les petits plisde la peau. || Aqua, paraffinum liquidum, glycerin, prunus armeniaca kernel oil, prunus amygdalus dulcis oil, PEG-8 distearate, steareth-2, steareth-21, hydroxypropyl guar, carbomer, sodium hydroxide, cetyl alcohol, prunus amygdalus dulcis extract, imidazolidinyl urea, phenoxyethanol, methylparaben, ethylparaben, propylparaben, butylparaben, isobutylparaben, parfum. || 
7,52€ / L || 
1,88 € || 
Lait de toilette hydratant pour peaux délicates, aux extraits d'amande douce || Le flacon-pompe de 500ml || Origine : FRANCE || Le lait de toilette Bout'chou a été conçu pour la toilette quotidienne des bébés. Enrichi en extraits d'amande douce et formulé pour minimiser les risques d'irritation, il nettoie en douceur et respecte les peaux fragiles des bébés grâce à ses agentsfilmogènes. Mieux hydratée*, la peau de votre bébé reste souple et douce. Son pH neutre permet une toilette tout en douceur. Testé sous contrôle dermatologique. *hydratation des couches supérieures de l'épiderme. || Grâce à la pompe distributrice, vous pouvez doser cor rectement le lait : 1 pression = 1 dose. Tournez vers la gauche pour ouvrir la pompe. Lors de la première utilisation pompez plusieurs fois afin d'amorcer le lait. Puis tournez vers la droite pourrefermer la pompe. Conseils d'Utilisation : A l'aide d'un coton imprégné de lait, nettoyez soigneusement la peau de bébé lors du change ou de la toilette. Eliminez l'excédent avec l'Eau pour la toilette Bouf chou ou bien avec un deuxième coton. Séchez soigneusement sans oublier les petits plis de la peau. || aqua, paraffinum liquidum, glycerin, PRUNUS ARMENIACA KERNEL OIL, PRUNUS AMYGDALUS DULCIS OIL, PEG-8 DISTEARATE, STEARETH-2, STEARETH-21, HYDROXYPROPYLGUAR,CARBOMER,SODIUM HYDROXIDE, CETYL ALCOHOL, PRUNUS AMYGDALUS DULCIS EXTRACT, IMIDAZOLIDINYL UREA, PHENOXYETHANOL, METHYLPARABEN, ETHYLPARABEN, PROPYLPARABEN, BUTYLPARABEN,ISOBUTYLPARABEN,PARFUM. || 
6,48€ / L || 
3,24 € || 
Eau nettoyante physiologique visage & corps, nourissons & bébés || Le flacon de 250ml || Origine : FRANCE || L'Eau Nettoyante Physiologique élimine en un seul geste et sans frotter toutes les traces d'impuretés du visage, du corps et du siège des nourrissons. Enrichie en glycérine hydratante et en panthénol apaisant, sa formule prévient du dessèchement cutané et soulage les sensations d'inconfort. La peau de bébé retrouve ainsi douceur, souplesse et confort. || Appliquez à l'aide d'un coton propre et doux. Utilisez aussi souvent que nécessaire. Sans rinçage. Ne pas laisser à la portée des jeunes enfants sans surveillance. En cas de contact ou de projection dans les yeux, les rincer immédiatement. Attentionne pas avaler. || Aqua/water, glycerin, allantoin, chlorhexidine digluconate, hydroxyéthylcellulose, panthenol (FIL B162208/1). || 6 mois après ouverture. || 
17,40€ / L || 
4,35 € || 
Lait de toilette très doux, à la vitamine E et huile d'amande douce || Le flacon-pompe de 400ml || Origine : FRANCE || Formule enrichie : la formule du Lait de Toilette Mixa Bébé est encore plus douce : elle est enrichie en huile d'amande douce aux propriétés nourrissantes et hydratantes.Elle nettoie parfaitement sans irriter et favorise le bon équilibre en eau de lapeau. Elle contient de la vitamine E pour protéger efficacement la peau contre les agressions extérieures. Hypoallergénique, Mixa Bébé est formulé et testé pour minimiser les risques d'allergie. || Pour les bébés : le lait de toilette Mixa Bébé nettoie parfaitement et prévient les risques d'irritations ou de rougeurs. Pour les adultes : fluide et très doux, il est recommandé pour la toilette et le démaquillage des peaux sensibles. Très pratique, sa pompe permet de doser la juste quantité de produit d'une seule main. Ce produit ne nécessite pas de rinçage à l'eau. || Aqua/water, paraffinum liquidum/mineral oil, glycerin, PEG-100 stearate, glyceryl stearate, prunus amygdalus dulcis/sweet almond oil, carbomer, chlorhexidine digluconate, glycine soja oil, phenoxyethanol, sodium hydroxide, stearyl alcohol, tocopherol, xanthan gum, parfum/fragrance. (F.I.L. B35849/1). || 6 mois après ouverture. || 
10,53€ / L || 
4,21 € || 
lait de toilette très doux à l'huile d'amande douce || La bouteille de 250ml || Origine : FRANCE || La formule du Lait de Toilette Mixa Bébé est encore plus douce. Enrichie en huile d'amande douce aux propriétés nourrissantes, elle nettoie efficacement sans irriter et favorise le bon équilibre en eau de la peau. Elle contient de la vitamine E pourprotéger efficacement la peau contre les agressions extérieures. Hypoallergénique, Mixa bébé est formulé et testé pour minimiser les risques d'allergie. || AQUA / WATER, PARAFFINUM LIQUIDUM / MINERAL OIL, GLYCERIN, PEG-100 STEARATE, GLYCERYL STEARATE, PRUNUS AMYGDALUS DULCIS OIL / SWEET ALMOND OIL, CARBOMER, CHLORHEXIDINE DIGLUCONATE, GLYCINE SOJA OIL / SOYBEAN OIL, PHENOXYETHANOL, SODIUM HYDROXIDE, STEARYL ALCOHOL, TOCOPHEROL, XANTHAN GUM, PARFUM / FRAGRANCE. || 
12,96€ / L || 
3,24 € || 
Eau douce nettoyante, sans paraben, hypoallergénique || La pompe de 750ml || Origine : ALLEMAGNE || Expertise Nivea Baby, élimine efficacement les impuretés. La formule au calendula aide à prévenir la peau du dessèchement. Douce et sans alcool, sa formule est hautement tolérée par la peau de bébé. || Appliquer sur un coton et nettoyer délicatement le visage, le corps ou les fesses de bébé. Convient aussi pour coiffer les cheveux. Ne pas rincer. || Aqua, glycerin, peg-40 hydrogenated castor oil, calendula officinalis extract, glucose, tilia cordata extract, sodium citrate, citric acid, methylisothiazolinone, parfum. 0% paraben, alcool, colorant. || 12 mois après ouverture. || 
9,68€ / L || 
7,26 € || 
Crème change soin réparateur, rougeurs et irritations || Le tube de 40ml || Origine : FRANCE || La crème change soin réparateur a été spécialement étudiée pour soulager et réparer les rougeurs et irritations sévères du siège chez le nourrisson. A l'efficacité prouvée*, elle agit rapidement et de façon significative dès deux jours d'utilisation.Résultat, la peau est douce et réparée. || 
98,25€ / Pce || 
3,93 € || 
Crème hydratante protectrice || Le tube de 100ml || Origine : FRANCE || Contient de l'huile d'amande douce, du beurre de karité et de la vitamine E, pour apaiser les irritations, nourrir et adoucir la peau de bébé et renforcer sa protection naturelle.Non grasse, non collante, la Crème Hydratante Protectrice s'applique facilement et pénètre instantanément. Résultat : la peau de bébé est immédiatement apaisée. || Appliquez la Crème Hydratante Protectrice après le bain sur toutes les zones exposées au dessèchement, et renouvelez l'application dans la journée si nécessaire. || Aqua/water, cyclohexasiloxane, cetyl alcohol, glycerin, prunus amygdalus dulcis oil/sweet almond oil, glyceryl stearate, paraffinum liquidum/mineral oil, butyrospermum parkii butter/shea butter, peg-40 stearate, chlorhexidine digluconate, sorbitan tristearate, tocopherol, parfum/fragrance (F.I.L. B37174/1). || A utiliser dans les 6 mois après ouverture. || 
41,50€ / L || 
4,15 € || 
Crème pour le change double action || Le tube de 100ml || Origine : FRANCE || La frottement des couches ainsi que l'humidité agressent la peau et des petites fesses de bébé : des rougeurs et des irritations peuvent apparaître. ACTION REPARATION : enrichie en Oxyde de Zinc, la Crème pour change Mixa Bébé calme immédiatement lesrougeurs du siège et favorise leur disparition. Son action soulage durablement la peau en la nourrissant. ACTION PREVENTION: La Crème pour le Change forme un film protecteur sur la peau pour l'isoler de l'agression des couches et de l'humidité. Lesfesses de bébé sont ainsi protégées pour limiter l'apparition de nouvelles rougeurs et irritations. Hypoallergénique et sans parfum, la Crème pour la Change est formulée pour minimiser les risque d'allergie. || Lors de change, appliquez généreusement la crème sur le siège et les plis en insistant sur les zones irritées. A utiliser sur une peau propre et sèche. || Après ouverture à conserver pendant 6 mois || 
37,50€ / L || 
3,75 € || 
Eau nettoyante hydratante hypoallergénique bébé || Le flacon pompe de 250ml || Origine : FRANCE || AQUA / WATER, GLYCERIN, PEG-8, CHLORHEXIDINE DIGLUCONATE, PEG-60 HYDROGENATED CASTOR OIL,  PARFUM / FRAGRANCE. || 
16,20€ / L || 
4,05 € || 
Crème soft, visage et corps nourrissons & bébés || Le paquet de 63 lingettes || Origine : FRANCE || Aqua, Glycerin, Paranum Liquidum, Stearic Acid, Stearyl Alcohol, Cetyl Alcohol, Cera Microcristallina, Glyceryl Stearate, Hydrogenated Coco-Glycerides, Calendula Ocinalis Flower Extract,Glucose, LanolinAlcohol (EuceritÞ),Dimethicone,SodiumCarbomer,Phenoxyethanol, Methylisothiazolinone, Parfum || 
25,20€ / L || 
5,04 € || 
Huile d'amande douce pour les peaux sèches || Le flacon de 100ml || Origine : FRANCE || Naturellement riche en acides gras essentiels, aide à lutter contre le dessèchement cutané. || Appliquez sur le corps en légers massages. Source d'éveil, le massage participe au bon développement sensoriel et psychomoteur de votre bébé. Usage externe seulement. Tenir hors de portée des enfants. || Prunus amygdalus dulcis oil. Sans paraben. Sans colorant. || 36 mois après ouverture. || 
46,50€ / L || 
4,65 € || 
Sérum physiologique pour bébé, solution nasale et oculaire || Les 40 unidoses de 5ml || Origine : FRANCE || Le sérum physiologique Bout'chou permet de nettoyer quotidiennement les yeux des nourrissons. Il peut également être utilisé pour humidifier l'intérieur du nez. Fabriqué en conditions stériles, sa présentation en doses unitaires permet une utilisation pratique et hygiénique. || Le sérum physiologique Bout'chou peut être utilisé quotidiennement pour l'hygiène nasale et oculaire, à raison d'1 à 6 lavages par jour, en fonction des besoins. Détacher une unidose et l'ouvrir en tournant la partie supérieure. Tenir hors de la portée et de la vue des enfants. Ne pas utiliser la même unidose pour l'usage nasal et oculaire. Ne pas utiliser une unidose endommagée. Non injectable. Usage externe. Convient également aux adultes. || Chlorure de sodium à 0,9%, eau purifiée q.s.p. 100ml. || En raison du risque rapide de contamination bactérienne, toute unidose ouverte ne doit pas être réutilisée. || 
18,75€ / L || 
3,75 € || 
Sérum physiologique hypoallergénique || La boîte de 24 doses de 5ml || Origine : FRANCE || Ce Sérum Physiologique est spécialement développé pour l'hygiène nasale et oculaire quotidienne de bébé. Il nettoie en douceur le nez de bébé et ôte les impuretés du contour de l'oeil. || Détacher une dose puis l'ouvrir en tournant l'embout. Adapté aussi à l'hygiène nasale et oculaire des adultes. || Aqua, sodium chloride. Sans alcool, sans colorant, sans conservateur. || 
38,92€ / L || 
4,67 € || 
Eosine précis-goutte, solution aqueuse nettoyante et asséchante pour application cutanée locale. || Le tube de 10ml || Origine : FRANCE || Solution aqueuse nettoyante et asséchante pour application cutanée locale, le Précis-Goutte est recommandé pour les rougeurs des fesses chez le nourrisson. || Appliquer quelques gouttes directement sur la peau de bébé ou sur un coton 1 à 2 fois par jour. Solution à usage externe uniquement. Ne pas laisser à la portée des enfants. Ne pas avaler. Ne pas utiliser en cas d'allergie à l'un des composants. || Aqua, CI 45380, citric acid, magnesium nitrate, methylchloroisothiazolinone, magnesium chloride, methylisothiazolinone. Sans paraben. || 3 mois après ouverture. || 
405,00€ / L || 
4,05 € || 
Compresses stériles non tissées pour peaux sensibles || Les 30 compresses || Origine : FRANCE || Stériles et ultra-douces, les compresses des Laboratoires Mercurochrome Pitchoune sont particulièrement adaptées pour nettoyer les peaux sensibles des bébés ainsi que les plaies suintantes.Ultra-absorbantes : elles assurent une bonne rétention des liquides et une grande vitesse d'absorption. || Pour la toilette de bébé tout en douceur : pour nettoyer les yeux et leurs pourtours, appliquer du sérum physiologique des Laboratoires Mercurochrome Pitchoune sur la compresse ultra-douce et procéder au nettoyage en allant du nez vers les tempes. Pour le reste du corps, appliquer le produit de votre choix sur la compresse ultra-douce et procéder au nettoyage. Pour une plaie, nettoyer soigneusement la plaie et son pourtour à l'aide de la compresse ultra-douce. Mettre en place la compresse en veillant à ce qu'elle recouvre bien la plaie. Faire tenir la compresse à l'aide d'un sparadrap tissu microporeux ou transparent des Laboratoires Mercurochrome. Renouveler aussi souvent que nécessaire et au moins une fois par jour. Stérile, à usage unique. Vérifier avant usage l'intégrité de la pochette de protection individuelle garantissant la stérilité. Ne sortir la compresse de la pochette qu'au moment de l'utilisation. || Non-tissé médical conforme aux normes TIPS. Pliées : 7,5 cm x 7,5 cm - Dépliées 15 x 15 cm || Conserver dans son conditionnement d'origine dans un endroit sec à l'abri de la lumière et de la chaleur. || 
0,20€ / Pce || 
6,08 € || 
Coussinets d'allaitement ultra-absorbants, prévient des irritations || Les 30 coussinets || Origine : FRANCE || Parce que la période d'allaitement est un moment privilégié entre la maman et son bébé, les Laboratoires Mercurochrome Pitchoune ont sélectionné ces coussinets d'allaitement 100% cellulose pour améliorer le bien-être des femmes qui allaitent. Ils ontune double utilisation : ils protègent votre poitrine des frottements désagréables occasionnés par le port du soutien-gorge. En période d'allaitement, votre peau est fragilisée, vos mamelons sont très sensibles. Les coussinets agiront comme une seconde peau ultra-douce. Ils sont ultra-absorbants et agissent comme un réservoir pour retenir les excédents de lait qui surviennent à la fin des tétées et en dehors des tétées. Leur voile protecteur imperméable à tout liquide évite ainsi les taches siincommodantes sur les vêtements. || Avant et après la tétée, lavez soigneusement toute la zone de mamelon à l'eau minérale. Séchez bien. Après chaque tétée, placer un nouveau coussinet d'allaitement Mercurochrome Pitchoune en le collant sur votre lingerie. || 100% cellulose. Voile intérieur en polypropylène. || 
0,23€ / Pce || 
6,89 € || 
Spray nasal à base d'eau de mer, hygiène nasale || Spray de 150ml || Origine : FRANCE || Isotonique, le spray nasal à base d'eau de mer naturelle des Laboratoires Mercurochrome Pitchoune est non irritant, et contient des oligo-éléments naturels.Grâce à son microdiffuseur, le nettoyage des fosses nasales reste sans danger pour le nourrisson de plus de un mois. La muqueuse nasale est lavée en douceur et les sécrétions sont évacuées progressivement. || Hydratation isotonique des fosses nasales. A utiliser chez le nourrisson à partir d'un mois. Usage nasal : éviter tout contact avec les yeux. Ne pas utiliser en cas d'allergie connue à l'un des constituants ou aux ammoniums quaternaires. En cas d'irritation : consulter un médecin. Ne pas laisser à la portée des enfants. Flacon utilisable dans toutes les positions excepté horizontalement. Récipient sous pression. Ne pas percer ou brûler, même après usage. || Eau purifiée, eau de mer filtrée (2%), chlorure de sodium, chlorure de benzalkonium, EDTA disodium, phosphate disodium. Gaz propulseur non inflammable : azote. || A protéger contre les rayons solaires et ne pas exposer à une source de chaleur ou à une température supérieure à 50°C. || 
43,93€ / L || 
6,59 € || 
Soin anti-rides à l'oxygène actif, métamorphose, jour et nuit. || Le pot de 50ml || Origine : FRANCE || AQUA, CAPRYLIC/CAPRIC TRIGLYCERIDE, CETEARYL ALCOHOL, GLYCERIN, OLEIC/LINOLEIC/LINOLENIC POLYGLYCERIDES, CETYL ALCOHOL, GLYCERYL STEARATE, NIACINAMIDE, PEG-100 STEARATE, BUTYROSPERMUM PARKII BUTTER, PHENOXYETHANOL, CETEARYL GLUCOSIDE, MICA, CYCLOPENTASILOXANE, CI 77891, TOCOPHERYL ACETATE, CYCLOHEXASILOXANE, CARBOMER, CHLORPHENESIN, PARFUM, SODIUM HYALURONATE, LINOLEIC ACID, TROPAEOLUM MAJUS FLOWER/LEAF/STEM EXTRACT, SODIUM HYDROXIDE, ALARIA ESCULENTA EXTRACT, PERFLUORODECALIN, PROPYLENE GLYCOL,GLUCOSE, SIMMONDSIA CHINENSIS SEED OIL, GLYCOSPHINGOLIPIDS, PEG-75 SHEA BUTTER GLYCERIDES, ETHYLHEXYLGLYCERIN, XANTHAN GUM, LINOLENIC ACID, BENZOIC ACID, DEHYDROACETIC ACID, POLYAMINOPROPYL BIGUANIDE, CITRIC ACID || 
250,20€ / L || 
12,51 € || 
Anti-age, soin anti-rides double action, réduit les rides et renforce la fermeté de la peau || Le pot de 50ml || Origine : FRANCE || Ses actions : fermeté : formule à la protéine de soja active la production de collagène de la peau pour la rendre plus ferme et plus lisse.Anti-rides : enrichie en complexe Rétinyle, la formule rééquilibre les réserves en eau pour atténuer les signesde sécheresse. Parallèlement, elle stimule le renouvellement cellulaire pour réduire visiblement rides et ridules. Résultats visibles : grâce à une utilisation régulière, votre peau est hydratée, les ridules disparaissent et les rides sont visiblement réduites. Votre peau est plus douce, plus souple, elle est éclatante et paraît visiblement plus jeune. || Appliquez chaque matin sur le visage et le cou parfaitement nettoyés grâce à la gamme de démaquillants Diadermine. Faites pénétrer en massant délicatement. Constitue une excellente base de maquillage. Convient à tous les types de peaux. || Aqua, caprylic/capric triglyceride, cetearyl alcohol, hexanediol, glycerin, cocoglycerides, glyceryl stearate, butyrospermum parkii, sorbitol, cetearyl glucoside, imperata cylindrica root extract faex, allantoin, hydrolyzed soy protein, panthenol, tocopheryl acetate, retinyl palmitate, tocopherol, sodium carbomer, brassica campestris sterols, dimethicone, talc, butylene glycol, pentylene glycol, sodium citrate, caprylyl glycol, parfum, phenoxyethanol, methylparaben, ethylparaben, Cl16035, Cl77891. || 12 mois après ouverture. || 
196,80€ / L || 
9,84 € || 
Crème Riche Nutrition jour Anti-Rides Hautes Nutrition Peaux matures et très sèches - effet repulpant rides || un pot de 50ml || Origine : ALLEMAGNE || Les laboratoires Diadermine ont créé Expert Rides 3D Riche Nutrition Jour, pour une peau intensément nourrie et redensifiée.  Sa formule haute performance à la technologie Neo-Rétinol (brevet déposé), cible les rides avec précision pour un effet repulpant dans leurs 3 dimensions : longueur, profondeur et surface. La formule riche hydrate intensément la peau pour une sensation de confort toute la journée. L'activité cellulaire est stimulée, repulpant ainsi les rides de l'intérieur. La barrière lipidique cutanée est renforcée pour une peau plus résistante. || Age recommandé : 60 à 75 ans. Appliquez chaque matin sur votre visage parfaitement nettoyé. Faites pénétrer la crème en massant délicatement vers le haut le visage et le cou. || Aqua, hexanediol, glycerin, isopropyl stearate, behenyl alcohol, cocoglycerides, dibutyl adipate, hexyldecanol, carnitine, glyceryl stearate, hydrogenated lecithin, methyl methacrylate crosspolymer, pyrus malus seed extract, dimethylsilanol hyaluronate, palmitoyl tetrapeptide-7, sodium hyaluronate, palmitoyl oligopeptide, dimethylmethoxy chromanol, tocopheryl acetate, cetearyl alcohol, coco-glucoside, ethylhexyl palmitate, sodium lactate, dimethicone crosspolymer, butylene glycol, sorbitan oleate, caprylyl/capryl glucoside, silica dimethyl silylate, sodium carbomer, isododecane, sodium acrylate/sodium acryloyldimethyl taurate copolymer, polyisobutene, parfum, phenoxyethanol, ethylparaben, methylparaben, Cl16035, Cl77891. || 12 mois après ouverture. || 
315,00€ / L || 
15,75 € || 
Crème riche nutrition nuit Anti rides Hautes Nutrition Peaux matures et très sèches - effet repulpant Rides || Un pot de 50ml || Origine : ALLEMAGNE || Les laboratoires Diadermine ont créé Expert Rides 3D Riche Nutrition Nuit, pour une peau intensément nourrie et redensifiée. Sa formule haute performance à la technologie Neo-Rétinol, cible les rides avec précision pour un effet repulpant dans leurs3 dimensions : longueur, profondeur et surface. Même les peaux matures et sèches sont intensément nourries et paraissent plus jeunes, comme régénérées. Les rides sont visiblement repulpées et 2 sur 3 sont réduites, pour une peau plus ferme et plus lisse. || Age recommandé : entre 55 ans et plus de 75 ans. Appliquez chaque soir sur votre visage parfaitement nettoyé. Faites pénétrer la crème en massant délicatement vers le haut le visage et le cou. || Aqua, caprylic/capric triglyceride, hexanediol, glycerin, arachidyl alcohol, behenyl alcohol, carthamus tinctorius seed oil, cetearyl isononanoate, hexyldecanol, carnitine, cocoglycerides, glyceryl stearate, butyrospermum parkii butter, pyrus malus seed extract, palmitoyl tetrapeptide-7, sodium hyaluronate, dimethylsilanol hyaluronate, tocopherol, arachidyl glucoside, coco-glucoside, cetearyl alcohol, hydrogenated palm glycerides citrate, sodium lactate, sorbitan oleate, caprylyl/capryl glucoside, dimethicone, ethylhexyl palmitate, silica dimethyl silylate, aluminum starch octenylsuccinate, dimethylmethoxy chromanol, sodium carbomer, butylene glycol, sodium acrylate/sodium acryloyldimethyl taurate copolymer, polyisobutene, parfum, phenoxyethanol, ethylparaben, methylparaben, Cl 16035, Cl 77891. || 12 mois après ouverture. || 
315,00€ / L || 
15,75 € || 
Lift + éclat immédiat, soin tenseur éclat immédiat visage et cou || Les 7 capsules || Origine : FRANCE || Effet tenseur visible : sa formule au structurateur de collagène stimule la synthèse de collagène et redensifie sa structure pour une peau plus ferme et élastique toute la journée.Révélateur d'éclat immédiat : sa formule au Complexe Vitamine Actif améliore la qualité de la peau : elle efface les signes de fatigue en dynamisant l'épiderme. Votre peau se révèle plus tonique, votre teint plus lumineux et éclatant. Dès l'application, vous sentez et voyez votre peau transformée. Ce voile invisible laisse votre peau lissée et votre teint éclatant. Une capsule de Lift+ Eclat Immédiat suffit et vous rayonnez ! || Pour ouvrir ces unidoses, tournez plusieurs fois le haut de la capsule, détachez l'opercule puis pressez doucement. Uniquement pour usage externe. Ne pas avaler. Ne pas laisser à la portée des enfants. Ne pas mettre dans les yeux. || Cyclomethicone, polysilicone-11, dimethicone, ascorbic acid, methyl methacrylate/glycol dimethacrylate crosspolymer, C12-15 alkyl benzoate, tocopheryl acetate, glycyrrhiza glabra, bht. || A conserver dans un endroit sec et frais, à l'abri de la lumière. || 
881,43€ / L || 
6,17 € || 
Lift+ hydratant anti-age, soin de jour anti-rides ultra fermeté, retenseur + hydratation || Le pot de 50ml || Origine : ALLEMAGNE || Après une utilisation régulière, la fermeté de votre peau est significativement améliorée, rides et ridules sont visiblement réduites. Votre peau est intensément hydratée.Lift + Hydratant, pour une peau plus ferme, douce et éclatante de beauté toutela journée. || Appliquez chaque matin sur votre visage parfaitement nettoyé et faites pénétrer en massant délicatement. Sa texture constitue une excellente base de maquillage. || Aqua, hexanediol, caprylic/capric triglyceride, cetearyl alcohol, glycerin, 4-methylbenzylidene camphor, cocoglycerides, glyceryl stearate, butyl methoxy dibenzoylmethane, cetearyl glucoside, dimethylsilanol hyaluronate, hydrolyzed wheat protein, lecithin, fagus silvatica, hydrolyzed soy protein, butyrospermum parkii, tocopheryl acetate, aluminum starch octenylsuccinate, talc, dimethicone, propylene glycol, sodium carbomer, tocopherol, hydrogenated palm glycerides citrate, hydroxyethyl acrylate/sodium acryloyldimethyl taurate copolymer, squalane, polysorbate 60, butylene glycol, trisodium NTA, parfum, phenoxyethanol, methylparaben, propylparaben. || 12 mois après ouverture. || 
192,60€ / L || 
9,63 € || 
Lift + sublimant, soin de jour éclat anti-age, anti-rides retenseur + embellisseur de teint || Le pot de 50ml || Origine : ALLEMAGNE || Après une utilisation régulière, la fermeté de votre peau est significativement améliorée, rides et ridules sont visiblement réduites. Vous avez bonne mine et votre peau est lumineuse.Lift + Sublimant, pour une peau plus ferme, douce et éclatante debeauté toute la journée ! Effet Lifting Intense agit sur 5 types de collagène. || Appliquez chaque matin sur votre visage parfaitement nettoyés et faites pénétrer en massant délicatement. || Aqua, hexanediol, caprylic/capric triglyceride, cetearyl alcohol, glycerin, 4-methylbenzylidene camphor, behenyl alcohol, cocoglycerides, glyceryl stearate, butyl methoxydibenzoylmethane, cetearyl glucoside, dimethylsilanol hyaluronate, hydrolyzed wheat protein, hydrolyzed soy protein, aluminum starch octenylsuccinate, lecithin, fagus silvatica, talc, butyrospermum parkii, tocopheryl acetate, dimethicone, atelocollagen, elaeis guineensis, mica, silica, propylene glycol, tocopherol, squalane, hydrogenated palm glycerides citrate, sodium carbomer, hydroxyethyl acrylate/sodium acryloyl dimethyl taurate copolymer, polysorbate 60, glycine soja, xanthan gum, sodium chondroitin sulfate, trisodium NTA, butylene glycol, parfum, phenoxyethanol, methylparaben, propylparaben, Cl77891, Cl19140, Cl75130. || 12 mois après ouverture. || 
210,20€ / L || 
10,51 € || 
Nourrissant, soin de nuit, anti-rides retenseur + action nourrissante, anti-age || Le pot de 50ml || Origine : ALLEMAGNE || Lift+ Nourrissant allie une action retenseur longue durée à une action nourrissante. Lift+ Nourrissant, pour une peau plus ferme, douce et nourrie en profondeur.Après une utilisation régulière, la fermeté de votre peau est significativement améliorée, rides et ridules sont visiblement réduites. Durant la nuit, votre peau est intensément régénérée et ressourcée. || Appliquez chaque soir sur votre visage parfaitement nettoyé et faites pénétrer en massant délicatement. || Aqua, hexanediol, glycerin, caprylic/capric triglycéride, cetearyl alcohol, dicaprylyl carbonate, behenyl alcohol, cocoglycerides, glyceryl stéarate, prunus amygdalus dulcis oil, butyrospermum parkii, cetearyl glucoside, hibiscus abelmoschus seed extract, hydrolyzed wheat protein, hydrolyzed soy protein, hydrolyzed lupine protein, lecithin, tocopherol, dimethylsilanol hyaluronate, aluminum starch octenylsuccinate, hydroxyethyl acrylate/sodium acryloyldimethyl taurate copolymer, squalane, butylene glycol, pentylene glycol, dimethicone, sodium carbomer, hydrogenated palm glycerides citrate, polysorbate 60, parfum, phenoxyethanol, ethylparaben, methylparaben, Cl16035, Cl77891. || 12 mois après ouverture. || 
213,20€ / L || 
10,66 € || 
Patchs lissants contour des yeux, effet repulpant, anti-âge || La boîte de 12 patchs || Origine : FRANCE || Bénéficiant d'une expertise acquise en 100 ans de recherche, les scientifiques et les dermatologues des Laboratoires DIADERMINE développent des soins du visage innovants à l'efficacité prouvée, pour une peau toujours plus belle. Testé dermatologiquement. Avec l'âge, le vieillissement cutané s'accélère : les cellules se renouvellent moins vite, la peau s'amincit, les rides s'installent en surface et en profondeur. Fine et délicate, la zone du contour des yeux est particulièrement sensible au vieillissement. Pour lui redonner un aspect lisse et jeune, les Laboratoires DIADERMINE ont créé EXPERT RIDES 3D PATCH LISSANT CONTOUR DES YEUX, leur premier patch haute performance au Complexe Repulpant 3D. || Utilisez 2 ou 3 fois par semaine pour une action anti-rides long terme. Nettoyez votre visage avant d'utiliser les patchs et essuyez-vous parfaitement. Décollez les patchs de leur support. Appliquez les patchs délicatement sur le contour des yeux etpressez-les doucement afin de les fixer correctement. Après 15 à 20 minutes, retirez les patchs en douceur. || NUS COMMUNIS, POLYSORBATE 80, PROPYLENE GLYCOL, METHYL PARABEN, PROPYLPARABEN, Cl 77891. || 
0,81€ / Pce || 
9,73 € || 
Soin anti-âge jour, à l'huile d'argan, raffermissant et redensifiant, Peaux très matures et sèches || Le pot de 50ml || Origine : FRANCE || Les Laboratoires Diadermine ont créé Reactivance Soin Anti-Age à l'huile d'Argan, pour une peau redensifiée, intensément nourrie et confortable.Actions : nutrition intense et confort, raffermissant et redensifiant. || Appliquez chaque matin sur le visage et le cou parfaitement nettoyée grâce aux démaquillants Reactivance de Diadermine. Massez délicatement. || Aqua, caprylic/capric triglyceride, hexanediol, glycerin, argania spinosa oil, dicaprylyl carbonate, arachidyl alcohol, behenyl alcohol, carthamus tinctorius seed oil, ethylhexyl triazone, butyl methoxydibenzoyl methane, cocoglycerides, glyceryl stearate, butyrospermum parkii butter, tocopheryl acetate, dimethylsilanol hyaluronate, echium plantagineum seed oil, hydrolyzed yeast protein, tocopherol, arachidyl glucoside, panthenol, cera carnauba wax, aluminium starch octenylsuccinate, cetearyl alcohol, polyisobutene, sodium carbomer, sodium acrylate/sodium acryloyldimethyl taurate copolymer, dimethicone, hydrogenated palm glycerides citrate, sorbitan oleate, caprylyl/capryl glucoside, butylene glycol, tetrasodium EDTA, parfum, phenoxyethanol,methylparaben, ethylparaben, Cl16035, Cl19140. || 12 mois après ouverture. || 
245,00€ / L || 
12,25 € || 
Soin anti-âge nuit, à l'huile d'argan, fortifiant et régénérant, Peaux très matures et sèches || Le pot de 50ml || Origine : FRANCE || Les laboratoires Diadermine ont créé Réactivance Soin Anti-Age à l'huile d'argan, pour une peau intensément nourrie, confortable et régénérée au réveil.Actions : nutrition intense et confort, fortifiant et régénérant. || Appliquez chaque soir sur le visage et le cou parfaitement nettoyés. Massez délicatement. || Aqua, caprylic/capric triglycéride, hexanediol, glycerin, argania spinosa oil, arachidyl alcohol, behenyl alcohol, carthamus tinctorius seed oil, cetearyl isononanoate, cocoglycerides, glyceryl stearate, butyrospermum parkii butter, aluminum starch octenylsuccinate, arachidyl glucoside, panthenol, echium plantagineum seed oil, hydrolyzed yeast protein, cetearyl alcohol, dimethylsilanol hyaluronate, tocopheryl acetate, sodium carbomer, sodium acrylate/sodium acryloyldimethyl taurate copolymer, tocopherol, hydrogenated palm glycerides citrate, sorbitan oleate, caprylyl/capryl glucoside, dimethicone, polyisobutene, butylene glycol, parfum, phenoxyethanol, methylparaben, ethylparaben, Cl16035, Cl19140, Cl77891. || 12 mois après ouverture. || 
246,20€ / L || 
12,31 € || 
Soin anti-âge perfecteur crème jour || Le pot de 50ml || Origine : ALLEMAGNE || Le complexe Multi-Peptides unifie le teint et la structure de la peau. Le Structurateur de Collagène redensifie la peau. Elle est plus ferme et plus lisse. || Age recommandé : 30-50 ans. Appliquer chaque matin sur votre visage parfaitement nettoyé et faites pénétrer en massant délicatement. Sa texture constitue une excellente base de maquillage. || Aqua, glycerin, hexanediol, diethyl carbonate, octocrylene, glyceryl stearate, caprylic/capric triglycéride, cocoglycerides, triisostearin, polyglyceryl-3 methylglucose distearate, cetearyl alcohol, butyl methoxydibenzoylmethane, palmitoyl oligopeptide, palmitoyl tetrapeptide-7, tocopherol, pisum sativum extract, glucosamine hci, bambusa vulgaris leaf/sterm extract, hydrolyzed soy protein, dimethylsilanol hyaluronate, ammonium acryloyldimethyltaurate/vp copolymer, caprylyl/capryl glycoside, sodium carbomer, butylene glycol, bis-ethylhexyl hydroxydimethoxy benzylmalonate, sodium acrylate/sodium acryloyldimethyl taurate copolymer, polyisobutene, tetrasodium edta, pentylene glycol, hydrogenated palm glycerides citrate, t-butyl alcohol, bis-peg/ppg-20/5 peg/ppg-20/5 dimethicone, methoxy peg/ppg-25/4 dimethicone, parfum, phenoxyethanol, methylparaben, ethylparaben. || 12 mois après ouverture. || 
247,00€ / L || 
12,35 € || 
Soin anti-âge teinté, toucher velours, teint unifié fini mat. || Le pot de 50ml || Origine : ALLEMAGNE || La formule au structurateur de collagène stimule la production naturelle de collagène pour une peau plus ferme et une structure cutanée améliorée. Sa texture légère et unique enrichie en pigments micro-minéraux estompe les imperfections et révèle unteint parfaitement unifié et lumineux, au fini mat poudré et effet bonne mine. || Age recommandé : 30-50 ans. Appliquer chaque matin en massant délicatement. Peut être utilisé à la place de votre fond de teint. || Dimethicone, ethylhexyl palmitate, talc, dimethicone crosspolymer, tapioca starch, silica, cocoglycerides, caprylic/capric triglyceride, polyglyceryl-3 diisostearate, spilanthes acmella flower extract, hydrolyzed soy protein, aqua, cyclomethicone, citric acid, sodium carbonate, pentylene glycol, parfum, CI77891, CI77492, CI77491, CI77499. || 12 mois après ouverture. || 
247,00€ / L || 
12,35 € || 
Soin anti-âge teinté, toucher velours. || Le pot de 50ml || Origine : ALLEMAGNE || La formule au structurateur de collagène stimule la production naturelle de collagène pour une peau plus ferme et une structure cutanée améliorée. Sa texture légère et unique enrichie en pigments micro-minéraux estompe les imperfections et révèle unteint parfaitement unifié et lumineux, au fini mat poudré et effet bonne mine. || Age recommandé : 30-50 ans. Appliquer chaque matin en massant délicatement. Peut être utilisé à la place de votre fond de teint. || Dimethicone, ethylhexyl palmitate, talc, dimethicone crosspolymer, tapioca starch, silica, cocoglycerides, caprylic/capric triglyceride, polyglyceryl-3 diisostearate, spilanthes acmella flower extract, hydrolyzed soy protein, aqua, cyclomethicone, citric acid, sodium carbonate, pentylene glycol, parfum, CI77891, CI77492, CI77491, CI77499. || 12 mois après ouverture. || 
247,00€ / L || 
12,35 € || 
Soin de jour anti-rides jeunesse infusée                         Comble les rides, raffermit || Le pot de 50ml || Origine : ALLEMAGNE || Jeunesse Infusée, Crème Jour a été développée pour lutter contre ces effets du vieillissement et repulper les rides même profondes. Enrichie en Actif Hyaluronique micro-infusé, elle pénètre la peau intensément pour lisser les rides et les ridules. Lecomplexe hyaluronique-peptide (brevet déposé) stimule la régénération de lépiderme, et améliore la fermeté et lélasticité de la peau. Résultats visibles : Immédiatement, la peau est lissée et semble plus uniforme. Jour après jour, les rides et ridules sestompent et la peau devient plus ferme. En 7 jours seulement, la peau est comme rajeunie. || Age : 35  55 ans. Appliquez chaque matin sur votre visage et votre cou parfaitement nettoyés et faites pénétrer en massant délicatement. || Aqua, glycerin, hexanediol, caprylic/capric triglyceride, behenyl alcohol, dicaprylyl carbonate, arachidyl alcohol, cyclomethicone, propylene glycol, butyrospermum parkii butter, cetearyl alcohol, caffeine, hydrolyzed soy protein, tocopherol, hibiscus abelmoschus seed extract, dimethylmethoxy chromanol, sodium hyaluronate, dimethylsilanol hyaluronate, palmitoyl oligopeptide, palmitoyl tetrapeptide-7, ethylhexyl palmitate, arachidyl glucoside, sodium potassium aluminum silicate, butylene glycol,sodium carbomer, sodium acrylate/sodium acryloyldimethyl taurate copolymer, dimethiconol, polyisobutene, silica, pentylene glycol, sorbitan oleate, silica dimethyl silylate, caprylyl/capryl glucoside, hydrogenated palm glycerides citrate, coco-glucoside, sodium lactate, caprylyl glycol, parfum, phenoxyethanol, methylparaben, ethylparaben, cl 7789. || 12 mois après ouverture. || 
327,40€ / L || 
16,37 € || 
Soin de jour anti-rides ultra tenseur, élastine, anti-âge || Le pot de 50ml || Origine : FRANCE || La solution anti-âge de Diadermine : Lift + Ultime Elastine permet à la fois de redensifier les tissus de collagène et de restructurer le tissu d'élastine, pour une peau plus ferme et rebondit. || Appliquez chaque matin sur votre visage et cou parfaitement nettoyés et faites pénétrer en massant délicatement. Convient à tous les types de peaux. || Aqua, hexanediol, caprylic/capric triglycéride, glycerin, behenyl alcohol, arachidyl alcohol, cocoglycerides, glyceryl stéarate, butyl methoxydibenzoylmethane, cetearyl alcohol, peuce danum graveolens (dill) extract, tocopherol, tocopheryl acetate, hydrolyzed soy protein, dimethylsilanol hyaluronate, lecithin, butyrospermum parkii, sorbitan oleate, caprylyl/capryl glucoside, aluminum starch octenylsuccinate, dimethicone, arachidyl glucoside, sodium carbomer, octocrylene, talc, butylène glycol, sodium acrylate/sodium acryloyldimethyl taurate copolymer, propylene glycol, polyisobutene, hydrogenated palm glycerides citrate, tetrasodium edta, pentylene glycol, parfum, phenoxyethanol, ethylparaben, methylparaben, Cl16035. || A utiliser dans les 12 mois après ouverture. || 
230,60€ / L || 
11,53 € || 
Soin de jour anti-rides ultra-tenseur, lissage immédiat || Le pot de 50ml || Origine : FRANCE || Diadermine Lift + Lissage immédiat est un soin anti-âge qui associe deux effets lifting intenses et complémentaires : un effet retenseur longue durée, un effet lissage immédiat. Effet Retenseur Longue Durée : la formule au structurateur de Collagèneet l'Elastine stimule la synthèse de collagènes et d'élastine. La peau retrouve fermeté et élasticité. Effet Lissage Immédiat : la formule enrichie en Phyto-Tenseurs, à la texture ultra-confort, dépose comme un voile tenseur invisible sur la peau pour une effet lissant immédiat. Résultats visibles : instantanément, les rides et ridules paraissent plus lisses. La peau est raffermie durablement et sa structure améliorée. Intensément hydratée, la peau paraît plus douce et plus souple. || Age recommandé : 30 à 50 ans. Appliquez chaque matin sur votre visage et cou parfaitement nettoyés et faites pénétrer en massant délicatement. || Aqua (water, eau), hexanediol, glycerin, arachidyl alcohol, caprylic/capric triglyceride, cetearyl alcohol, behenyl alcohol, avena sativa (oat) kernel extract, peucedanum graveolens (dill) extract, spilanthes acmella flower extract, hydrolyzed soy protein, dimethylsilanol hyaluronate, caprylyl/capryl glucoside, aluminum starch octenylsuccinate, arachidyl glucoside, dimethicone, glyceryl stearate, tocopheryl acetate, sodium acrylate/sodium acryloyldimethyl taurate copolymer, sodium carbomer, polyisobutene, butylene glycol, pentylene glycol, sorbitan oleate, parfum (fragrance), phenoxyethanol, ethylhexylglycerin. || 12 mois après ouverture. || 
241,20€ / L || 
12,06 € || 
Soin de jour hydratant anti-age, complexe vitamine A et Provitamine B5. || Le tube de 50ml || Origine : FRANCE || Hydratation : sa formule légère et non grasse à la Provitamine B5 pénètre facilement pour agir intensément, le niveau d'hydratation de l'épiderme augmente. Anti-âge : enrichie en Complexe Vitamine A, la formule lisse visiblement les rides et active la production de collagène pour raffermir la peau. La peau est intensément nourrie. Elle est plus ferme, plus souple et plus douce. || Age recommandé : 30-55 ans. Appliquez chaque matin sur le visage et le cou parfaitement nettoyés. Faites pénétrer en massant délicatement. Sa texture légère et non grasse constitue également une excellente base de maquillage. Convient à tous les types de peaux. || Aqua, caprylic/capric triglyceride, hexanediol, glycerin, arachidyl alcohol, glyceryl stearate, behenyl alcohol, butyrospermum parkii, cetearyl alcohol, cocoglycerides, retinyl palmitate, hydrolyzed soy protein, dimethylsilanol hyaluronate, tocopheryl acetate, panthenol, arachidyl glucoside, sodium carbomer, dimethicone, pentylene glycol, butylene glycol, parfum, phenoxyethanol, ethylparaben, methylparaben, Cl 16035. || 12 mois après ouverture. || 
107,00€ / L || 
5,35 € || 
Soin de nuit anti-rides jeunesse infusée                         Comble les rides, régénère || Le pot de 50ml || Origine : FRANCE || Jeunesse Infusée, Crème Nuit a été développée pour lutter contre ces effets du vieillissement et repulper les rides même profondes. Enrichie en Actif Hyaluronique micro-infusé, elle pénètre la peau intensément pour lisser les rides et les ridules. Lecomplexe hyaluronique-peptide (brevet déposé) stimule la régénération de lépiderme, et améliore la fermeté et lélasticité de la peau. Résultats visibles : Régénère intensément la peau pendant la nuit. Nuit après nuit, la peau devient plus ferme, plus tonique. En 7 jours seulement, la peau est comme rajeunie. || Age : 35  55 ans. Appliquez chaque soir sur votre visage et votre cou parfaitement nettoyés et faites pénétrer en massant délicatement. || Aqua, glycerin, hexanediol, caprylic/capric triglyceride, behenyl alcohol, dicaprylyl carbonate, arachidyl alcohol, cyclomethicone, cocoglycerides, propylene glycol, butyrospermum parkii butter, cetearyl alcohol, caffeine, hydrolyzed soy protein, tocopherol, hibiscus abelmoschus seed extract, dimethylmethoxy chromanol, sodium hyaluronate, dimethylsilanol hyaluronate, palmitoyl oligopeptide, palmitoyl tetrapeptide-7, ethylhexyl palmitate, arachidyl glucoside, butylene glycol, sodium carbomer, sodium acrylate/sodium acryloyldimethyl taurate copolymer, dimethiconol, polyisobutene, pentylene glycol, sorbitan oleate, silica dimethyl silylate, caprylyl/capryl glucoside, hydrogenated palm glycerides citrate, coco-glucoside, sodium lactate, caprylyl glycol, parfum, phenoxyethanol, methylparaben, ethylparaben. || 12 mois après ouverture. || 
336,80€ / L || 
16,84 € || 
Soin jour haute performance, anti-age || Le pot de 50ml || Origine : ALLEMAGNE || Ce soin de jour cible les rides avec précision pour un effet repulpant dans leurs 3 dimensions : longueur, profondeur et surface.Age recommandé : 50-60 ans. Résultats visibles : après 4 semaines d'utilisation régulière vos rides sont visiblement réduites en profondeur et en volume. Les traits sont lissés et la peau incroyablement repulpée et souple. Expert rides 3D est l'expert anti-rides haute performance de Diadermine aux actifs hyaluroniques. Maintenant, il contient 2 fois plus d'actifs hyaluroniques pour repulper les rides dans les 3 dimensions. || Appliquez chaque matin sur votre visage parfaitement nettoyé. Faites pénétrer la crème en massant délicatement vers le haut le visage et le cou. || Aqua, hexanediol, glycerin, isopropyl stearate, behenyl alcohol, cocoglycerides, dibutyl adipate, hexyldecanol, carnitine, glyceryl stearate, hydrogenated lecithin, methyl methacrylate crosspolymer, pyrus malus seed extract, dimethylsilanol, hyaluronate, palmitoyl tetrapeptide-7, sodium hyaluronate, palmitoyl oligopeptide, dimethylmethoxy chromanol, tocopheryl acetate, cetearyl alcohol, coco-glucoside, ethylhexyl palmitate, sodium lactate, dimethicone crosspolymer, butylene glycol, sorbitan oleate, caprylyl/capryl glucoside, silica dimethyl silylate, sodium carbomer, isododecane, sodium acrylate/sodium acryloyldimethyl taurate copolymer, polyisobutene, parfum, phenoxyethanol, ethylparaben, methylparaben, Cl 16035, Cl 77891. || 12 mois après ouverture. || 
259,60€ / L || 
12,98 € || 
Soin nuit ultra-régénérant, anti-age || Le pot de 50ml || Origine : ALLEMAGNE || Avec l'âge, le vieillissement cutané s'accélère : les cellules se renouvellent moins vite, la peau s'amincit, les rides s'installent en surface et en profondeur.Pour combattre ces signes de l'âge, les Laboratoires Diadermine créent EXPERT RIDES 3D, le premier soin nuit ultra-régénérant au Complexe Repulpant 3D qui repulpe la peau de l'intérieur pour combler efficacement les rides dans toutes leurs dimensions. || Chaque soir, appliquez sur votre visage et votre cou parfaitement nettoyés, en massant du menton vers le front. Sa texture riche et veloutée pénètre facilement et laisse un touché de peau incomparable. || Aqua, caprylic/capric triglyceride, hexanediol, glycerin, cetearyl alcohol, carthamus tinctorius seed oil, cetearyl isononanoate, hexyldecanol, behenyl alcohol, cetearyl glucoside, coco glycerides, glyceryl stearate, butyrospermum parkii, aluminum starch octenylsuccinate, squalane, pyrus malus fruit extract, tocopherol, hydrogenated palm glycerides citrate, dimethylsilanol hyaluronate, lecithin, micrococcus lysate, palmitoyl oligopeptide, palmitoyl tetrapeptide-3, dimethicone, hydroxyethyl acrylate/sodium acryloyldimethyl taurate copolymer, sodium carbomer, butylene glycol, polysorbate 20, polysorbate 60, parfum, phenoxyethanol, methylparaben, propylparaben, Cl16035, Cl77891. || 12 mois après ouverture. || 
262,60€ / L || 
13,13 € || 
Soin sublime regard crème gel || Le soin de 15ml || Origine : FRANCE || Effet Retenseur Longue Durée : la formule au Structurateur de Collagène et d'Elastine stimule la synthèse de collagène et d'élastine. La peau retrouve fermeté et élasticité. Effet Lissage Immédiat : la formule enrichie en Phyto-Tenseurs, à la textureultra-confort, dépose comme un voile tenseur invisible sur la peau pour une effet lissant immédiat. Résultats visibles : les rides et ridules du contour de l'oeil sont atténuées instantanément. Le contour de l'oeil est sublimé. La peau paraît plus jeune et plus ferme. Lift+ Lissage Immédiat Soin Sublime Regard a été testé sous contrôle ophtalmologique et est particulièrement adapté à la zone sensible du contour de l'oeil. || Age recommandé : de 30 à 50 ans. Appliquez chaque matin sur le contour de l'oeil parfaitement nettoyé. Massez délicatement en tapotant la zone du bout des doigts. || Aqua (water, eau), hexanediol, glycerin, cocoglycerides, dimethicone, ethylhexyl palmitate, caprylic/capric triglyceride, maltodextrin, tocopheryl acetate, avena sativa (oat) kernel extract, amorphophallus konjac root extract, peucedanum graveolens (dill) extract, spilanthes acmella flower extract, euphrasia officinalis extract, hydrolyzed soy protein, methylsilanol hydroxyproline aspartate, sodium acrylate/sodium acryloyldimethyl taurate copolymer, polyisobutene, hydrogenated lecithin, butyleneglycol, sorbitan oleate, caprylyl/capryl glucoside, pentylene glycol, alcohol denat, parfum (fragrance), phenoxyethanol, ethylhexylglycerin, salicylic acid, potassium sorbate. || 12 mois après ouverture. || 
823,33€ / L || 
12,35 € || 
Lisseur optique 5sec contour des yeux, effet rajeunissant immédiat. || Le tube de 15ml || Origine : FRANCE || Base comblante correctrice. Atténue visuellement : cernes, poches, rides de la patte d'oie. Effet rajeunissant immédiat. Testé ophtalmologiquement. || Le Lisseur Optique pour le contour des yeux s'applique après votre soin quotidien, pour une action ciblée sur le contour de l'oeil. Sa texture ultra-lissante laisse le contour de l'oeil incroyablement doux et lumineux. Avant chaque utilisation, pourune distribution optimale de la texture, secouez le tube vers le bas (le bouchon du tube doit être orienté vers le sol). || Dimethicone, aqua/water, glycerin, isononyl isononanoate, dimethicone/methicone silsesquioxane crosspolymer, alcohol denat., butylene glycol, lauryl peg-9 polydimethylsiloxyethyl dimethicone, methyl methacrylate crosspolymer, boron nitride, aluminumhydroxide, ascorbyl glucoside, bisabolol, caffeine, capryloyl salicylic acid, caprylyl glycol, chrysin, Cl 77163/bismuth oxychloride, Cl 77491/iron oxides, Cl 77891/titanium dioxide, disodium stearoyl glutamate, farnesol, hydrolyzed soy protein, magnesium sulfate, mica, n-hydroxysuccinimide, palmitoyl tetrapeptide-7, peg-ppg-18/18 dimethicone, phenoxyethanol, retinyl palmitate, silica silylate, sodium hydroxide, synthetic fluorphlogopite, tetrasodium edta. (FIL B164027/2). || 6 mois après ouverture. || 
960,67€ / L || 
14,41 € || 
Lisseur optique 5 secondes, base comblante correctrice || Le tube de 40ml || Origine : FRANCE || Avec le lisseur Optique 5 secondes, Garnier crée une nouvelle génération de produit à effet optique. Cette base comble, corrige et atténue visuellement les signes de l'âge (rides, pores, irrégularités, brillances) pour une peau visiblement plus jeuneen 5 secondes. || Ce produit s'applique après le soin de jour sur l'ensemble du visage. Sa texture ultra-lissante laisse une peau incroyablement douce, mate et veloutée. || Dimethicone, dimethicone crosspolymer, silica (nano)/silica, isododecane, aluminum hydroxide, Cl 77491/iron oxides, Cl 77891/titanium dioxide, disodium stearoyl glutamate (FIL B158823/3). || 24 mois après ouverture. || 
337,00€ / L || 
13,48 € || 
Soin anti-rides global 2 en 1, sérum actif + crème || Le flacon de 50ml || Origine : FRANCE || UltraLift Sérum+crème combine 2 produits essentiels dans la lutte contre le vieillissement, un sérum actif et une crème concentrée en pro-rétinol issu de la nature.Le 1er soin anti-rides global 2 en 1 à l'efficacité prouvée sur les rides profondes. Sa forme révolutionnaire en spirale assure la délivrance de la crème et du sérum en un seul geste. || Age d'utilisation conseillé : 35-60 ans. || Aqua, glycerin, pentylene glycol, neopentyl glycol diheptanoate, glyceryl stearate, dicaprylyl carbonate, acrylamide/ammonium acrylate copolymer, aluminum starch, octenylsuccinate, argania spinosa kernel extract, benzyl alcohol, butyrospermum parkiibutter/shea butter, caprylyl glycol, carbomer, cetyl alcohol, chlorphenesin, cyclopentasiloxane, dimethicone, disodium edta, ethylhexylglycerin, glyceryl acrylate/acrylic acid copolymer, hexylene glycol, hydrolyzed rice protein, palmitic acid, panthenol, phenoxyethanol, polyisobutene, polysorbate 20, retinyl linoleate, silica, sodium cocoyl glutamate, stearic acid, tocopheryl acetate, triethanolamine, xanthan gum, parfum (FIL B51278/1). || 12 mois après ouverture. || 
315,20€ / L || 
15,76 € || 
Soin anti-rides jour raffermissant || Le pot de 50ml || Origine : FRANCE || Sa formule a une nouvelle action anti-rides et fermeté.Elle contient du Pro-Rétinol issu de la nature, une nouvelle génération de Pro-Rétinol qui libère du Rétinol en continu au coeur des rides pour une double efficacité : anti-rides et fermeté. || Aqua/water, dimethicone, glycerin, stearic acid, palmitic acid, peg-100 stearate, glyceryl stearate, elaeis guineensis oil/palm oil, isohexadecane, hydrogenated polyisobutene, aluminum hydroxide, argania spinosa/argania spinosa kernel extract, benzylalcohol, butyrospermum parkii butter/shea butter, C13-14 isoparaffin, capryloyl salicylic acid, caprylyl glycol, cera alba/beeswax, cetyl alcohol, citral, copernicia cerifera cera/carnauba wax, disodium edta, glycine soja oil/soybean oil, hydrolyzedrice protein, laureth-7, limonene, linalool, methylparaben, octyldodecanol, peg-20 stearate, phenoxyethanol, poloxamer 338, polyacrylamide, potassium cetyl phosphate, retinyl linoleate, shorea robusta butter/shorea robusta seed butter, sodium hydroxide, titanium dioxide, tocopherol, zingiber officinale root extract/ginger root extract, parfum/fragrance. (F.I.L. B48828/1). || 12 mois après ouverture. || 
242,00€ / L || 
12,10 € || 
Lisseur rides instantané + soin anti-âge yeux. || Le tube de 15ml || Origine : FRANCE || 
1084,00€ / L || 
16,26 € || 
Age Perfect Huile Extraordinaire Visage & Décolleté || Le flacon de 30 ml || Origine : FRANCE || L'Oréal a sélectionné 8 huiles essentielles. Associées à des huiles précieuses, l'huile extraordinaire réhydrate et nourrit la peau pour lui redonner souplesse, éclat et tonicité. Grâce à son délicat parfum aromatique, son application devient un véritable moment de plaisir et offre une sensation de bien-être intense. || Age recommandé : 40-80 ans. S'applique sur une peau parfaitement nettoyée. L'huile peut s'utiliser une ou deux fois par jour, seule ou avant le soin pour encore plus de confort. Elle peut s'appliquer aussi en touche finale après le soin pour illuminer la peau, ou même en retouche au cours de la journée. Prélevez 2 à 3 gouttes dans le creux de la main. Répartissez sur le visage et le décolleté par pressions légères et massez délicatement. Evitez le contour des yeux. || Caprylic/capric triglycéride, olea europaea oil/olive fruit oil, simmondsia chinensis oil/jojoba seed oil, camelina sativa oil/camelina sativa seed oil, helianthus annuus seed oil/sunflower seed oil, rosa canina fruit oil, parfum/fragrance, zea maysoil/corn oil, prunus armeniaca kernel oil/apricot kernel oil, passiflora edulis oil/passiflora edulis seed oil, oryza sativa bran oil/rice bran oil, tocopherol, limonène, pelargonium graveolens flower oil, citrus aurantium dulcis peel oil/orange peeloil, citronellol, linalool, rosmarinus officinalis leaf oil/rosemary leaf oil, géraniol, origanum majorana leaf oil, lavandula angustifolia oil/lavender oil, anthemis nobilis flower oil, lavandula hybrida oil, cucumis sativus fruit extract/cucumberfruit extract, benzyl alcohol, citral, curcuma longa extract/turmeric root extract, eugenol, coumarin, sclareolide, rosa spp/rose flower oil, jasminum officinale extract/jasmine extract, alpha-isomethyl ionone (FIL D159186/5). || 12 mois après ouverture. || 
685,00€ / L || 
20,55 € || 
Age Perfect Jour || Le pot de 50ml || Origine : FRANCE || Une texture onctueuse non grasse qui gorge immédiatement la peau d'une hydratation intense et durable. Jour après jour la peau se re-nutrit et devient plus élastique et éclatante.Il est enrichi en polyphénols de jasmin qui renforcent l'assemblage deces fibres pour aider à redonner du maintien à la peau. Action anti-taches : sa formule exclusive contient du Mélanine-Block pour réduire les taches brunes et une protection UV pour prévenir leur apparition. Le 1er soin Re-Substanceur Age Perfect deL'Oréal Paris qui se comporte comme une source de jeunesse, pour la peau ménopausée et péri ménopausée. || Evitez le contour des yeux. Testé sous contrôle dermatologique. || Aqua / water, squalane, cyclohexasiloxane, glycerin, cetyl alcohol, glyceryl stearate, PEG-40 stearate, paraffinum liquidum / mineral oil, myristyl myristate, drometrizole trisiloxane, octyldodecanol, jasminum officinale extract, jasmine flower extract, linalool, geraniol, sorbitan tristearate, calcium pantetheine sulfonate, isohexadecane, sodium hydroxide, cyclodextrin, coumarin, mannitol, limonene, disodium EDTA, disodium succinate, hydrolyzed soy protein, capryloyl salicylic acid, citronellol, faex / yeast extract, ethylhexyl methoxycinnamate, polysorbate 80, acrylamide / sodium acryloyldimethyltaurate copolymer, acrylates copolymer, benzyl benzoate, methylparaben, phenoxyethanol, chlorphenesin, CI 15985 / Yellow 6, parfum / fragrance, alpha-isomethyl ionone (FIL B32002/2). || 12 mois après ouverture. || 
288,20€ / L || 
14,41 € || 
Age Perfect Nuit || Le pot de 50ml || Origine : FRANCE || Soin riche re-substanceur qui se comporte comme une source de jeunesse pour la peau ménopausée et péri-ménopausée. Action anti- relâchement, action anti-taches et action relipidante nuit. || Evitez le contour des yeux. Testé sous contrôle dermatologique. || Aqua / water, squalane, cyclohexasiloxane, glycerin, paraffinum liquidum / mineral oil, petrolatum, cetyl alcohol, glyceryl stearate, PEG-40 stearate, cera alba / beeswax, jasminum officinale extract / jasmine flower extract, linalool, geraniol, sorbitan tristearate, calcium pantetheine sulfonate, isohexadecane, sodium hydroxide, coumarin, limonene, disodium EDTA, hydrolyzed soy protein, capryloyl, salicylic acid, citronellol, dioscorea villosa extract / wild yam root extract, polysorbate 80, acrylamide / sodium acryloyldimethyltaurate copolymer, acrylates, copolymer, octyldodecanol, hexyldecanol, benzyl benzoate, oryzanol, phenoxyethanol, chlorphenesin, caprylyl glycol, CI 15985 / yellow 6, parfum / fragrance, alpha-isomethyl ionone, methylparaben (FIL B32029/1). || 12 mois après ouverture. || 
291,40€ / L || 
14,57 € || 
Age Perfect Nutrition Intense Jour || Le pot de 50ml || Origine : ALLEMAGNE || Action anti-affaissement & réparation/enrichi en pro-calcium, complexe unique et breveté, le soin Nutrition Intense aide à renforcer la barrière cutanée. La peau retrouve sa consistance.Action anti-fripements : enrichi en Gelée royale, sa formule exclusive s'infiltre dans l'épiderme pour combler la peau de nutrition. Les zones fripées se déplissent. Dès l'application la peau est souple et confortable. Jour après jour elle se renutrit intensément et se défripe. A 4 semaines -90% de sécheresse. Lapeau retrouve sa consistance. || S'utilise quotidiennement sur le visage et le cou. || Aqua/water, paraffinum liquidum/mineral oil, glycerin, isocetyl stearate, hydrogenated polyisobutene, cyclohexasiloxane, butyrospermum parkii butter/shea butter, cera alba/beeswax, cetyl alcohol, glyceryl stearate, peg-100 stearate, hydroxyethylpiperazine ethane sulfonic acid, zea mays oil/corn oil, linalool, cera carnauba/carnauba wax, cera microcristallina/microcrystalline wax, paraffin, geraniol, royal jelly extract, sorbitan tristearate, calcium pantetheine sulfonate, eugenol, dimethicone, isohexadecane, coumarin, prunus armeniaca kernel oil/apricot kernel oil, ascorbyl glucoside, limonene, disodium edta, propylene glycol, hydroxyapatite, citronellol, passiflora edulis oil/passiflora edulis seed oil, xanthan gum, polysorbate 80, acrylamide/sodium acryloyldimethyltaurate copolymer, acrylates copolymer, oryza sativa bran oil/rice bran oil, methylparaben, caprylyl glycol, ethylparaben, benzyl alcohol, Cl15985/yellow 6, Cl47005/acid yellow 3, parfum/fragrance (F.I.L. B37670/1). || 12 mois après ouverture. || 
391,20€ / L || 
19,56 € || 
Age Perfect Nutrition Intense Nuit || Le pot de 50ml || Origine : ALLEMAGNE || 
391,20€ / L || 
19,56 € || 
Age Perfect Nutrition Intense Sérum || Le flacon de 30ml || Origine : ALLEMAGNE || Offrez à votre peau un élixir de nutriments précieux. Goutte après goutte, gorgée de nutrition, votre peau est comme réparée. Action réparatrice. Action anti-dessèchement. Action anti-relâchement. Immédiatement la peau est intensément nourrie, plus confortable et douce au toucher. Sa texture généreuse se transforme instantanément au contact de votre peau pour une sensation intense de confort. Votre peau est souple et infiniment soyeuse. || Prélevez quelques précieuses gouttes du sérum et appliquez du bout des doigts sur tout le visage et le cou en un massage délicat. A utiliser en complément de votre soin habituel, avant l'application de votre crème quotidienne. || Aqua/water, glycerin, alcohol denat, cyclohexasiloxane, isohexadecane, hydrogenated polyisobutene, jasminum officinale extract/jasmine flower extract, mel/honey, cetearyl ethylhexanoate, caffeine, cholesterol, ammonium polyacryldimethyltauramide/ammonium polyacryloyldimethyl taurate, isopropyl myristate, hydrolyzed soy protein, hydroxyapatite, hydroxypalmitoyl sphinganine, caprylyl glycol, biosaccharide gum-1, butylene glycol, phenoxyethanol, linalool, geraniol, eugenol, coumarin, limonene, citral, citronellol, benzyl alcohol, parfum/fragrance, methylparaben, propylparaben, ethylparaben, butylparaben, (FIL B50952/1). || 12 mois après ouverture. || 
609,33€ / L || 
18,28 € || 
Age Perfect Pro Calcium Jour || La boîte de 50ml || Origine : FRANCE || Les Laboratoires de L'Oréal créent Age Re-Perfect Pro-Calcium, pour les besoins spécifiques des peaux très matures.Le Pro-calcium bio-assimilable recharge la peau en calcium pour réactiver la cohésion cellulaire et reconstituer profondément l'épiderme. Actions : anti-affaissement : les tissus sont comme restructurés, plus résistants, ils retrouvent leur fonction de soutien. La peau est plus dense, plus souple pour un maintien durable. Anti-fragilisation : la fonction protectrice de la peau est renforcée. Profondément hydratée, la peau est mieux protégée et retrouve sa consistance. || S'utilise quotidiennement sur le visage et le cou. Sa texture voluptueuse et non collante enveloppe la peau, la préserve de la sensation de tiraillement pour un confort durable. Age Re-Perfect Pro-Calcium contient une protection solaire anti-UV d'indice 15 pour une peau idéalement protégée. Eviter le contour des yeux. || Aqua/water, cyclopentasiloxane, ethylhexyl methoxycinnamate, glycerin, paraffinum liquidum/mineral oil, myristyl myristate, phenylbenzimidazole sulfonic acid, stearic acid, triethanolamine, ammonium polyacryldimethyl taurate, palmitic acid, titaniumdioxide, PEG-100 stearate, squalane, glyceryl stearate, mannitol, PEG-20 stearate, stearyl alcohol, hydroxyapatite, cetyl alcohol, capryloyl salicylic acid, xanthan gum, acrylates copolymer, disodium EDTA, alumina, cyclodextrin, faex/yeast extract, myristyl alcohol, hydrolyzed soy protein, soluble collagen, disodium succinate, phenoxyethanol, methylparaben, DMDM hydantoin, butylparaben, iodopropynyl butylcarbamate, dmdm hydantoin, potassium sorbate, parfum/fragrance, limonene, linalool, alpha-isomethyl ionone, benzyl benzoate, geraniol, citronellol, coumarin, citral (FIL B12376/1). || 12 mois après ouverture. || 
391,20€ / L || 
19,56 € || 
Age Perfect Pro Calcium Nuit || Le pot de 50ml || Origine : FRANCE || Les Laboratoires de L'Oreal créent Age Re-Perfect Pro-Calcium Nuit, complémentaire au soin jour et plus concentré en calcium, pour les besoins spécifiques des peaux très matures pendant la nuit.Son complexe breveté recharge la peau en calcium afin defavoriser le processus d'auto-réparation nocturne. || S'utilise chaque soir sur le visage et le cou. Agréablement parfumée, sa texture veloutée et ultra-riche enveloppe la peau, la préserve de la sensation de tiraillement pour un meilleur confort au réveil. Eviter le contour des yeux. || Aqua / water, squalane, cyclohexasiloxane, glycerin, paraffinum liquidum / mineral oil, petrolatum, cetyl alcohol, peg-40 stearate, glyceryl stearate, sorbitan tristearate, cera alba / beeswax, hydroxyapatite, octyldodecanol, acrylamide/sodium acryloyldimethyltaurate copolymer, calcium pantetheine sulfonate, soluble collagen, mel / honey, tocopheryl acetate. dioscorea villosa / wild yam root extract, hexyldecanol, paraffin, acrylates copolymer, oryzanol, isohexadecane, capryloyl salicylic acid,stearyl alcohol, myristyl alcohol, polysorbate 80, disodium edta, sodium hydroxide. hydrolyzed soy protein, imidazolidinyl urea, methylparaben, chlorphenesin, propylparaben, potassium sorbate, parfum / fragrance, limonene, linalool, alpha-isomethyl ionone, benzyl benzoate, geraniol, citronellol. coumarin, citral (FIL b12893/1). || 12 mois après ouverture. || 
390,40€ / L || 
19,52 € || 
Age Perfect Renaissance Cellulaire Jour || Le pot de 50ml || Origine : FRANCE || La peau retrouve une nouvelle vitalité cellulaire. Immédiatement la peau est douce, souple et confortable. Jour après jour elle est régénérée, repulpée, éclatante comme une véritable renaissance. || Age conseillé : 45-75 ans. Texture : crème soyeuse, nourrissante et fine. S'applique tous les matins sur le visage et le cou bien nettoyés. Evitez le contour des yeux. || Aqua, octocrylene, glycerin, ethylhexyl salicylate alcohol denat, hydrogenated polyisobutene, bis-peg-18 methyl ether dimethyl silane, homosalate, butyl methoxydibenzoylmethane, dimethicone, cetearyl alcohol, peg-20, petrolatum, butyrospermum parkiibutter/shea butter, c13/14 isoparaffin, peg-100 stearate, glyceryl stearate, dimethiconol, dimethyl isosorbide, cetearyl glucoside, neohesperidin dihydrochalcone, sodium cocoyl glutamate, sodium hyaluronate, sodium hydroxide, cyclodextrin, adenosine,vigna aconitifolia seed extract, mannitol, disodium edta, disodium succinate, hydrolyzed cicer seed extract, hydroxyapatite, capryloyl salicylic acid, laureth-7, xanthan gum, faex extract/yeast extract, polyacrylamide, acrylates/c10-30 alkyl acrylate crosspolymer, cetyl alcohol, octyldodecanol, tocopheryl acetate, sodium dehydroacetate, phenoxyethanol, Ci14700/red 4, CI19140/yellow 5, linalool, geraniol, alpha isomethyl ionone, limonene, hydroxycitronellal, citronellol, hexyl cinnamal, benzyl salicylate, parfum (FIL B54859/3). || 12 mois après ouverture. || 
403,20€ / L || 
20,16 € || 
Age Perfect Renaissance Cellulaire Nuit || Le pot de 50ml || Origine : FRANCE || Telle une véritable renaissance, ce soin aide à créer de nouvelles cellules nuit après nuit. La peau retrouve une nouvelle vitalité cellulaire. Immédiatement elle est plus douce, nourrie et confortable. Nuit après nuit, elle est plus forte, dense : pleine de vie, comme une véritable renaissance. || S'applique tous les soirs sur le visage et le cou bien nettoyés. Evitez le contour des yeux. || Aqua/water, paraffinum liquidum/mineral oil, glycerin, dimethicone, squalane, glyceryl stearate, cetyl alcohol, peg-40 stearate, cera alba/beeswax, sorbitan tristearate, mel/honey, stearyl alcohol, cera microcristallina/microcrystalline wax, paraffin, calcium pantothenate, dimethyl isosorbide, neohesperidin dihydrochalcone, isohexadecane, sodium cocoyl glutamate, myristyl alcohol, vigna aconitifolia/vigna aconitifolia seed extract, disodium edta, hydrolyzed cicer seed extract, hydroxyapatite, capryloyl salicylic acid, polysorbate 80, acrylamide/sodium acryloyldimethyltaurate copolymer, acrylates copolymer, octyldodecanol, oryzanol, tocopheryl acetate pentaerythrityl tetra-di-t-butyl hydroxyhydrocinnamate, phenoxyethanol, chlorphenesin, Cl14700/red 4, Cl19140/yellow 5, linalool, geraniol, alpha-isomethyl ionone, limonene, hydroxycitronellal, citronellol, hexyl cinnamal, benzyl alcohol, benzyl salicylate, parfum/fragrance. (FIL B52848/2). || 12 mois après ouverture. || 
410,00€ / L || 
20,50 € || 
Age Perfect Renaissance Cellulaire Sérum || Le sérum de 30ml || Origine : FRANCE || Dès les premières gouttes, la peau est soyeuse, le teint plus frais. Jour après jour, la peau retrouve une nouvelle vitalité cellulaire. Elle est régénérée, repulpée visiblement sublimée. La formule est enrichie en Micro-Réflecteurs dorés, qui subliment instantanément la peau pour lutter contre le teint terne. || Age conseillé : 45-75 ans. Texture : sérum frais et illuminant. S'utilise matin et soir, seul ou avant votre soin quotidien. Appliquez quelques gouttes du bout des doigts sur tout le visage en un massage délicat. || Aqua, glycerin, alcohol denat, dimethicone, butylene glycol, dipropylene glycol, silica, paeonia suffructicosa extract/paeonia suffruticosa root extract, carbomer, zinc pca, methylsilanol/silicate crosspolymer, sodium hyaluronate, sodium hydroxide, ammonium polyacryldimethyltauramide/ammonium polyacryloyldimethyl taurate, disodium edta, propylene glycol, hydroxypropyl tetrahydropyrantriol, capryloyl salicylic acid, allyl methacrylates crosspolymer, CI77891/titanium dioxide, mica, linalool, geraniol, eugenol, coumarin, limonene, citronellol, benzyl alcohol, parfum (FIL B50725/1). || 12 mois après ouverture. || 
684,67€ / L || 
20,54 € || 
Crème-huile extraordinaire, nourrit, défatigue, illumine. Huiles essentielles + jasmin blanc, texture non grasse, fini soyeux. || Le pot de 50ml || Origine : FRANCE || 
411,00€ / L || 
20,55 € || 
Crème-masque anti-âge booster de réparation nuit, corrige, retexturise, reconstitue. || Le pot de 50ml || Origine : FRANCE || Revitalift Laser X3 nuit, une formule crème-masque anti-âge spécialement formulée pour la nuit, moment clé de la réparation cutanée. Triple pouvoir de réparation des signes de l'âge : corrige les rides, retexturise la peau en surface, reconstitue lafonction barrière de la peau. Texture innovante crème-masque : ultra-fine, ultra confortable, sa texture enveloppe délicatement le visage comme une 'seconde peau' et libère ses actifs en continu toute la nuit. Résultats visibles : au réveil, la peauparaît comme neuve : défroissée et retendue. || Age recommandé : de 40 à 60 ans. Texture : crème ultra-fine, fraîche et non grasse. S'applique en mouvements circulaires tous les soirs en couche fine sur le visage et le cou bien nettoyés. Convient à tous types de peaux, même sensibles. Soin testé sous contrôle dermatologique. || Aqua/water, dimethicone, simmondsia chinensis oil/jojoba seed oil, hydrogenated castor oil dimer dilinoleate, alcohol denat, hydroxypropyl tetrahydropyrantriol, glycerin, caprylic/capric triglyceride, propanediol, propylene glycol, cetyl alcohol, cetyl hydroxyethylcellulose, sodium acetate, sodium hyaluronate, sodium hydroxide, sodium nitrate, silica, silica (nano)/silica, disodium edta, disodium phosphate, hydrolyzed rice protein, capryloyl salicylic acid, caprylyl glycol, centella asiatica extract, xanthan gum, polysorbate 60, methylparaben, linalool, isoeugenol, limonene, citronellol, benzyl alcohol, parfum/fragrance (FIL B161150/2). || 12 mois après ouverture. || 
411,80€ / L || 
20,59 € || 
Lisseur rides instantané, soin de finition, technologie opti-blurappliquez après votre soin de jour habituel. || Le tube de 30ml || Origine : FRANCE || 
542,00€ / L || 
16,26 € || 
Lisseur rides instantané + soin anti-âge, technologie otpi-bur + pro-rétinol A. || Le pot de 50ml || Origine : FRANCE || 
325,20€ / L || 
16,26 € || 
Revitalift Jour || Le pot de 50ml || Origine : FRANCE || S'utilise tous les matins sur le visage et le cou parfaitement nettoyés.  Eviter le contact avec les yeux || Aqua, cyclopentasiloxane, glycerin, paraffinum liquidum, myristyl myristate, shorea robusta, stearic acid, palmitic acid, PEG-100 stearate, cera alba, glyceryl stearate, drometrizole trisiloxane, ethylhexyl methoxycinnamate, PEG-20 stearate, polyacrylamid || 
251,20€ / L || 
12,56 € || 
Revitalift Laser X3 Jour || Le pot de 50ml || Origine : FRANCE || Triple action anti-âge : corrige les rides : une formule enrichie en Acide Hyaluronique fragmenté qui pénètre rapidement pour corriger minutieusement les rides. Redensifie la peau : ce soin contient aussi du Pro-Xylane qui renforce les fibres de soutien de la peau pour aider à la redensifier pleinement. Remodèle le visage : une concentration de Pro-Xylane à 3% a été intégrée à un soin Revitalift pour stimuler la production des composants naturels de la peau, la repulper et remodeler le visage. || Age : de 40 à 60 ans. Texture : crème fine, soyeuse et non grasse. S'applique quotidiennement matin et/ou soir sur le visage et le cou bien nettoyés, par mouvements circulaires pour une meilleure pénétration. Convient à tous types de peaux, même sensibles. || Aqua/water, glycerin, isohexadecane, hydroxypropyl tetrahydropyrantriol, dimethicone, isopropyl isostearate, aluminum starch octenylsuccinate, propylene glycol, nylon-12, octyldodecanol, cetyl alcohol, ammonium polyacryldimethyltauramide/ammonium, polyacryloyldimethyl taurate, behenyl alcohol, C13-14 isoparaffin, peg-100 stearate, stearic acid, stearyl alcohol, arachidyl alcohol, triethanolamine, cetearyl alcohol, cetearyl glucoside, palmitic acid, adénosine, disodium edta, disodium stearoyl glutamate, hydrolyzed hyaluronic acid, capryloyl salicylic acid, laureth-7, polyacrylamide, polyethylene, methylisothiazolinone, methylparaben, phenoxyethanol, Cl 15985/yellow 6, Cl 19140/yellow 5, linalool, isoeugenol, limonene, citronellol, benzyl alcohol, parfum/fragrance (FIL B52510/1). || 12 mois après ouverture. || 
369,80€ / L || 
18,49 € || 
Revitalift Laser X3 Sérum Anti-Âge Peau Neuve || Le sérum de 30ml || Origine : FRANCE || Une triple action anti-âge pour un effet peau neuve : corrige les rides, redensifie la peau, resurface le visage. En quelques jours, la qualité de la peau est transformée. Au toucher, la peau significativement plus lisse et son grain est visiblementplus régulier. Jour après jour, les rides se réduisent, les pores se resserrent progressivement. La peau est plus homogène et plus ferme. || S'utilise matin et soir, seul ou avant votre soin quotidien Revitalift Laser X3. Appliquez quelques gouttes du bout des doigts sur tout le visage et faire pénétrer par un massage circulaire. || Aqua/water, dipropylene glycol, dimethicone, glycerin, hydroxypropyl tetrahydropyrantriol, propylene glycol, C12-15 alkyl benzoate, alcohol denat, dimethicone/vinyl dimethicone crosspolymer, peg-100 stearate, stearic acid, potassium cetyl phosphate,potassium hydroxide, carbomer, glyceryl stearate, silica, 2-oleamido-1,3-octadecanediol, palmitic acid, disodium edta, hydrolyzed hyaluronic acid, hydroxyethylcellulose, capryloyl salicylic acid, xanthan gum, cetyl alcohol, octyldodecanol, tocopherylacetate, phenoxyethanol, Cl15985/yellow 6, Cl19140/yellow 5, Cl77891/titanium dioxide, mica, linalool, limonene, citronellol, benzyl alcohol, parfum/fragrance. (F.I.L. B52553/1). || 12 mois après ouverture. || 
628,33€ / L || 
18,85 € || 
Revitalift Nuit || La boîte de 50ml || Origine : FRANCE || Une texture onctueuse et riche qui pénètre immédiatement dans la peau. S'utilise tous les soirs. Dès le réveil : une peau plus douce, plus belle.Action profonde : la technologie Stimulift de l'Oréal est conçue pour agir dans les couches de la peau pour stimuler 8 lifteurs naturels, relancer leur production naturelle et ainsi remettre la peau en tension en la repulpant de l'intérieur. Le Pro-Rétinol A, puissance actif anti-rides, connu pour stimuler la régénération cellulaire. La nuit, RevitaliftNuit stimule la régénération cutanée. || S'utilise tous les soirs. || Aqua/water, glycerin, dimethicone, hydrogenated polyisobutene, cetyl alcohol, glyceryl stearate, aluminium starch octenylsuccinate, peg-40 stearate, prunus armeniaca kernel oil/apricot kernel oil, shorea robustat butter/shorea robusta seed butter, paraffinum liquidum/mineral oil, paraffin, zea mays extract/corn kernel extract, stearic acid, stearyl alcohol, cera microcristallina/microcrystalline wax, sorbitan tristearate, glycine soja protein/soybean protein, triethanolamine, isohexadecane, myristyl alcohol, palmitic acid, phenethyl alcohol, hydrolyzed elastin, hydrolyzed soy protein, caprylyl glycol, acetyl trifluoromethylphenyl valylglycine, faex extract/yeast extract, polysorbate 80, acrylamide/sodium, acryloyldimethyltaurate copolymer,retinyl palmitate, potassium sorbate, sodium benzoate, phenoxyethanol, linalool, geraniol, alpha-isomethyl ionone, amyl cinnamal, limonene, citral, citronellol, butylphenyl methylpropional, hexyl cinnamal, benzyl alcohol, benzyl benzoate, benzyl cinnamate, benzyl salicylate, parfum/fragrance, (F.I.L. B42523/1). || 12 mois après ouverture. || 
273,00€ / L || 
13,65 € || 
Revitalift Total Repair 10 BB Crème Teinte Medium || Le flacon de 50ml || Origine : FRANCE || Effet perfecteur immédiat : corrige les imperfections du teint, couvre les cernes, unifie le teint, améliore la qualité de la peau, ravive l'éclat.Action anti-âge longue durée : lisse les rides, raffermit la peau, atténue les taches, hydrate intensément, protège contre les UV. || Aqua/water, glycerin, ethylhexyl salicylate, niacinamide, dimethicone, alcohol denat, octocrylene, butyl methoxydibenzoylmethane, isopropyl isostearate, phenylbenzimidazole sulfonic acid, ammonium polyacryldimethyl taurate/ammonium, polyacryloyldimethyl taurate, triethanolamine, behenyl alcohol, phenoxyethanol, octyldodecanol, hydrolyzed soy protein, disodium stearoyl, glutamate, cetyl alcohol, polyacrylamide, dimethiconol, methylparaben, cetearyl alcohol, sodium acrylates copolymer, caprylic/capric triglyceride, C13-14 isoparaffin, tocopheryl acetate, panthenol, peg-100 stearate, arachidyl alcohol, parfum/fragrance, retinyl palmitate, capryloyl salicylic acid, disodium edta, laureth-7, cetearyl glucoside, stearic acid, carbomer, acetyl trifluoromethylphenyl valylglycine, faex extract/yeast extract, linalool, benzyl salicylate, methylisothiazolinone, citronellol, geraniol, benzyl alcohol, limonene, alpha-isomethyl ionone, coumarin, hydroxyisohexyl 3-cyclohexene carboxaldehyde, (+/- maycontain Cl77891/titanium dioxide, mica, Cl77491, Cl77492, Cl77499/iron oxides). (F.I.L. B49208/1). || 12 mois après ouverture. || 
263,40€ / L || 
13,17 € || 
Revitalift Total Repair 10 Jour || Le pot de 50ml || Origine : ALLEMAGNE || Combat 10 signes de l'âge : rides, ridules, perte de fermeté, perte d'élasticité, manque de rebond, taches, teint brouillé, vieillissement du décolleté, grain de peau irrégulier, dessèchement. || Excellente base de maquillage. Appliquer chaque matin. || Aqua/water, glycerin, ethylhexyl salicylate, niacinamide, dimethicone, alcohol denat, octocrylene, butyl methoxydibenzoylmethane, isopropyl isostearate, phenylbenzimidazole sulfonic acid, C13-14 isoparaffin, peg-100 stearate, stearic acid, titanium dioxide, carbomer, arachidyl alcohol, ptfe, behenyl alcohol, triethanolamine, dimethiconol, cetearyl alcohol, cetearyl glucoside, sodium acrylates copolymer, alumina, ammonium polyacryldimethyltauramide/ammonium polyacryloyldimethyl taurate, disodiumedta, disodium stearoyl glutamate, hydrolyzed elastin, hydrolyzed soy protein, caprylic/capric triglyceride, capryloyl salicylic acid, laureth-7, acetyl trifluoromethylphenyl valylglycine, panthenol, faex extract/yeast extract, polyacrylamide, cetylalcohol, octyldodecanol, retinyl palmitate, tocopheryl acetate, methylisothiazolinone, methylparaben, phenoxyethanol, Cl15510/orange 4, linalool, geraniol, alpha-isomethyl ionone, coumarin, limonene, hydroxyisohexyl 3-cyclohexene carboxaldehyde, citronellol, benzyl alcohol, benzyl salicylate, parfum/fragrance. (F.I.L. B45928/1). || 12 mois après ouverture. || 
277,80€ / L || 
13,89 € || 
Revitalift Total Repair 10 Nuit || Le flacon de 50ml || Origine : ALLEMAGNE || Sa texture soyeuse et non grasse, enrichie en glycérine, hydrate intensément votre peau et l'enveloppe de confort pendant votre sommeil.Résultat : dès 4h la peau est plus ferme, plus tonique. Après 4 semaines : 70% des femmes constatent une diminution des rides. Après 8 semaines : la peau est plus rebondie, comme repulpée. || Appliquer le soir. || Aqua, glycerin, dimethicone, isohexadecane, cyclohexasiloxane, alcohol denat, dipropylene glycol, synthetic wax, dimethicone/peg-10/15 crosspolymer, peg-10 dimethicone, triethanolamine, dimethicone/polyglycerin-3 crosspolymer, sodium acrylates copolymer, sodium hydroxide, sodium polyacrylate, adénosine, ascorbyl glucoside, nylon-12, disodium edta, propylene carbonate, hydrolyzed soy protein, hydroxyethylpiperazine ethane sulfonic acid, caprylic/capric triglycéride, acetyl trifluoromethylphenyl valylglycine, disteardimonium hectorite, faex extract/yeast extract, ethylhexylglycerin, polysilicone-8, tocopheryl acetate, phenoxyethanol, CI 15510/orange 4, linalool, geraniol, alpha-isomethyl ionone, coumarin, limonene, hydroxyisohexyl 3-cyclohexene carboxaldehyde, citral, citronellol, benzyl alcohol, benzyl salicylate, parfum. (FIL B49735/1). || 12 mois après ouverture. || 
281,60€ / L || 
14,08 € || 
Revitalift Total Repair 10 Sérum || Le flacon de 30ml || Origine : ALLEMAGNE || Sa texture légère fusionne avec la peau dès l'application pour la laisser souple et veloutée.Le grain de peau est lissé, les résultats sont visibles : dès 1 heure : effet flash tenseur, les ridules sont lissés. Dès 4 heures : la peau est plus ferme,plus tonique, plus élastique. || Appliquer quelques gouttes du sérum du bout des doigts sur l'ensemble du visage matin et/ou soir. S'utilise seul ou avant votre soin quotidien. || Aqua, alcohol denat, dipropylene glycol, bifida ferment lysate, glycerin, bis-peg-18 methyl ether dimethyl silane, peg/ppg/polybutylene glycol-8/5/3 glycerin, hydroxyethylpiperazine ethane sulfonic acid, ppg-3 myristyl ether, carbomer, triethanolamine, sodium hyaluronate, sodium polyacrylate, salicyloyl phytosphingosine, aluminium starch octenylsuccinate, adénosine, ammonium polyacryldimethyltauramide/ammonium, polyacryloyldimethyl taurate, hydrolyzed soy protein, acetyl trifluoromethylphenyl valylglycine, xanthan gum, faex extract/yeast extract, methylparaben, sodium benzoate, phenoxyethanol, chlorphenesin, linalool, geraniol, alpha-isomethyl ionone, coumarin, limonene, citronellol, benzyl alcohol, benzyl salicylate, parfum (FIL B49673/1). || 12 mois après ouverture. || 
467,33€ / L || 
14,02 € || 
Revitalift Visage, Contour et Cou || Le pot de 50ml || Origine : FRANCE || Action profonde. Les laboratoires de L'Oréal Paris créent leur 1er soin remaillant Visage Contours & Cou pour ne pas laisser le temps alourdir les traits.La formule associe : 2 fois plus d'élastine que le Soin de jour. L'élastine, protéine naturellement présente dans la peau, est essentielle à son élasticité et à sa fermeté. De la vitafibrine, qui consolide le maillage existant des fibres d'élastine pour lutter contre sa distension. Du Pro-rétinol A, puissant actif anti-rides. || S'utilise matin et/ou soir sur le visage, les contours et le cou. Appliquez le produit par effleurages successifs en partant du cou et en remontant sur les contours et sur le visage. Puis effectuer des petits pincements de peau toniques sur les zonesd'application. Vous pouvez répéter cette gestuelle jusqu'à 3 fois. Evitez le contact avec les yeux. || Aqua/water, hydrogenated polyisobutene, glycerin, cyclohexasiloxane, butyrospermum parkii butter/shea butter, poly C10-30 alkyl acrylate, aluminum starch octenylsuccinate, sucrose stearate, cera alba/beeswax, stearic acid, linalool, geraniol, triethanolamine, dimethicone, dimethiconol, caffeine, sodium citrate, sodium hydroxide, sodium polyacrylate, helianthus annuus seed oil/sunflower seed oil, silica, amyl cinnamal, vigna aconitifolia/vigna aconitifolia seed extract, limonene, hydrolyzed elastin/hydrolyzed elastin, hydrolyzed soy protein, citronellol, acetyl trifluoromethylphenyl valylglycine, crithmum maritimum extract, oxothiazolidinecarboxylic acid, acrylates/C10-30 alkyl acrylate crosspolymer, butylphenyl methylpropional, benzyl benzoate, benzyl salicylate, retinyl palmitate, methylparaben, chlorphenesin, propylparaben, benzyl alcohol, parfum/fragrance, alpha-isomethyl ionone, hexyl cinnamal. (F.I.L. B34689/1). || 12 mois après ouverture. || 
287,60€ / L || 
14,38 € || 
Revitalift Yeux || Le pot de 15ml || Origine : FRANCE || Le Pro-Rétinol A est un puissant actif anti-rides connu pour stimuler la régénération cellulaire. L'Elasti-flex est un complexe exclusif qui multiplie et renforce le réseau de fibres d'élastine pour leur donner plus de ressort. Le réseau de soutien de la peau se densifie pour une peau plus élastique et extra-ferme. Résultats : Immédiatement, un contour de l'oeil hydraté, tonifié. En 4 semaines, les rides de la patte d'oie sont réduites. || Action : anti-rides + Extra-Fermeté. Age : entre 45 et 50 ans. Texture : crème fondante et fraîche. S'utilise quotidiennement matin et soir. Appliquer délicatement en partant du coin interne de l'oeil vers le coin externe, en tapotant légèrement du bout des doigts. || Aqua/water, dimethicone, glycerin, C12-15 alkyl benzoate, shorea robusta butter/shorea robusta seed butter, stearic acid, palmitic acid, peg-100 stearate, glyceryl stearate, acetyl trifluoromethylphenyl valylglycine, acrylamide/sodium acryloyldimethyltaurate copolymer, acrylates copolymer, caffeine, cetyl alcohol, chlorhexidine digluconate, ethylparaben, faex extract/yeast extract, glycine soja protein/soybean protein, hydrolyzed soy protein, isohexadecane, methylparaben, paraffin, peg-20 stearate, phenyl ethyl alcohol, polysorbate 80, potassium sorbate, retinyl palmitate, sodium benzoate, stearyl alcohol, triethanolamine, phenoxyethanol (FIL B54804/1). || 6 mois après ouverture. || 
998,67€ / L || 
14,98 € || 
Soin yeux nouveau regard || Le tube de 15ml || Origine : FRANCE || Triple action anti-âge : corrige les rides : il contient de l'Acide Hyaluronique fragmenté pour corriger minutieusement les rides du contour de l'oeil. Retend la peau : il contient également du Pro-Xylane qui stimule et renforce les fibres de soutiende la peau, pour la tonifier et la raffermir. Dégonfle les poches : enrichi en Caféine, il stimule la microcirculation, pour dégonfler les poches et possède un applicateur en métal pour un effet frais immédiat. || Age : de 40 à 60 ans. Texture : fluide lissant, non gras. S'utilise matin et soir. Pressez le tube et déposez une noisette de crème sur le contour de l'oeil puis massez à l'aide de l'embout par des mouvements de l'intérieur vers l'extérieur. || Aqua/water, dimethicone, glycerin, silica, acrylamide/sodium acryloyldimethyltaurate copolymer, prunus armeniaca kernel oil/apricot kernel oil, triethanolamine, dimethicone/vinyl dimethicone crosspolymer, dimethiconol, caffeine, isohexadecane, adénosine, disodium edta, propylene glycol, hydrolyzed hyaluronic acid, hydroxyethylpiperazine ethane sulfonic acid, hydroxypropyl tetrahydropyrantriol, polysorbate 80, acrylates/C10-30 alkyl acrylate crosspolymer, tocopheryl acetate, phenoxyethanol, chlorphenesin, Cl 77891/titanium dioxide, MICA (FIL B50260/1). || 6 mois après ouverture. || 
1218,67€ / L || 
18,28 € || 
Soin de jour Bio vital, rides & relâchement || Le tube de 50ml || Origine : FRANCE || 98% d'ingrédients d'origine naturelle. Parfum 100% d'origine naturelle. Sans paraben, sans silicone, sans colorant de syntèse, sans huile issue de la pétrochimie, sans PEG. || 
195,40€ / L || 
9,77 € || 
Soin de jour Bio vital, rides & relâchement || Le tube de 50ml || Origine : FRANCE || 98% d'ingrédients d'origine naturelle. Parfum 100% d'origine naturelle. Sans paraben, sans silicone, sans colorant de syntèse, sans huile issue de la pétrochimie, sans PEG. || 
195,40€ / L || 
9,77 € || 
Anti-âge complet, soin de jour soja || Le pot de 50ml || Origine : POLOGNE || 
294,40€ / L || 
14,72 € || 
Anti-âge complet, vital, soin de nuit, soja , peaux matures || Le pot de 50ml || Origine : POLOGNE || Votre peau est plus ferme, plus souple, moins ridée. Régénérée pendant la nuit, elle rayonne d'un nouvel éclat au réveil.Le Soin de nuit Nivea Vital Anti-âge Comolet : stimule le processus naturel de renouvellement cellulaire pendant la nuit. Raffermit visiblement la peau pour lui donner plus de soutien. Réduit visiblement rides et ridules. Régénère et nourrit intensément la peau. Repose la peau et redonne de l'éclat. || Tous les soirs, appliquez sur le visage, le cou et le décolleté en évitant le contour de l'oeil. || Aqua, glycerin, butyrospermum parkii butter, isopropyl palmitate, hydrogenated coco-glycerides, cetyl alcohol, glyceryl stearate citrate, dimethicone, methylpropanediol, simmondsia chinensis seed oil, stearyl alcohol, glycine soja germ extract, glycyrrhiza inflata root extract, vitis vinifera seed oil, panthenol, sodium carbomer, ethylhexylglycerin, acrylates/C10-30 alkyl acrylate crosspolymer, trisodium edta, bht, phenoxyethanol, methylparaben, propylparaben, linalool, benzyl alcohol, citronellol, geraniol, butylphenyl methylpropional, limonene, benzyl benzoate, eugenol, coumarin, parfum. || 12 mois après ouverture. || 
297,60€ / L || 
14,88 € || 
Anti ride light Q10, soin de jour FPS 15 || Le pot de 50ml || Origine : FRANCE || Protège activement la peau contre les effets néfastes du rayonnement lumineux et contribue ainsi à prévenir la formation de nouvelles rides. Testé sous contrôle dermatologique. || Utilisez quotidiennement, idéalement après avoir soigneusement nettoyé votre visage et votre cou avec les produits de toilette Nivea Visage. Appliquez en massant délicatement du bout des doigts, par petits cercles du bas vers le haut du visage, en évitant le contour des yeux. En complément, nous vous recommandons d'utiliser le Soin Anti-rides Q 10 plus contour de l'oeil pour la zone délicate du contour des yeux et le Soin Anti-rides Q 10 plus nuit pour favoriser la régénération de votre peau pendant la nuit. || Aqua, cyclomethicone, dicaprylyl carbonate, alcohol denat., ethylhexyl salicylate, glycerin, phenylbenzimidazole sulfonic acid, butyl methoxydibenzoylmethane, sucrose polystearate, dimethicone, methylpropanediol, ubiquinone, pimpinella anisum extract, sodium stearoyl glutamate, dimethiconol, ammonium acryloyldimethyltaurate/VP copolymer, hydrogenated polyisobutene, chondrus crispus, sodium carbomer, acrylates/C10-30 alkyl acrylate crosspolymer, trisodium EDTA, sodium chloride, phenoxyethanol, benzyl alcohol, limonene, parfum. || 12 mois après ouverture. || 
288,20€ / L || 
14,41 € || 
Roll-on yeux, anti-rides et anti-poches || Le roll-on de 10ml || Origine : FRANCE || Le roll-on yeux anti-poches anti-rides Nivea Visage Q10 Plus combat les rides et les ridules dans les couches profondes de l'épiderme.La formule légère et hydratante s'applique en légers massages circulaires. Enrichi en panthenol et en Q10, le roll-on yeux anti-poches anti-rides : apporte un effet frais immédiat, réduit instantanément les poches, combat les rides et les ridules. || Secouez le flacon avant utilisation. Appliquez ensuite la bille du roll-on sur la zone en dessous de l'oeil en légers massages circulaires en commençant par le coin interne. Si besoin, tapotez doucement du nez vers les pommettes avec vos doigts pourfavoriser la pénétration du produit. Convient aux porteurs de lentilles. || Aqua, glycerin, caprylic/capric triglyceride, dicaprylyl carbonate, octyldodecanol, panthenol, ubiquinone, pimpinella anisum fruit extract, tocopheryl acetate, sodium acrylates/C10-30 alkyl acrylate crosspolymer, trisodium edta, phenoxyethanol, methylparaben, methylisothiazolinone. Sans parfum. Bille sans nickel. || 12 mois après ouverture. || 
1245,00€ / L || 
12,45 € || 
Sérum concentré perfecteur de peau,lisse et affine le grain de   peau, réduit les rides, améliore la fermeté || Le tude de 40ml || Origine : FRANCE || Cette formule à la texture légère est un traitement concentré et intensif. Elle accélère la vitesse de régénération de la peau. Affine immédiatement le grain de peau. Réduit les rides et ridules. Amélioration prouvée de la fermeté. Réduit les signesde fatigue. Au toucher, ressentez comme une sensation de seconde peau : une peau douce et lisse. || Appliquez tous les jours sur le visage, le cou et le décolleté, après les avoir soigneusement nettoyés. Idéal en tant que base de maquillage. || 12 mois après ouverture. || 
410,75€ / L || 
16,43 € || 
Sérum élixir d'énergie, peaux ternes et fatiguées Q10 plus anti-rides || Le tube de 40ml || Origine : FRANCE || 
385,00€ / L || 
15,40 € || 
Soin contour de l'oeil || Le flacon de 15ml || Origine : FRANCE || Le Soin Anti-rides Q10 plus Contour Yeux fait partie de notre programme Anti-rides Q10 plus.Sa formule légère, sans parfum, est enrichie en filtres UVA/UVB et aide ainsi à renforcer les défenses naturelles de la peau. Facile à appliquer, elle pénètrerapidement et : augmente la teneur naturelle en Q10 de la peau, combat les rides dans les couches profondes de l'épiderme et lisse visiblement la peau. Aide à renforcer les défenses naturelles de la peau grâce aux filtres UVA/UVB. Réduit les cernessous les yeux. Résultats : la peau délicate du contour des yeux est lissée. Les cernes s'estompent visiblement. Les signes de fatigue sont atténués. || Utilisez quotidiennement, idéalement après avoir soigneusement nettoyé votre visage et votre cou avec les produits de toilette Nivea Visage. Appliquez une noisette de crème sous chaque oeil parfaitement démaquillé et nettoyé, en tapotant légèrement du nez vers les pommettes. Convient aux porteurs de lentilles. || Aqua, glycerin, cyclomethicone, glyceryl stearate, dimethicone, C12-15alkyl benzoate, caprylic/capric triglyceride, cetearyl alcohol, octyldodecanol, titanium dioxide, hydrogenated vegetable oil, nylon-12, tapioca starch, ubiquinone, pimpinella anisum extract, tocopheryl acetate, cera microcristallina, potassium cetyl phosphate, paraffinum liquidum, hydrogenated palm glycerides, sodium acrylates/C10-30 alkyl acrylate crosspolymer, sodium carbomer, trimethoxycaprylylsilane, phenoxyethanol, dmdm hydantoin. Sans parfum. || 12 mois après ouverture. || 
809,33€ / L || 
12,14 € || 
Soin contour de l'oeil, lisse les ridules, améliore la fermeté   Acide hyaluronique & extrait de Magnolia || Le tube de 15ml || Origine : FRANCE || Cette formule à la texture légère est spécialement conçue pour prendre soin de la zone délicate du contour de l'oeil. Cette formule accélère la vitesse de régénération de la peau. Les ridules du contour de l'oeil sont instantanément lissées et les rides visiblement réduites. Amélioration prouvée de la fermeté et de la régénération de la peau. La peau sensible du contour de l'oeil est ressourcée, instantanément hydratée. La peau parait immédiatement reposée. || Appliquez tous les jours sur le contour de l'oeil, en tapotant du doigt pour faire pénétrer la crème, de l'intérieur vers l'extérieur. Convient aux porteurs de lentilles. || 12 mois après ouverture. || 
1095,33€ / L || 
16,43 € || 
Soin de jour anti-rides, huile d'argan bio et extrait de bardane  bio || Le pot de 50ml || Origine : POLOGNE || 
212,20€ / L || 
10,61 € || 
soin de jour anti-rides, Q10 plus || Le pot de 50ml || Origine : FRANCE || Nivea Q10 plus Crème d'Energie est un soin de jour anti-rides qui réduit visiblement les rides tout en réveillant immédiatement l'éclat de la peau. La nouvelle formule revitalisante enrichie en baie de Goji naturelle : réveille la peau et réduit lessignes de fatigue, combat efficacement les rides en augmentant la teneur naturelle en Q10 et en créatine de la peau, prévient la formation de nouvelles rides causées par les agressions extérieures grâce à sa protection contre les UVA et à son FPS 15.Résultat : les rides sont visiblement réduites, la peau est fraîche et éclatante comme après une bonne nuit de sommeil. Vous rayonnez. || Convient à toutes les peaux même les plus sensibles. Utilisez chaque matin après avoir soigneusement nettoyé votre visage et votre cou. Appliquez en massant délicatement du bout des doigts, en évitant le contour de l'oeil. || Aqua, glycerin, ethylhexyl salicylate, cetearyl alcohol, cyclomethicone, butyl methoxydibenzoylmethane, glyceryl stearate citrate, methylpropanediol, octocrylene, C12-15 alkyl benzoate, hydrogenated coco-glycerides, sodium phenylbenzimidazole sulfonate, ubiquinone, creatine, 1-methylhydantoin-2-imide, lycium barbarum fruit extract, chondrus crispus extract, carbomer, acrylates/C10-30 alkyl acrylate crosspolymer, trisodium edta, ethylhexylglycerin, phenoxyethanol, methylparaben, ethylparaben, linalool, limonene, parfum, Cl 16035. || 12 mois après ouverture. || 
288,20€ / L || 
14,41 € || 
Soin de jour anti-rides Q10 plus, programme anti-rides || La boîte de 50ml || Origine : FRANCE || Réduit efficacement les rides, prévient activement leur formation, augmente la teneur naturelle en Q10 de la peau.Sa formule contient désormais une protection renforcée contre les UVA pour prévenir encore plus efficacement la formation de nouvelles rides. Le soin de Jour intensément hydratant : augmente la teneur naturelle en Q10, combat les rides dans les couches profondes de l'épiderme et lisse visiblement la peau. Aide à renforcer les défenses naturelles de la peau et prévient la formation denouvelles rides causées par les agressions extérieures, grâce à sa protection renforcée contre les UVA et son FPS 15. Résultat : peau plus lisse et visiblement plus jeune. || Utilisez quotidiennement, idéalement après avoir soigneusement nettoyé votre visage et votre cou avec les produits de toilette Nivea Visage. Appliquez en massant délicatement du bout des doigts, par petits cercles du bas vers le haut du visage, en évitant le contour des yeux. Testé sous contrôle dermatologique. || Aqua, glycerin, cetearyl alcohol, ethylhexyl salicylate,  methylpropanediol, butyrospermum parkii butter, glyceryl stearate, butyl methoxydibenzoylmethane, C12-15 alkyl benzoate, octocrylene, cera microcristallina, paraffinum liquidum, caprylic/capric triglyceride, sodium phenylbenzimidazole sulfonate, ubiquinone, pimpinella anisum extract, tocopheryl acetate, PEG-40 stearate, chondrus crispus, carbomer, dimethicone, titanium dioxide, trimethoxycaprylylsilane, trisodium EDTA, ethylhexylglycerin,phenoxyethanol, methylparaben, benzyl alcohol, limonène, parfum. || A consommer dans les 12 mois après ouverture. || 
240,00€ / L || 
12,00 € || 
Soin de jour fermeté argan, vital, peaux matures, sèches || Le pot de 50ml || Origine : POLOGNE || Le soin de jour NIVEA VITAL Fermeté Argan est enrichi en huile d'Argan précieuse et en calcium. Il nourrit intensément et raffermit les peaux matures.Sa formule extra riche hydrate et nourrit intensément votre peau. Protège et renforce les peaux fragilisées par les signes du vieillissement. Résultat : votre peau est plus souple, plus ferme et éclatante, pour une sensation de confort tout au long de la journée. || Age conseillé : 40 .55+. Utilisez ce soin chaque jour après avoir soigneusement nettoyé votre peau avec des produits de toilette NIVEA VITAL. Appliquez sur le visage, le cou et le décolleté en évitant le contour de l'oeil. Pour faire pénétrer la crème, massez délicatement en effectuant de petits cercles du bas vers le haut du visage. || Aqua, glycerin, octocrylene, cetearyl alcohol, methylpropanediol, caprylic/capric triglyceride, ethylhexyl salicylate, glyceryl stearate citrate, butyl methoxydibenzoylmethane, dimethicone, isopropyl palmitate, octyldodecanol, synthetic beeswax, calcium pantothenate, vitis vinifera seed oil, argania spinosa kernel oil, tocopherol, xanthan gum, sodium carbomer, trisodium edta, ethylhexyglycerin, phenoxyethanol, methylisothiazolinoe, linalool, citronellol, benzyl alcohol, alpha-isomethyllonone, hexyl cinnamal, butylphenyl methylpropional, geraniol, limonene, benzyl benzoate, eugenol, coumarin, parfum. || 12 mois après ouverture. || 
279,40€ / L || 
13,97 € || 
Soin de jour Q10 plus || La boîte de 50ml || Origine : FRANCE || 
247,00€ / L || 
12,35 € || 
Soin de nuit anti-rides à l'huile d'argan bio et extrait de bardane bio || Le pot de 50ml || Origine : POLOGNE || 
240,00€ / L || 
12,00 € || 
Soin éclat correction teint, Q10plus, anti-rides, corrige, unifieet sublime le teint. FPS15. || Le tube de 50ml || Origine : FRANCE || La CC Crème Q10+ de Nivea agit en harmonie avec votre peau : elle aide à prévenir efficacement les signes de l'âge en lui redonnant du Q10 et de la Créatine. Dans une texture légère et fondante, la CC crème Q10+ de Nivea : corrige les imperfections grâce à ses pigments minéraux teintés et agents réflecteurs de lumière. Sublime et unifie le teint chaque jour pour un effet bonne mine naturel. Prévient et réduit les rides en augmentant la teneur naturel en Q10 et en Créatine de la peau. Préserve lapeau des agressions extérieures grâce à sa protection contre les UVA et son FPS 15. Résultat : les imperfections sont corrigées, le teint naturellement sublimé. Jour après jour, la peau est plus lisse, rayonnante de jeunesse. Votre peau est éclatante pour aujourd'hui et pour demain ! Testé sous contrôle dermatologique. || Utilisez chaque matin après avoir nettoyé votre visage. Appliquez en massant délicatement, en évitant le contour de l'oeil. Teinte universelle qui convient à toutes les couleurs de peau. || 12 mois après ouverture. || 
293,60€ / L || 
14,68 € || 
Stimulateur de jeunesse, soin de nuit, réduit les rides, améliore la fermeté, acide hyaluronique & extrait de Magnolia || Le pot de 50ml || Origine : FRANCE || Cette formule nourrissante aide à régénérer la peau pendant la nuit. Rapidement absorbée, elle procure des sensations immédiates : efficacité, douceur et confort, comme une seconde peau. Les rides sont réduites, la peau est ressourcée, intensément hydratée. Au toucher, ressentez comme une sensation de seconde peau : une peau lisse et douce. || Appliquez tous les soirs sur le visage après l'avoir soigneusement nettoyé. || 12 mois après ouverture. || 
324,60€ / L || 
16,23 € || 
Stimulateur de jeunesse, soin du jour, réduit les rides, améliorela fermeté, acide hyaluronique & extrait de Magnolia || Le pot de 50ml || Origine : FRANCE || Appliquée régulièrement cette formule accélère la vitesse de régénération de la peau. Aide à protéger votre peau des dommages cellulaires, des taches et du vieillissement causé par les rayons UV. Les rides sont réduites, la peau est ressourcée, intensément hydratée. Au toucher, ressentez comme une sensation de seconde peau : une peau lisse et douce. || Appliquez tous les jours sur le visage après l'avoir soigneusement nettoyé. Evitez tout contact avec les yeux. || 12 mois après ouverture. || 
324,60€ / L || 
16,23 € || 
Démaquillant biphasé Yeux waterproof express & douceur || Un flacon de 150ml || Origine : FRANCE || 
20,53€ / L || 
3,08 € || 
Démaquillant yeux à l'extrait d'hibiscus & à l'aloe vera || Le flacon de 125ml || Origine : FRANCE || 
24,64€ / L || 
3,08 € || 
Démaquillant yeux à l'extrait d'hibiscus & à l'aloe vera || Le flacon de 125ml || Origine : FRANCE || 
24,64€ / L || 
3,08 € || 
Démaquillant yeux doux nettoie et rafraîchit , extrait de bleuet. || Le flacon de 150ml || Origine : FRANCE || Le démaquillant doux pour les yeux Monoprix a été spécialement conçu pour vous assurer un démaquillage tout en douceur. Sa formule enrichie en extrait de bleuet, respecte la zone sensible du contour de l'oeil. Le démaquillant nettoie parfaitement vosyeux et vous laisse une sensation de fraîcheur sans film gras. Votre peau est nette et douce. pH adapté au pH lacrymal. Sans parfum, enrichi en provitamine B5. || Appliquez matin et soir sur un coton et démaquillez délicatement les yeux, sans frotter. Inutile de rincer. || Aqua, propylene glycol, olive oil peg-7 esters, glycerin, phenoxyethanol, sodium peg-7 olive oil carboxylate, caprylyl glycol, tetrasodium edta, panthenol, centaurea cyanus flower extract, Cl 42090. || 6 mois après ouverture. || 
15,93€ / L || 
2,39 € || 
Démaquillant yeux express, efface au premier passage, spécial maquillage waterproof || Le flacon de 200ml || Origine : FRANCE || Efficace au 1er passage. Non gras. || Bien agiter avant chaque utilisation pour mélanger les 2 phases. || Aqua (water), isohexadecane, isopropyl palmitate, cyclopentasiloxane, cyclohexasiloxane, glycerin, sodium benzoate, methylparaben, tetrasodium EDTA, citric acid, ethylparaben, Cl61565 (green 6). || 12 mois après ouverture. || 
25,70€ / L || 
5,14 € || 
Démaquillant yeux anti-poches & cernes, extraits de coton. || Le pot de 30 cotons || Origine : FRANCE || Démaquille efficacement et contribue à atténuer les poches et les cernes. Non gras. Waterproof. || Aqua, paraffinum liquidum, butylene glycol, isohexadecane, isopropyl palmitate, cyclopentasiloxane, cyclohexasiloxane, glyceryl stearate, polyaminopropyl biguanide, maltodextrin, panthenol, ceteareth-20, ceteareth-12, cetearyl alcohol, cetyl palmitate, methylparaben, vitis vinifera leaf extract, propylene glycol, centaurea cyanus flower extract, gossypium herbaceum seed extract, sodium benzoate, potassium sorbate, phenoxyethanol, ethylparaben, butylparaben, propylparaben, isobutylparaben, disodium edta, sodium hydroxide, parfum. || 
0,12€ / Pce || 
3,70 € || 
Démaquillant douceur yeux, tous types de peau || Le flacon de 125ml || Origine : FRANCE || Développé sous contrôle ophtalmologique, le démaquillant Douceur Yeux enlève efficacement le maquillage tout en respectant la zone délicate du contour de l'oeil et les cils. || Convient également aux porteurs de lentilles. Appliquez à l'aide d'un coton. || Aqua, poloxamer 184, glycerin, sorbitol, panthenol, centaurea cyanus flower extract, propylene glycol, lactic acid, peg-40 hydrogenated castor oil, trideceth-9, chitosan glycolate, pantolactone, tetrasodium edta, phenoxyethanol, sodium benzoate, Cl42090. || 12 mois après ouverture. || 
28,72€ / L || 
3,59 € || 
Démaq'yeux express 2en1, tous maquillages même waterproof, ultra-démaquillant, soin fortifiant cils. || Le flacon de 125ml || Origine : FRANCE || Une formule biphasée double action : ultra démaquillant express et soin fortifiant cils en 4 semaines. || Agitez le flacon : les deux phases se mélangent parfaitement. Appliquez quelques gouttes sur un coton que vous laissez poser sur vos yeux quelques instants. Passez le coton de l'intérieur vers l'extérieur, sans frotter. Sa formule convient aux porteurs de lentilles. || Aqua/water, isododecane, isopropyl palmitate, undecane, arginine, ci 60725/violet 2 , citric acid, dipotassium phosphate, disodium edta, hexylene glycol, octyldodecanol, octyldodecyl xyloside, polyaminopropyl biguanide, potassium phosphate, sodium chloride, tridecane. (FIL B162099/2). Sans parfum. || 6 mois après ouverture. || 
30,80€ / L || 
4,62 € || 
Cils Demasq, démaquillant yeux 2 en 1, touts maquillages, non gras || Le flacon de 125ml || Origine : FRANCE || Lotion 2en1 : démaquillage express tout maquillage même waterproof. Sa phase bleutée enrichie en huiles douces démaquillantes dissous en un clin d'oeil les maquillages les plus résistants.Très confortable, elle préserve la souplesse et la douceur ducontour de l'oeil. Douceur d'une lotion : sa phase translucide à base d'eau élimine tous les résidus du maquillage et laisse votre paupière fraîche et reposée. || Bien agiter avant chaque utilisation pour mélanger les deux phases. || Aqua/water, cyclopentasiloxane, isohexadecane, hexylene glycol, decyl glucoside, dipotassium phosphate, potassium phosphate, sodium chloride, disodium edta, polyaminopropyl biguanide, Cl61565/green 6 (F.I.L. B4989/4). || 6 mois après ouverture. || 
35,36€ / L || 
4,42 € || 
Cils demasq, lotion fraîcheur démaquillante douceur pour les yeux || Le flacon de 125ml || Origine : FRANCE || La Lotion Fraîcheur Cils Demasq est : Efficace : sa formule assure un démaquillage des yeux rapide et facile   Fraîche : elle procure une agréable sensation de détente et d'apaisement   Douce : elle respecte parfaitement la zone fragile du contour del'oeil, sans risque d'irritation. || Aqua, sodium chloride, hexylene glycol, allantoin, centaurea cyanus/centaurea cyanus flower extract, disodium cocoamphodiacetate, propylene glycol, magnesium laureth sulfate, magnesium laureth-8 sulfate, magnesium oleth sulfate, sodium benzoate, sodium laureth sulfate, sodium laureth-8 sulfate, sodium oleth sulfate, disodium EDTA, Cl42090/blue 1, fragrance (FIL B5072/3). || 
28,40€ / L || 
3,55 € || 
Lotion apaisante démaquillant yeux sensible || Le flacon de 125ml || Origine : FRANCE || Cils Demasq Yeux Sensibles. Spécialement conçue pour les yeux sensibles, cette Lotion Apaisante démaquille efficacement tout en respectant la zone délicate du contour de l'oeil. Sa formule dissout le maquillage sans effort et dès le premier passage de coton. Cette lotion au pH doux calme et apaise vos paupières. || Imprégnez un coton de lotion apaisante et passez le sur les yeux de l'intérieur vers l'extérieur sans frotter. Vos paupières sont parfaitement démaquillées et apaisées sans risque d'irritation ! || Valeur énergétique en Joules :  0 || Valeur énergétique en Kcal : 0 || Glucides : 0 || Lipides : 0 || Protides :0 || AQUA / WATER, HEXYLENE GLYCOL, GLYCERIN. POLOXAMER 184. CENTAUREA CYANUS / CENTAUREA CYANUS FLOWER EXTRACT, DIHYDROCHOLETH-30, DISODIUM COCOAMPHODIACETATE, DISODIUM EDTA, PANTHENOL, POLYAMINOPROPYL BIGUANIDE. PROPYLENE GLYCOL SODIUM CHLORIDE, PARFUM/FRAGANCE (F.I.L B29520/1).SANS ALCOOL, SANS SAVON, SANS COLORANT || Après ouverture, à conserver pendant 6 mois. || 
40,32€ / L || 
5,04 € || 
Démaquillant Doux Yeux || Le flacon 125ml || Origine : FRANCE || Le Démaquillant Doux pour les Yeux L'Oréal Dermo-Expertise, par sa formule enrichie en Pro-Vitamine, assure un démaquillage parfait et d'une douceur extrême.D'une grande fraîcheur, sa formule non irritante convient aux yeux sensibles et porteurs de lentilles. || Aqua/water, hexylene glycol, disodium cocoamphodiacetate, panthenol, sodium laureth-8 sulfate, sodium laureth sulfate, triethanolamine, allantoin, magnesium laureth-8 sulfate, magnesium laureth sulfate, magnesium oleth sulfate, sodium oleth sulfate,methylparaben, sodium benzoate, chlorhexidine dihydrochloride, disodium edta, quaternium-15, parfum/fragrance, geraniol, citronellol. (FIL B7683/2). || 6 mois après ouverture. || 
40,00€ / L || 
5,00 € || 
Démaquillant Doux Yeux & Lèvres Waterproof || Le flacon de 125ml || Origine : FRANCE || Innovation des laboratoires de l'Oréal, le démaquillant spécial maquillage waterproof et longue durée, allie fficacité démaquillante et douceur sans effet gras: la phase foncée, riche en huiles douces, démaquille efficacement les maquillages waterproof et longue durée. La phase claire est une lotion très douce qui procure une agréable sensation de fraîcheur. Résultat:un démaquillage rapide et facile, qui ne laisse aucun voile sur les yeux. Convient aux yeux sensibles et porteurs de lentilles. || Agiter avant emploi jusqu'à l'obtention d'une couleur homogène. || Aqua/water,cyclopentasiloxane, isohexadecane, isopropyl palmitate, sodium chloride, dipotassium phosphate, poloxamer 184, potassium phosphate, panthenol polyaminopropyl biguanide, CI 61565/GREEN6 (FIL B4885/3). || A conserver 6 mois après ouverture. || 
42,40€ / L || 
5,30 € || 
Démaquillant yeux, tous maquillages même waterproof, extrait de feuilles d'olivier & huile d'olive. || Le flacon de 125ml || Origine : FRANCE || La phase à base d'huile d'olive naturelle élimine parfaitement le maquillage même waterproof tandis que la phase à base d'extrait de feuilles d'olivier respecte la zone sensible de l'oeil. || Bien agiter avant utilisation pour mélanger les 2 phases puis appliquez sur les yeux à l'aide d'un coton. Ne pas avaler. || Aqua, c13-15 alkane, olea europaea fruit oil, olea europaea leaf extract, gluconolactone, calcium gluconate, propylene glycol, sodium chloride, sodium benzoate, sodium hydroxide, caramel, CI 19140 (yellow5), CI 61570 (green5). Sans silicone, sans paraben, sans parfum. || 6 mois après ouverture. Conserver à l'abri de la chaleur et de la lumière. || 
40,32€ / L || 
5,04 € || 
Démaquillant yeux, tolérance optimale, yeux sensibles porteurs delentilles. || Le flacon de 125ml || Origine : FRANCE || Démaquille les yeux sensibles même le maquillage waterproof. Sa formule bi-phase non grasse respecte le contour de l'oeil et est idéal pour les yeux sensibles et les porteurs de lentilles. || Aqua, isododecane, isopropyl palmitate, CI61565/green 6, dipotassium phosphate, hexylene glycol, poloxamer 184, polyaminopropyl biguanide, potassium phosphate, sodium chloride (FIL B54234/1). Sans paraben. || 6 mois après ouverture. || 
35,84€ / L || 
4,48 € || 
Gelée démaquillante apaisante pour les yeux à l'extrait de rose, yeux sensibles || Le flacon de 125ml || Origine : FRANCE || Un véritable apaisement pour les yeux sensibles.Hypoallergénique et enrichie en extrait de rose, elle soulage les yeux sensibles: à chaque démaquillage, les paupières et le contour de l'oeil sont immédiatement apaisés et soulagés. Jour après jour, irritations et tiraillements sont calmés. Une gelée très douce pour les yeux fragiles. Sa texture légère et fondante, non grasse, rafraîchit l'épiderme délicat du contour des yeux, sans les dessécher. La gelée élimine en douceur toute trace de maquillage. || Aqua/water, Butylene Glycol, benzoic acid, caprylyl glycol, Carbomer, Poloxamer 184, Polysorbate 20, Rosa Gallica/Rosa Gallica flower extract, Sodium Hyaluronate, sodium hydroxide, Parfum/Fragrance (FIL B45673/1). || Se conserve 6 mois après ouverture. || 
34,56€ / L || 
4,32 € || 
Démaquillant doux pour les yeux, tous types de peaux || Le flacon de 125ml || Origine : FRANCE || Elimine parfaitement le mascara non waterproof sans laisser de film gras. Enrichie en ProVitamine B5 hydrate et apaise la zone délicate du contour de l'oeil. Testé sous contrôle ophtalmologique et dermatologique. || Appliquez sur un coton et nettoyez délicatement le contour de l'oeil, de l'intérieur vers l'extérieur.  Convient aux porteurs de lentilles de contact. || Aqua, poloxamer 124, PEG-8, PEG-40 hydrogenated castor oil, glycerin, panthenol, isosteareth-20, steareth-20, dipotassium phosphate, potassium phosphate, trisodium EDTA, polyaminopropyl biguanide, butylphenyl methylpropional, hydroxyisohexyl 3-cyclohexene carboxaldehyde, geraniol, limonene, cinnamyl alcohol, alpha-isomethyl ionone, hydroxycitronellal, benzyl salicylate, linalool, parfum. || 12 mois après ouverture. || 
26,80€ / L || 
3,35 € || 
Démaquillant yeux double action, tous types de peau || Le flacon de 125ml || Origine : FRANCE || Enrichi en extrait naturel de bleuet le démaquillant Double Action combine efficacité et douceur : express il dissout sans frotter les maquillages waterproof et longue durée même très résistants. Très doux, il soigne et protège les cils sans laisserde film gras. Résultat : parfaitement démaquillée, la zone délicate du contour de l'oeil est apaisée, vos cils protégés. Votre regard pétille. || Bien agiter avant emploi. Appliquez sur un coton et démaquillez délicatement le contour de l'oeil, de l'intérieur vers l'extérieur. Pas besoin de frotter. Convient aux porteurs de lentilles. || Aqua, isododecane, cyclomethicone, isopropyl palmitate, helianthus annuus seed oil, centaurea cyanus flower extract, sodium chloride, trisodium EDTA, phenoxyethanol, methylisothiazolinone, Cl 60725, Cl 61565. || 6 mois après ouverture. || 
33,52€ / L || 
4,19 € || 
25 lingettes démaquillantes, douceur, visage et yeux, démaquille et hydrate, peaux sèches et sensibles. || Le paquet de 25 lingettes || Origine : FRANCE || Pour avoir une belle peau, un démaquillage quotidien et efficace est indispensable. Enrichies en huile d'amande douce, en extrait de fleur de coton et en vitamine E*, les lingettes démaquillantes Douceur Monoprix éliminent en douceur les impuretés etles traces de maquillage même waterproof. Leur formule apaise et hydrate votre peau sans effet gras, pour une véritable sensation de douceur. *dérivé de vitamine E. || Adapté pour le visage, le cou et les yeux sensibles. Testé sous contrôle dermatologique et ophtalmologique. Soulevez l'étiquette adhésive, prenez une lingette et dépliez-la complètement. Démaquillez délicatement le visage, le cou et les yeux. Inutilede rincer. Après utilisation, bien refermer l'étui à l'aide de l'étiquette repositionnable afin de préserver la fraîcheur et l'hygiène de vos lingettes. Usage externe uniquement. Ne pas jeter dans les toilettes. Conserver hors de la portée des enfants. Ne pas utiliser sur une peau irritée ou une plaie. || Aqua, butylene glycol, polysorbate 20, polysorbate 20, poloxamer 184, glycerin, parfum, sodium benzoate, polyaminopropyl biguanide, prunus amygdalus dulcis oil, tocopheryl acetate, hydroxyethylcellulose, lactic acid, gossypium herbaceum flower extract, potassium sorbate, citric acid. || 3 mois après ouverture. || 
0,11€ / Pce || 
2,73 € || 
Lingettes démaquillantes visage et yeux || Le paquet de 25 lingettes || Origine : FRANCE || Enrichies en extraits d'aloe véra, de fleur de lotus et en vitamine E, les lingettes démaquillantes Fraîcheur éliminent en douceur les impuretés et les traces de maquillage même waterproof. Leur formule tonifie et hydrate votre peau sans effet gras pour une véritable sensation de fraîcheur. || Soulevez l'étiquette adhésive, prenez une lingette et dépliez la complètement. Démaquillez délicatement le visage, le cou et les yeux. Inutile de rincer. Usage externe exclusivement. Ne pas jeter dans les toilettes. Conserver hors de la portée des enfants. Ne pas utiliser sur une peau irritée ou une plaie. || Aqua, butylène glycol, polysorbate 20, poloxamer 184, glycerin, parfum, sodium benzoate, polyaminopropyl biguanide, tocopheryl acétate, aloe barbadensis leaf juice, hydroxyethylcellulose, propylene glycol, lactic acid, citric acid, nelumbo nucifera flower extract, potassium sorbate. || 3 mois après ouverture. Après utilisation, bien refermer l'étui à l'aide de l'étiquette repositionnable afin de préserver la fraîcheur et l'hygiène de vos lingettes. || 
0,11€ / Pce || 
2,67 € || 
Lingettes démaquillantes visage et yeux,                         peaux sèches et sencibles || Le paquet de 10 lingettes || Origine : FRANCE || Enrichies en huile d'amande douce, en extrait de fleur de coton et en vitamine E, les lingettes éliminent en douceur les impuretés et les traces de maquillage même waterproof. Leur formule apaise et hydrate votre peau sans effet gras, pour une véritable sensation de douceur. Adapté pour le visage, le cou et les yeux sensibles. || Soulevez l'étiquette adhésive, prenez une lingette et dépliez la complètement. Démaquillez délicatement le visage, le cou et les yeux. Inutile de rincer. Usage externe uniquement. Ne pas jeter dans les toilettes. Conserver hors de la portée des enfants. Ne pas utiliser sur une peau irritée ou sur une plaie. || Aqua, butylene glycol, polysorbate 20, poloxamer 20, poloxamer 184, glycerin, parfum, sodium benzoate, polyaminopropyl biguanide, prunus amygdalus dulcis oil, tocopheryl acetate, hydroxyethylcellulose, lactic acid, gossypium herbaceum flower extract,potassium sorbate, citric acid. || 3 mois après ouverture. Après utilisation, bien refermer l'étui à l'aide de l'étiquette repositionnable afin de préserver la fraîcheur et l'hygiène de vos lingettes. || 
0,16€ / Pce || 
1,60 € || 
Lingettes démaquillantes visage et yeux                          A l'aloe vera & à l'huile d'amande douce || Le sachet de 25 lingettes || Origine : ESPAGNE || Enrichies en huile d'amande douce et en aloe vera, elles éliminent en douceur les impuretés et les traces de maquillage même waterproof. La peau est nette et douce sans sensation de tiraillement. || Soulevez l'étiquette adhésive, prenez une lingette et dépliez la complètement. Démaquillez délicatement le visage, le cou et les yeux. Inutile de rincer. Conserver hors de la portée des enfants. Usage externe exclusif. Ne pas jeter dans les toilettes. Eviter le contact avec une peau irritée ou une plaie. Ne pas avaler. || 3 mois après ouverture. Après utilisation, refermez l'étui à l'aide de l'étiquette repositionnable afin de préserver la fraîcheur et l'hygiène de vos lingettes. || 
0,15€ / Pce || 
3,70 € || 
Lingettes démaquillantes visage et yeux                          A l'aloe vera & à l'huile d'amande douce || Le sachet de 25 lingettes || Origine : ESPAGNE || Enrichies en huile d'amande douce et en aloe vera, elles éliminent en douceur les impuretés et les traces de maquillage même waterproof. La peau est nette et douce sans sensation de tiraillement. || Soulevez l'étiquette adhésive, prenez une lingette et dépliez la complètement. Démaquillez délicatement le visage, le cou et les yeux. Inutile de rincer. Conserver hors de la portée des enfants. Usage externe exclusif. Ne pas jeter dans les toilettes. Eviter le contact avec une peau irritée ou une plaie. Ne pas avaler. || 3 mois après ouverture. Après utilisation, refermez l'étui à l'aide de l'étiquette repositionnable afin de préserver la fraîcheur et l'hygiène de vos lingettes. || 
0,15€ / Pce || 
3,70 € || 
Lingettes démaquillantes, format voyage || Les 10 lingettes || Origine : ITALIE || Les Lingettes Démaquillantes Barbara Gould ont une texture alvéolée qui élimine efficacement et avec confort tous les types de maquillages, même waterproof et longue tenue.Elles démaquillent en douceur le visage, les yeux et les lèvres grâce à leur lotion hydratante enrichie en Protéines d'Amande. Parfaitement démaquillée, votre peau est propre et purifiée. Vous éprouvez une agréable sensation de fraîcheur, de douceur et de confort. || Soulevez l'étiquette adhésive, tirez une lingette et passez-la délicatement sur votre visage, vos yeux et vos lèvres. Inutile de rincer. Leur formule non grasse et sans alcool convient aussi aux peaux sensibles. || Aqua, polysorbate 20, peg-7 glyceryl cocoate, disodium cocopolyglucose citrate, glycerin, hydrolyzed sweet almond protein, hydrolyzed wheat protein, imidazolidinyl urea, disodium edta, lactic acid, sodium methylparaben, parfum, amyl cinnamal, benzylbenzoate, citronellol, limonene, eugenol, geraniol, linalool, benzyl alcohol, alpha-isomethyl ionone, hexyl cinnamal. || 3 mois après ouverture. Refermez bien la languette adhésive après usage pour éviter tout risque de dessèchement des lingettes. || 
0,28€ / Pce || 
2,77 € || 
Lingettes démaquillantes visage, yeux, lèvres, texture alvéolée, protéines d'amande, tous types de peaux même sensibles || Le paquet de 25 lingettes || Origine : FRANCE || Les Lingettes Démaquillantes Barbara Gould ont une texture alvéolée qui élimine efficacement et avec confort tous les types de maquillages, même waterproof et longue tenue. Résultat beauté : parfaitement démaquillée, votre peau est propre et purifiée. Vous éprouvez une agréable sensation de fraîcheur, de douceur et de confort. || Soulevez l'étiquette adhésive, tirez une lingette et passez-la délicatement sur votre visage, vos yeux et vos lèvres, inutile de rincer. Refermez bien la languette adhésive après usage pour éviter tout risque de dessèchement des lingettes. || Aqua, polysorbate 20, PEG-7, glyceryl cocoate, disodium cocopolyglucose citrate, glycerin, hydrolyzed sweet almond protein, hydrolyzed wheat protein, imidazolidinyl urea, disodium edta, lactic acid, sodium methylparaben, parfum, amyl cinnamal, benzylbenzoate, citronellol, limonene, eugenol, geraniol, linalool, benzyl alcohol, alpha-isomethyl ionone, hexyl cinnamal. Sans alcool. || A utiliser dans les 3 mois après ouverture. || 
0,18€ / Pce || 
4,62 € || 
Lingettes démaquillantes, tous types de peaux || Les 35 lingettes || Origine : FRANCE || Retrouvez toute la fraîcheur d'une eau démaquillante enrichie en actif micellaire de cotonniers, pour une peau parfaitement démaquillée en un seul geste. || Ne pas utiliser pour des enfants âgés de moins de 3 ans. || Aqua, peg-7 glyceryl cocoate, propylene glycol, peg-40 hydrogenated castor oil, urea, prunus amygdalus dulcis (sweet almond) protein, glycerin, dmdm hydantoin, diazolidinyl urea, methylparaben, tetrasodium edta, panthenol, sodium cottonseed amphoacetate, allantoin, tocopheryl acetate, sodium chloride, iodopropynyl butylcarbamate, citric acid, parfum. || 3 mois après ouverture. || 
0,14€ / Pce || 
4,89 € || 
lingettes demaquillantes douceur peaux normales et mixtesau      lait, édition limitée. || La pochette de 25 lingettes || Origine : FRANCE || Retrouvez toute la douceur d'un lait démaquillant aux extraits de coton, associé à une texture efficace plus douce. Formulé pour minimiser les risques d'allergies. Testé sous contrôle dermatologique et ophtalmologique. || Usage externe. Si sur des peaux particulièrement sensibles, un problème d'irritation survenait, arrêter l'utilisation et rincer à l'eau. || Aqua, paraffinum liquidum, glycerin, isohexadecane, glyceryl stearate, ceteareth-20, caprylic/capric triglycéride, phenoxyethanol, magnesium aluminum silicate, ceteareth-12, cetearyl alcohol, cetyl palmitate, tocopheryl acetate, chlorphenesin, panthenol, propylene glycol, cellulose gum, disodium edta, ethylhexylglycerin, dehydroacetic acid, gossypium herbaceum (cotton) seed extract, potassium sorbate, sorbic acid, sodium hydroxide, parfum. || 3 mois après ouverture. || 
0,16€ / Pce || 
4,07 € || 
Lingettes démaquillantes douceur peaux sèches et sensibles       au lait édition limitée. || La pochette de 25 lingettes || Origine : FRANCE || Retrouvez toute la douceur d'un lait démaquillant aux extraits de coton, associé à une texture efficace plus douce. Hypoallergénique : formulé pour minimiser les risques d'allergies. Testé sous contrôle dermatologique et ophtalmologique. || Usage externe. Si sur des peaux particulièrement sensibles, un problème d'irritation survenait, arrêter l'utilisation et rincer à l'eau. || Aqua, paraffinum liquidum, glycerin, isohexadecane, glyceryl stearate, ceteareth-20, caprylic/capric triglycéride, phenoxyethanol, magnesium aluminum silicate, ceteareth-12, cetearyl alcohol, cetyl palmitate, tocopheryl acetate, chlorphenesin, panthenol, propylene glycol, cellulose gum, disodium edta, ethylhexylglycerin, dehydroacetic acid, gossypium herbaceum (cotton) seed extract, potassium sorbate, sorbic acid, sodium hydroxide, parfum. || 3 mois après ouverture. || 
0,16€ / Pce || 
4,07 € || 
Lingettes démaquillantes visage & yeux, tous types de peaux. || Le paquet de 23 lingettes || Origine : ITALIE || 
0,19€ / Pce || 
4,32 € || 
Lingettes fraicheur coton à l'eau démaquillante, peaux normales ou mixtes || Le paquet de 25 lingettes || Origine : FRANCE || Retrouvez toute la fraîcheur d'une eau démaquillante enrichie en actifs micellaires de coton, associée à une texture plus douce.Testé sous contrôle dermatologique et ophtalmologique. || Usage externe. Si sur des peaux particulièrement sensibles, un problème d'irritation survenait, arrêter l'utilisation et rincer à l'eau. Ne pas utiliser pour les enfants âgés de moins de 3 ans. || Aqua, peg-7 glyceryl cocoate, propylene glycol, peg-40 hydrogenated castor oil, urea, DMDM hydantoin, diazolidinyl urea, methylparaben, tetrasodium EDTA, Panthenol, sodium cottonseedamphoacetate, Allantoin, Tocopheryl Acétate, sodium chloride, glycerin, iodopropynyl butylcarbamate, citric acid, parfum. || 
0,16€ / Pce || 
3,90 € || 
Lingettes fraîcheur coton à l'eau démaquillante, visage & yeux, peaux sèches ou sensibles || Le paquet de 25 lingettes || Origine : FRANCE || Retrouvez toute la fraîcheur d'une eau démaquillante enrichie en actifs micellaires de coton, associée à une texture plus douce.Testé sous contrôle dermatologique et ophtalmologique. || Usage externe. Si sur des peaux particulièrement sensibles, un problème d'irritation survenait, arrêter l'utilisation et rincer à l'eau. Ne pas utiliser pour les enfants âgés de moins de 3 ans. || Aqua, peg-7 glyceryl cocoate, propylene glycol, peg-40 hydrogenated castor oil, urea, prunus amygdalus dulcis (sweet almond) protein, glycerin, DMDM hydantoin, diazolidinyl urea, methylparaben, tetrasodium EDTA, Panthenol, sodium cottonseedamphoacetate, Allantoin, Tocopheryl Acétate, sodium chloride, iodopropynyl butylcarbamate, citric acid, parfum. || 
0,16€ / Pce || 
3,97 € || 
Lingettes démaquilantes Express, visage et yeux, tous types de peaux, maxi pack || Le paquet de 40 lingettes || Origine : AUTRICHE || Les lingettes Démaquillantes Express 3 en 1 de Diadermine démaquillent tout en douceur visage, yeux et lèvres en un seul geste !Elles enlèvent parfaitement les impuretés et toutes traces de maquillage même waterproof. Résultat : votre peau est parfaitement démaquillée, fraîche et hydratée. Ce paquet Maxi Format de 40 lingettes vous assure une utilisation quotidienne pendant 3 semaines. Testé dermatologiquement et ophtalmologiquement. || Aqua, glycerin, paraffinum liquidum, ppg-15 stearyl ether, parfum, steareth-10, glyceryl stearate, peg-30 stearate, peg-8, citric acid, geraniol, benzyl alcohol, bht, limonene, citronellol, phenoxyethanol, potassium sorbate, ethylparaben, methylparaben. Sans alcool. || 6 mois après ouverture. || 
0,12€ / Pce || 
4,69 € || 
Lingettes démaquillantes hydratantes, visage et yeux, au lait hydratant, peaux sèches et sensibles || Le paquet de 25 lingettes || Origine : FRANCE || (F) Spécialement dédiées aux peaux sèches et sensibles, les LINGETTES DEMAQUILLANTES HYDRATANTES DIADERMINE éliminent parfaitement les impuretés et toutes les traces de maquillage, même waterproof. Enrichie au lait hydratant*, leur formule apporte àla peau I'hydratation* dont elle a besoin pendant toute la journée. -Jour après jour, votre peau est plus douce, plus souple et éclatante de beauté. - Grâce à leur lotion sans alcool, les lingettes conviennent parfaitement aux peaux les plus sensibles et à la zone fragile du contour de l'oeil. - Testé dermatologiquement et ophtalmologiquemenr * Hydratation des couches supérieures de l'épiderme. || AQUA, GLYCERIN, PARAFFIUM LIQUIDUM, PPG-15 STEARYLETHER, STEARATH-10, PEG-30 STEARATE, GLYCERYL STEARATE, TOCOPHEROL, ASCORBYL PALMITATE, ASCORBIC ACID, PEG-8, PARFUM, PHENOXYETHANOL, METHYLPARABEN, PROPYLPARABEN, BENZOIC ACID, DEHYDROACETIC ACID. || 6 mois après ouverture. || 
0,18€ / Pce || 
4,58 € || 
Lingettes démaquillantes surper confort, efficace sur maquillage waterproof, peaux normales à sèches. || Le paquet de 25 lingettes alvéolées || Origine : FRANCE || Enrichies en extrait de rose protecteur et en vitamine E, elles démaquillent sans dessécher et laissent une sensation de confort immédiat. || Soulevez la languette adhésive. Sortez une lingette et démaquillez votre visage. Inutile de rincer. || Aqua/water, glycerin, ammonium polyacryldimethyltauramide/ammonium polyacryloyldimethyl taurate, benzyl alcohol, benzyl salicylate, cetyl alcohol, citric acid, citronellol, disodium edta, glyceryl stearate, hexyl cinnamal, hydroxycitronellal, isopropyl palmitate, linalool, myrtrimonium bromide, peg-100 stearate, phenoxyethanol, prunus amygdalus dulcis oil/sweet almond oil, rosa gallica extract/rosa gallica flower extract, sodium benzoate, tocopherol, xanthan gum, parfum/fragrance. (FIL B162735/2). || 3 mois après ouverture. Refermez immédiatement la languette adhésive pour éviter le dessèchement des lingettes. || 
0,18€ / Pce || 
4,62 € || 
Lingettes de toilette bienfaisantes || Le paquet de 25 || Origine : FRANCE || 
0,18€ / Pce || 
4,62 € || 
Lingettes démaquillantes biodégradables, tous types de peau. || Le paquet de 25 lingettes || Origine : PAYS-BAS || Délicatement démaquillée, votre peau est incroyablement nette, soyeuse et fraîche. Elle est naturellement radieuse. || Utilisez quotidiennement le matin et le soir. Nettoyez délicatement le visage, le cou et les yeux. Refermez soigneusement la languette adhésive après chaque utilisation pour éviter le dessèchement des lingettes. || Aqua, isopropyl stearate, argania spinosa kernel oil, aloe barbadensis leaf juice, tocopherol, glycerin, vp/hexadecene copolymer, ethylhexylglycerin, sodium acrylates/c10-30 alkyl acrylate crosspolymer, phenoxyethanol, methylisothiazolinone, linalool, limonene, citronellol, benzyl alcohol, butylphenyl methylpropional, alpha isomethyl ionone, geraniol, parfum. Sans paraben, silicone, colorant, huile minérale, alcool. || Refermez soigneusement la languette adhésive après chaque utilisation pour éviter le dessèchement des lingettes. || 
0,17€ / Pce || 
4,32 € || 
Lingettes démaquillantes douceur, peaux sèches et sensibles || Les 25 lingettes || Origine : FRANCE || Elles démaquillent efficacement en un seul geste le visage, le cou et les yeux tout en respectant l'équilibre naturel d'hydratation de la peau. Elles Eliminent le maquillage même waterproof. Délicatement démaquillée, votre peau est incroyablement nette, hydratée et apaisée. Vous ressentez une agréable sensation de confort, vous rayonnez. || Nettoyez délicatement le visage, le cou et les yeux en gardant les yeux fermés. || Valeur énergétique en Joules :  0 || Valeur énergétique en Kcal : 0 || Glucides : 0 || Lipides : 0 || Protides :0 || Aqua, isopropyl stearate, glycerin, dimethicone, methylpropanediol, prunus amygdalus dulcis oil, calendula officinalis flower extract, polyglyceryl-3 methylglucose distearate, sodium acrylates / C10-30 alkyl acrylate crosspolymer, glycine soja oil, 1,2-hexanediol, phenoxyethanol, methylparaben, limonene, linalool, hydroxyisohexyl 3-cyclohexene carboxaldehyde, benzyl alcohol, citronellol, alpha-isomethyl ionone, geraniol, butylphenyl methylpropional, benzyl salicylate, hexyl cinnamal, parfum. || 6 mois après ouverture. Refermez soigneusement la languette adhésive après chaque utilisation pour éviter le dessèchement des lingettes. || 
0,17€ / Pce || 
4,32 € || 
Lingettes démaquillantes fraîcheur || Les 25 lingettes || Origine : FRANCE || Démaquillent et dynamisent la peau. Eliminent le maquillage même waterproof. Pour une belle peau incroyablement fraîche. Extrait de lotus & vitamines dynamisantes.Démaquillent efficacement en un seul geste le visage, le cou et les yeux en respectantl'équilibre naturel d'hydratation de la peau. Délicatement démaquillée, votre peau est parfaitement nette, hydratée et vivifiée. Vous ressentez une incroyable sensation de fraîcheur, vous rayonnez. || Nettoyez délicatement le visage, le cou et les yeux en gardant les yeux fermés. Refermez soigneusement la languette adhésive après chaque utilisation pour éviter le dessèchement des lingettes. || Aqua, isopropyl stearate, nelumbium speciosum extract, panthenol, tocopheryl acetate, glycerin, vp/hexadecene copolymer, sodium acrylates/C10-30 alkyl acrylate crosspolymer, propylene glycol, phenoxyethanol, methylparaben, methylisothiazolinone, limonene, linalool, hydroxyisohexyl 3-cyclohexene carboxaldehyde, benzyl alcohol, citronellol, alpha-isomethyl ionone, geraniol, butylphenyl methylpropional, benzyl salicylate, hexyl cinnamal, parfum. Sans alcool. || A consommer dans les 6 mois après ouverture. || 
0,17€ / Pce || 
4,32 € || 
Eau démaquillante, micellaire, peaux et yeux sensibles, extrait dconcombre, vitamine E*. || Le flacon de 200ml || Origine : FRANCE || L'eau démaquillante a été spécialement conçue pour vous assurer un démaquillage doux du visage et des yeux.Sans alcool, enrichie en vitamine E et en extrait de concombre, elle purifie votre peau et la rafraîchit sans laisser de film gras. || Appliquez matin et soir sur un coton puis démaquillez délicatement votre visage et vos yeux, sans frotter. Inutile de rincer. || Aqua, polysorbate 20, peg-7 glyceryl cocoate, peg-8, peg-40 hydrogenated castor oil, parfum, tocopheryl acetate, 1,2-hexanediol, caprylic glycol, citric acid, disodium edta, sodium hydroxide, cucumis sativus fruit extract, glycerin, methylisothiazolinone, tropolone, potassium sorbate, sodium benzoate. || Se conserve 6 mois après utilisation. || 
14,85€ / L || 
2,97 € || 
Eau démaquillante micellaire, peaux et yeux sensibles, vitamine E*. || Le flacon de 500ml || Origine : FRANCE || Sans alcool, enrichie en vitamine E et en extrait de concombre, elle purifie votre peau et la rafraîchit sans laisser de film gras. Votre peau est fraîche et tonifiée. || Appliquez matin et soir sur un coton puis démaquillez délicatement votre visage et vos yeux sans frotter. Inutile de rincer. || Aqua, polysorbate 20, peg-7 glyceryl cocoate, peg-8, peg-40 hydrogenated castor oil, parfum, tocopheryl acetate, 1,2 hexanediol, caprylyl glycol, citric acid, disodium edta, sodium hydroxide, cucumis sativus fruit extract, glycerin, methylisothiazolinone, tropolone, potassium sorbate, sodium benzoate. || 6 mois après ouverture. || 
11,72€ / L || 
5,86 € || 
Eau démaquillante micellaire à la vitamine E, peaux et yeux sensibles || Le flacon de 100ml || Origine : FRANCE || Extrait de concombre. || Aqua, polysorbate 20, PEG-7 glyceryl cocoate, PEG-8, PEG-40 hydrogenated castor oil, parfum, tocopheryl acetate, 1,2-hexanediol, caprylyl glycol, citric acid, disodium EDTA, sodium hydroxide, cucumis sativus fruit extract, glycerin, methylisothiazolinone, tropolone, potassium sorbate, sodium benzoate. || 6 mois après ouverture. || 
19,10€ / L || 
1,91 € || 
Lait démaquillant à l'extrait de fleur d'oranger & à l'aloe vera. || Le flacon de 200ml || Origine : FRANCE || Le lait démaquillant Monoprix Bio démaquille et élimine facilement les traces de maquillage. Sa formule est adaptée au démaquillage des yeux. Votre peau est douce et hydratée. Sa texture ne laisse pas de film gras sur la peau. || Convient à tout type de peau. Appliquez matin et soir à l'aide d'un coton sur le visage et le décolleté. Renouvelez l'opération jusqu'à élimination de toute trace de maquillage. || Aqua, aloe barbadensis leaf juice*, caprylic/capric triglyceride, polyglyceryl-3 dicitrates/stearate, glycerin, glyceryl stearate, butyrospermum parkii butter*, benzyl alcohol, sodium benzoate, xanthan gum, aroma, argania spinosa kernel oil*, citrusaurantium amara flower water*, citric acid, tetrasodium glutamate diacetate, sodium hydroxide, gluconolactone, geraniol, limonene, linalool. *Ingrédients issus de l'agriculture biologique. 98% du total des ingrédients sont d'origine naturelle. 21% dutotal des ingrédients sont issus de l'agriculture biologique. || 12 mois après ouverture. || 
20,95€ / L || 
4,19 € || 
Lait démaquillant à l'extrait de fleur d'oranger & à l'aloe vera. || Le flacon de 200ml || Origine : FRANCE || Le lait démaquillant Monoprix Bio démaquille et élimine facilement les traces de maquillage. Sa formule est adaptée au démaquillage des yeux. Votre peau est douce et hydratée. Sa texture ne laisse pas de film gras sur la peau. || Convient à tout type de peau. Appliquez matin et soir à l'aide d'un coton sur le visage et le décolleté. Renouvelez l'opération jusqu'à élimination de toute trace de maquillage. || Aqua, aloe barbadensis leaf juice*, caprylic/capric triglyceride, polyglyceryl-3 dicitrates/stearate, glycerin, glyceryl stearate, butyrospermum parkii butter*, benzyl alcohol, sodium benzoate, xanthan gum, aroma, argania spinosa kernel oil*, citrusaurantium amara flower water*, citric acid, tetrasodium glutamate diacetate, sodium hydroxide, gluconolactone, geraniol, limonene, linalool. *Ingrédients issus de l'agriculture biologique. 98% du total des ingrédients sont d'origine naturelle. 21% dutotal des ingrédients sont issus de l'agriculture biologique. || 12 mois après ouverture. || 
20,95€ / L || 
4,19 € || 
Lait demaquillant douceur, hydrate&adoucit, peaux séches et sensibles, huiles d'amande. || Le flacon de 100ml || Origine : FRANCE || A l'huile d'amande douce et de coton. || Aqua, isopropyl palmitate, glycerin, caprylic/capric triglyceride, cetearyl alcohol, glyceryl stearate, PEG-100 stearate, dimethicone, parfum, acrylates/C10-30 alkyl acrylate crosspolymer, prunus amygdalus dulcis oil, tocopheryl acetate, xanthan gum,gossypium herbaceum seed oil, 1,2-hexanediol, caprylyl glycol, sodium hydroxide methylisothiazolinone, tropolone, CI17200, lecithin, ascorbyl palmitate, CI42090, citric acid. || 6 mois après ouverture. || 
18,60€ / L || 
1,86 € || 
Lait démaquillant douceur, hydrate et adoucit, peaux sèches et sensibles, huile d'amande. || Le flacon de 500ml || Origine : FRANCE || Sa formule enrichie en huiles d'amande douce et de coton et en vitamine E apporte douceur et souplesse à votre peau et la protège des tiraillements. Texture non grasse. || Appliquez matin et soir sur votre peau du bout des doigts ou avec un coton. || Aqua, isopropyl palmitate, glycerin, caprylic/capric triglyceride, cetearyl alcohol, glyceryl stearate, peg-100 stearate, dimethicone, parfum, acrylates/c10-30 alkyl acrylate crosspolymer, prunus amygdalus dulcis oil, tocopheryl acetate, xanthan gum,gossypium herbaceum seed oil, 1,2-hexanediol, caprylyl glycol, sodium hydroxide, methylisothiazolinone, tropolone, CI17200, lecithin, ascorbyl palmitate, CI42090, citric acid. || 6 mois après ouverture. || 
11,72€ / L || 
5,86 € || 
Lait démaquillant douceur à l'huile d'amande, pour peaux sèches et sensibles || Le flacon 200ml || Origine : FRANCE || Le lait démaquillant conçu pour les peaux sèches et sensibles, démaquille et élimine en douceur toute trace de maquillage et d'impuretés.Sa formule enrichie en huiles d'amande douce et de coton et en vitamine E apporte douceur et souplesse à votre peau et la protège des tiraillements. || Appliquez matin et soir sur votre peau du bout des doigts ou avec un coton. || Aqua, isopropyl palmitate, glycerin, caprylic/capric triglyceride, cetearyl alcohol, glyceryl stearate, peg-100 stearate, dimethicone, parfum, acrylates/c10-30 alkyl acrylate crosspolymer, prunus amygdalus dulcis oil, tocopheryl acetate, xanthan gum,gossypium herbaceum seed oil, 1,2-hexanediol, caprylyl glycol, sodium hydroxide, methylisothiazolinone, tropolone, CI 17200, lecithin, ascorbyl palmitate, CI 42090n citric acid. || Se conserve 6 mois après ouverture. || 
14,50€ / L || 
2,90 € || 
Lotion tonique douceur, rafraîchit & hydrate, peaux sèches et sensibles, huiles d'amande. || Le flacon de 200ml || Origine : FRANCE || La lotion tonique tonifie et rafraîchit en douceur les peaux sèches et sensibles. Sans alcool, elle purifie votre peau et la rafraîchit sans laisser de film gras, pour une sensation de confort. || Appliquez matin et soir sur le visage à l'aide d'un coton. || aqua, propylene glycol, peg-40 hydrogenated castor oil, polysorbate 20, glycerin, parfum, sweet almond oil peg-8 esters, tocopheryl acetate, gossypium herbaceum seed oil, 1,2-hexanediol, caprylyl glycol, disodium edta, citric acid, sodium hydroxide,methylisothiazolinone, tropolone, CI 17200, lecithin, ascorbyl palmitate, CI 42090. || Se conserve 12 mois après ouverture. || 
14,50€ / L || 
2,90 € || 
Démaquillant bi-phase, huile & eau micellaire || Le flacon de 200ml || Origine : FRANCE || Ce démaquillant Bi-Phase associe la double efficacité de l'huile et de l'eau micellaire pour éliminer tous les maquillages même les plus résistants, en un temps record. Enrichi en huile de coton nourrissante et en eau de bleuet bio adoucissante, il laisse la peau incroyablement nette, douce et confortable. || Bien agiter avant utilisation pour mélanger les deux phases. Appliquez à l'aide d'un coton sur l'ensemble du visage, des yeux et des lèvres. Ne nécessite pas de rinçage. Ne pique pas les yeux. || Aqua, isododecane, dimethicone, methylpropanediol, hexyl laurate, sodium chloride, benzyl alcohol, salicylic acid, phenethyl alcohol, centaurea cyanus flower water, melissa officinalis flower/leaf/stem water, caprylyl/capryl glucoside, potassium hydroxide gossypium herbaceum seed oil, ethylhexyl cocoate, citric acid, sodium benzoate, potassium sorbate, lecithin, ascorbyl palmitate, Cl60725. Sans alcool. || 6 mois après ouverture. || 
26,75€ / L || 
5,35 € || 
Démaquillant Intégral visage, yeux et lèvres, tous types de peaux même sensibles || Le flacon pompe de 200ml || Origine : FRANCE || Le démaquillant Intégral Barbara Gould démaquille le visage, les yeux et les lèvres en un seul geste, dans la plus grande douceur. Parfaitement nettoyée, la peau est fraîche et confortable.Il élimine efficacement tous les types de maquillages, même waterproof et longue tenue. Sa texture gel-crème, légère et non grasse, ne laisse pas de film gras sur votre peau et ne nécessite aucun rinçage. Sa formule, enrichie en eau de fleur d'oranger aux vertus relaxantes et adoucissantes, hydrate votre peauet la laisse douce. || Appliquez une noisette de Démaquillant Intégral, du bout des doigts ou sur un coton, sur l'ensemble du visage et des yeux. Inutile de rincer. Pratique, la pompe s'ouvre et se ferme par simple rotation. || Aqua, butylene glycol, isododecane, citrus aurantium amara flower distillate, glycerin, isohexadecane, isononyl isononanoate, cetearyl alcohol, poloxamer 124, propylene glycol acrylates/C10-30 alkyl acrylate crosspolymer, triethanolamine, diazolidinyl urea, parfum, panthenol, methylparaben, tetrasodium edta, potassium sorbate, sodium methylparaben, sodium propylparaben, propylparaben, butylphenyl methylpropional, benzyl salicylate, citronellol, eugenol, geraniol, limonene, linalool, Cl15985. || 12 mois après ouverture. || 
29,10€ / L || 
5,82 € || 
Eau démaquillante visage,yeux et lèvres, nettoie en douceur, tonifie et hydrate, formule haute tolérance. || Le flacon-pompe de 300ml || Origine : ROYAUME UNI || L'Eau Démaquillante Barbara Gould élimine en douceur le maquillage et les impuretés du visage. Sa formule sans alcool, enrichie en agents hydratants, laisse la peau douce et purifiée.Parfaitement démaquillée, votre peau est nette, fraîche et tonifiée, avec une agréable sensation de confort. Testée sous contrôle dermatologique et ophtalmologique. Hydratation prouvée cliniquement. || Appliquez à l'aide d'un coton sur l'ensemble du visage, des yeux et des lèvres. Inutile de rincer. Peut aussi être utilisée le matin pour rafraîchir et tonifier votre peau dès le réveil. || Aqua, butylene glycol, sodium coceth sulfate, peg-40 glyceryl cocoate, biosaccharide gum-1, propylene glycol, diazolidinyl urea, methylparaben, propylparaben, ethylparaben, butylparaben, isobutylparaben, phenoxyethanol, sorbitol, oleth-20, citric acid, tetrasodium EDTA, parfum, sodium hydroxide, benzyl salicylate, butylphenyl methylpropional, limonene, linalool. || 12 mois après ouverture. || 
16,83€ / L || 
5,05 € || 
L'eau Micellaire, Démaquillage bio visages - yeux - lèvres, Tous types de peaux même sensibles || Le flacon pompe de 250ml || Origine : FRANCE || Riche en micelles, assemblage optimum d'agents nettoyants doux, l'Eau Micellaire purifie la peau en la débarrassant efficacement des impuretés et traces de maquillage.Enrichie en Eau de Mélisse Bio aux vertus adoucissantes, elle laisse la peau douce,fraîche et confortable, sans sensation de tiraillement ni effet collant. || Appliquez à l'aide d'un coton sur l'ensemble du visage, des yeux et des lèvres. L'eau Micellaire peut aussi être utilisée le matin pour rafraîchir et tonifier votre peau dès le réveil. Pratique, la pompe s'ouvre et se ferme par rotation. Ne pique pasles yeux. Sans rinçage. || Aqua, caprylyl/capryl glucoside, benzyl alcohol, melissa officinalis flower/leaf/steam water*, sodium benzoate, potassium sorbate, decyl glucoside, parfum, aloe barbadensis leaf juice*, citric acid, tetrasodium glutamate diacetate, sodium hydroxide,citral, limonene, linalool. *Ingrédients issus de l'agriculture biologique. 99,12% du total des ingrédients sont d'origine naturelle. 10,49% du total des ingrédients. Sans alcool. Sans paraben. Sans colorant. || 6 mois après ouverture. || 
23,44€ / L || 
5,86 € || 
L'eau Micellaire, Démaquillage bio visages - yeux - lèvres, Tous types de peaux même sensibles || Le flacon pompe de 250ml || Origine : FRANCE || Riche en micelles, assemblage optimum d'agents nettoyants doux, l'Eau Micellaire purifie la peau en la débarrassant efficacement des impuretés et traces de maquillage.Enrichie en Eau de Mélisse Bio aux vertus adoucissantes, elle laisse la peau douce,fraîche et confortable, sans sensation de tiraillement ni effet collant. || Appliquez à l'aide d'un coton sur l'ensemble du visage, des yeux et des lèvres. L'eau Micellaire peut aussi être utilisée le matin pour rafraîchir et tonifier votre peau dès le réveil. Pratique, la pompe s'ouvre et se ferme par rotation. Ne pique pasles yeux. Sans rinçage. || Aqua, caprylyl/capryl glucoside, benzyl alcohol, melissa officinalis flower/leaf/steam water*, sodium benzoate, potassium sorbate, decyl glucoside, parfum, aloe barbadensis leaf juice*, citric acid, tetrasodium glutamate diacetate, sodium hydroxide,citral, limonene, linalool. *Ingrédients issus de l'agriculture biologique. 99,12% du total des ingrédients sont d'origine naturelle. 10,49% du total des ingrédients. Sans alcool. Sans paraben. Sans colorant. || 6 mois après ouverture. || 
23,44€ / L || 
5,86 € || 
Lait à l'eau micellaire, démaquillant hydra confort visage & yeux, peaux sèches et sensibles. || Le flacon de 200ml || Origine : FRANCE || Sa formule onctueuse à base d'eau micellaire, d'eau de mélisse bio adoucissante et d'huile d'amande douce, élimine parfaitement les impuretés et traces de maquillage, même les plus résistantes. Ce lait démaquillant répond aux exigences des peaux sèches et sensibles recherchant douceur, hydratation et confort. Lait non gras. Ne pique pas les yeux. || Appliquez à l'aide d'un coton sur l'ensemble du visage et des yeux. Ne pique pas les yeux. || Aqua, ethylhexyl, cocoate, glycerin, paraffinum liquidum, sorbitan stearate, ceteth-20, cetyl alcohol, prunus amygdalus dulcis oil, phenoxyethanol, zea mays starch, melissa officinalis flower/leaf/stem water, parfum, xanthan gum, sorbic acid, carbomer, sodium hydroxide, citric acid,  caprylyl/capryl glucoside, sodium benzoate, potassium sorbate tocopherol benzyl salicylate linalool, butylphenyl methylpropional limonene eugenol, citronellol, geraniol, benzyl alcohol, benzyl benzoate. Sans colorant. Sans alcool. || 6 mois après ouverture. || 
26,75€ / L || 
5,35 € || 
Eau démaquillante, thé vert, peaux ternes & stressées || Le spray de 200ml || Origine : FRANCE || La caution des laboratoires Diadermine : une haute compatibilité avec la peau vérifiée par des tests de tolérance. Une efficacité testée et prouvée scientifiquement en laboratoires. Un respect de la peau contrôlé par des dermatologues. Tous les jours, la peau est agressée parla pollution, le stress et le maquillage. L'Eau Démaquillante Dermo Detox démaquille visage, yeux et lèvres tout en détoxifiant* la peau. Appliquez matin et soir avec un coton, ou directement sur votre visage. Ne pas rincer.*En purifiant en douceur. || Aqua, dipropylene glycol, hexanediol, poloxamer 184, glycerin, propylene glycol, panthenol, sorbitol, peg-40 hydrogenated castor oil, trideceth-9, parfum, camellia sinensis leaf extract, centaurea cyanus flower extract, calcium pantothenate, biosaccharide gum-1, pantolactone, polysorbate 20, benzoic acid, phenoxyethanol, methylparaben. || A utiliser dans les 12 mois après ouverture. || 
30,35€ / L || 
6,07 € || 
Gelée démaquillante haute performance, nettoie, apaise, adoucit, visage et yeux non-gras, peaux sèches et sensibles. || le flacon de 200ml || Origine : FRANCE || 
28,60€ / L || 
5,72 € || 
Lait démaquillant Express 3 en 1, visage, yeux et lèvres || Le flacon de 200ml || Origine : AUTRICHE || 
22,90€ / L || 
4,58 € || 
Lait démaquillant hydratant, peau douce et veloutée, peaux sèches & sensibles || Le flacon de 200ml || Origine : FRANCE || Actions : le Lait Démaquillant Hydratant enlève délicatement les impuretés et toutes traces de maquillage, même waterproof. Sa formule hydrate, apaise et adoucit la peau.Résultats visibles : parfaitement démaquillée, votre peau est aussi hydratée pendant 8h. Elle est confortable et incroyablement douce. || Appliquez matin et soir du bout des doigts, ou à l'aide d'un coton, puis utilisez une lotion tonique. || Aqua, paraffinum liquidum, triceteareth-4 phosphate, glycerin, ceteareth-12, cetearyl alcohol, sorbitol, taurine, panthenol, carbomer, tocopheryl acetate, parfum, hydroxypropyl methylcellulose, xanthan gum, calcium pantothénate, trisodium dicarboxymethyl alaninate, pantolactone, phenoxyethanol, methylparaben, propylparaben, Cl16035. || 12 mois après ouverture. || 
21,10€ / L || 
4,22 € || 
Lotion tonique, peau douce et velouté, peaux sèches & sensibles || Le flacon de 200ml || Origine : FRANCE || Les peaux sèches et sensibles ont des besoins particuliers : elles ont besoin d'être hydratées, nourries et protégées pour lutter contre leur fragilité et leur sensibilité. C'est pour répondre à ces attentes spécifiques que les laboratoires Diadermine ont développé la lotion tonique apaisante. Actions : la lotion tonique apaisante tonifie et rafraîchit les peaux sèches et sensibles. Sa formule, à l'activateur de dermo-lipides, préserve leur niveau d'hydratation naturel et les apaise. Résultats visibles : parfaitement tonifiée, votre peau est aussi apaisée. Elle est hydratée et retrouve douceur et souplesse. || Appliquez matin et soir avec un coton, après vous être démaquillée. || Valeur énergétique en Joules :  0 || Valeur énergétique en Kcal : 0 || Glucides : 0 || Lipides : 0 || Protides :0 || Aqua, dipropylene glycol, poloxamer 184, panthenol, taurine, retinyl palmitate, linoleic acid, tocopherol, paba, calcium pantothenate, chitosan glycolate, propylene glycol, peg-40 hydrogenated castor oil, trideceth-9, polysorbate 20, lactic acid, benzophenone-4, parfum, tetrasodium edta, phenoxyethanol, sodium benzoate, Cl16035. || A utiliser dans les 12 mois après ouverture. || 
20,35€ / L || 
4,07 € || 
Solution micellaire tout en 1, peaux sensibles, nettoie + démaquille + apaise sans rinçage. || Le flacon de 400ml || Origine : FRANCE || La Solution Micellaire Tout en 1 nettoie, démaquille et apaise en un seul geste et sans rinçage visage, yeux et lèvres. Une formule apaisante, sans parfum et sans paraben, qui convient à toutes les peaux mêmes sensibles. || Nettoyez visage, yeux et lèvres à l'aide de cotons imbibés de produit, sans frotter et sans rincer. || Aqua/water, hexylene glycol, glycerin, disodium cocoamphodiacetate, disodium edta, poloxamer 184, polyaminopropyl biguanide (B162919/4). Sans parfum. || 6 mois après ouverture. || 
14,90€ / L || 
5,96 € || 
Solution micellaire, démaquillant visage et yeux, peaux et yeux sensibles || Le flacon de 200ml || Origine : FRANCE || Sa formule exclusive est composée de capteurs d'impuretés, les micelles, qui attirent et décollent le maquillage et les impuretés sans effort.Un seul geste fait disparaître toute trace de maquillage rapidement et sans frotter ! Sa formule fluide combine efficacité et soin : moins de passages réduisent le risque d'irritations. L'équilibre hydrolipidique cutané et le pH neutre de la formule apaisent les irritations pour laisser la peau douce et agréable. || Appliquez sur un coton puis démaquillez votre visage et vos yeux. Inutile de frotter, le maquillage est éliminé tout en douceur. Ne se rince pas. Convient aux porteurs de lentilles. || Aqua/water, hexylene glycol, glycerin, poloxamer 184, centaurea cyanus/centaurea cyanus flower extract, dihydrocholeth-30, disodium cocoamphodiacetate, disodium edta, panthenol, polyaminopropyl biguanide, sodium chloride, parfum/fragrance. (Code F.I.L. B29519/1). Sans alcool, sans savon, sans colorant. || 6 mois après ouverture. || 
27,25€ / L || 
5,45 € || 
Huile Démaquillante Eclat Sublime || Le flacon de 250ml || Origine : FRANCE || L'huile démaquillante sensationnelle nettoie la peau et permet d'éliminer en un clin d'oeil toutes traces de maquillage même les plus résistantes. Efficace et rapide. En plus d'un nettoyage ultra efficace, cette huile est particulièrement douce et convient à tous les types de peau. Elle laisse une peau nette et sublimée qui retrouve tout son éclat. || L'huile démaquillante s'applique sans coton. Répartissez 2 ou 3 doses d'huile sur votre visage sec avec les mains sèches. Masser le produit sur votre peau et vos cils. Ajouter quelques gouttes d'eau pour émulsionner le produit jusqu'à ce que l'huiledevienne laiteuse. Rincer abondamment sans frotter. || Paraffinum liquidum/mineral oil, caprylic/capric triglyceride, ethylhexyl stearate, isohexadecane, peg-20 glyceryl triisostearate, aqua/water, tocopheryl acetate, phenoxyethanol, parfum/fragrance. (FIL B158176/2). || 6 mois après ouverture. || 
48,00€ / L || 
7,20 € || 
Lait Démaquillant Absolue Douceur || Le flacon de 200ml || Origine : FRANCE || Chaque jour, il nettoie parfaitement et démaquille délicatement le visage et les yeux. Sa formule enrichie en Oméga-Céramide hydrate et apaise la peau.Parfaitement nette et hydratée, la peau est souple et confortable, elle ne tire pas. Toucher doux et velouté immédiat. || Matin et soir, appliquer sur le visage à l'aide d'un coton. || 6 mois après ouverture. || 
25,70€ / L || 
5,14 € || 
Lait Démaquillant Age Perfect || Le flacon de 200ml || Origine : FRANCE || Innovation des Laboratoires de L'Oréal, le Lait Nettoyant Défatigant ACE PERFECT, est spécialement conçu pour les peaux matures. ACTION: Le Lait Nettoyant Défatigant AGE PERFECT est enrichi en Vitamine C reconnue pour son action exfoliante et lissante et en Magnésium pour ses vertus défatigantes et redynamisantes: il nettoie la peau en profondeur, - il élimine toutes les impuretés (pollution, maquillage...) sans dessécher la peau, il défatigue et lisse la peau. || Matin et soir, appliquez sur le visage à l'aide d'un coton. || AQUA / WATER, PARAFFINUM LIQUIDUM / MINERAL OIL, ISOPROPYL PALMITATE, GLYCERIN, CYCLOPENTASILOXANE, STEARYL ALCOHOL, SUCROSE STEARATE, STEARIC ACID, AMMONIUM POLYACRYLOYLDIMETHYL TAURATE, XANTHAN GUM, MAGNESIUM GLUCONATE, ASCORBYL GLUCOSIDE, METHYLPARABEN, DIAZOLIDINYL UREA, BUTYLPARABEN, PARFUM / FRAGRANCE, LIMONENE, LINALOOL, ALPHA-ISOMETHYL IONONE, BENZYL BENZOATE, GERANIOL, CITRONELLOL (FIL B11365/1). || 12 mois après ouverture. || 
35,30€ / L || 
7,06 € || 
Lait Démaquillant Eclat Sublime || Le flacon de 200ml || Origine : FRANCE || 
25,50€ / L || 
5,10 € || 
Mousse Nettoyante Aérienne Incroyable Fraîcheur || Le flacon de 150ml || Origine : FRANCE || Cette mousse aérienne, enrichie de millions de bulles d'actifs purifiants, libère la peau de ses impuretés et des restes de maquillage. || Peaux normales à mixtes. Utilisez matin et soir après avoir humidifié votre visage, répartissez la mousse sur votre peau, massez du bout des doigts et rincez abondamment. || 6 mois après ouverture. || 
39,47€ / L || 
5,92 € || 
Solution Micellaire Démaquillante Absolue Douceur || Le flacon de 200ml || Origine : FRANCE || Cette solution permet de capter et éliminer les impuretés et le maquillage des yeux, du visage et des lèvres. Douce et respectueuse de la peau, elle convient même aux peaux sensibles. Votre peau est pure, confortable et adoucie sans sensation d'inconfort ou d'irritations. || Pour visage, yeux & lèvres. Peaux sèches et sensibles. Utilisez matin et soir en appliquant sa texture fraîche à l'aide d'une disque de coton sur votre visage et votre cou. Nul besoin de frotter ou de rincer. || Aqua, hexylene glycol, glycerin, poloxamer 184, disodium cocoamphodiacetate, disodium edta, polyaminopropyl biguanide (FIL B54894/1). || 6 mois après ouverture. || 
26,20€ / L || 
5,24 € || 
Tonique Caresse Absolue Douceur || Le flacon de 200ml || Origine : FRANCE || Source de fraîcheur quotidienne, ce tonique élimine délicatement les impuretés et parfait le maquillage. Sa formule enrichie en Oligo-Protéines apaise la peau et la préserve du dessèchement.Parfaitement nette et hydratée, la peau est fraîche et lumineuse. Toucher doux et velouté immédiat. || Essuyer le visage avec un coton imprégné du tonique velouté, sans frotter. || Aqua/water, glycerin, PEG-60 hydrogenated castor oil, carbomer, triethanolamine, hydroxyethylcellulose, hydrolyzed lupine protein, polystyrene, methylparaben, chlorphenesin, phenoxyethanol, Cl16035/red 40, parfum/fragrance, hydroxyisohexyl 3-cyclohexene carboxaldehyde, butylphenyl methylpropional, alpha-isomethyl ionone. || 6 mois après ouverture. || 
25,70€ / L || 
5,14 € || 
Tonique Frais Age Perfect || Le flacon de 200ml || Origine : FRANCE || Appliquez matin et soir généreusement à l'aide d'un coton. || Aqua,glycerin,PEG-60 hydrogenated castor oil,sodium citrate,magnesium gluconate,ascorbyl glucoside,tetrasodium EDTA,imidazolidinyl urea,methylparaben,benzoic acid,Cl14700,Cl15985,parfum. || 
36,00€ / L || 
7,20 € || 
Lait démaquillant pureté visage et yeux, à l'huile d'argan, cosmétique bio || Le tube de 200ml || Origine : FRANCE || Le Lait Démaquillant Pureté nettoie la peau, élimine les traces de maquillage et les impuretés issues de la pollution. Les propriétés anti-desséchantes et protectrices de l'huile d'argan, du beurre de karité et de l'huile d'olive sont associées aux vertus apaisantes de l'eau de camomille pour assurer un nettoyage naturel et en douceur. || Appliquer à l'aide d'un coton pour démaquiller les yeux, le visage et le cou.  Ne pas avaler. || Aqua (water), glycerin, butyrospermum parkii (shea) butter*, anthemis nobilis flower water*, C12-16 alcohols, decyl oleate, dicaprylyl ether, argania spinosa kernel oil*, olea europaea (olive) fruit oil*, macadamia ternifolia seed oil*, tocopheryl acetate, benzyl alcohol, hydrogenated lecithin, palmitic acid, parfum (fragrance), xanthan gum, dehydroacetic acid, limonene, linalool, geraniol, citral. *ingrédients issus de l'agriculture biologique. 98% du total des ingrédients sont d'origine naturelle. 10% du total des ingrédients sont issus de l'agriculture biologique. Sans paraben. Sans phenoxyethanol. Sans silicone. Sans parfum de synthèse. Sans matière grasse issue d'OGM. Sans matière animale. || Conserver à l'abri de la chaleur et de la lumière. A utiliser dans les 12 mois après ouverture. || 
53,80€ / L || 
10,76 € || 
Lait démaquillant pureté visage et yeux, à l'huile d'argan, cosmétique bio || Le tube de 200ml || Origine : FRANCE || Le Lait Démaquillant Pureté nettoie la peau, élimine les traces de maquillage et les impuretés issues de la pollution. Les propriétés anti-desséchantes et protectrices de l'huile d'argan, du beurre de karité et de l'huile d'olive sont associées aux vertus apaisantes de l'eau de camomille pour assurer un nettoyage naturel et en douceur. || Appliquer à l'aide d'un coton pour démaquiller les yeux, le visage et le cou.  Ne pas avaler. || Aqua (water), glycerin, butyrospermum parkii (shea) butter*, anthemis nobilis flower water*, C12-16 alcohols, decyl oleate, dicaprylyl ether, argania spinosa kernel oil*, olea europaea (olive) fruit oil*, macadamia ternifolia seed oil*, tocopheryl acetate, benzyl alcohol, hydrogenated lecithin, palmitic acid, parfum (fragrance), xanthan gum, dehydroacetic acid, limonene, linalool, geraniol, citral. *ingrédients issus de l'agriculture biologique. 98% du total des ingrédients sont d'origine naturelle. 10% du total des ingrédients sont issus de l'agriculture biologique. Sans paraben. Sans phenoxyethanol. Sans silicone. Sans parfum de synthèse. Sans matière grasse issue d'OGM. Sans matière animale. || Conserver à l'abri de la chaleur et de la lumière. A utiliser dans les 12 mois après ouverture. || 
53,80€ / L || 
10,76 € || 
Eau micellaire physiologique, visage et yeux, glycérine anti-dessèchement, peaux sensibles et sèches. || Le flacon de 400ml || Origine : FRANCE || L'eau micellaire physiologique Mixa capte et élimine en un seul geste, le maquillage et les impuretés du visage et des yeux sans agresser la peau sensible. Enrichie en glycérine anti-dessèchement, sa formule hydrate et adoucit immédiatement les peauxsensibles et sèches et les protège du dessèchement. || Appliquer matin et soir sur le visage et les yeux à l'aide d'un coton. Inutile de rincer ou de frotter. || Aqua/water, hexylene glycol, glycerin, poloxamer 184, citric acid, disodium cocoamphodiacetate, disodium edta, panthenol, peg-60 hydrogenated castor oil, polyaminopropyl biguanide, rosa, gallica extract/rosa gallica flower extract, parfum/fragrance (FIL B162037/1). || 6 mois après ouverture. || 
17,48€ / L || 
6,99 € || 
Eau nettoyante apaisante, visage et yeux, peaux très sensibles et réactives || Le flacon pompe de 200ml || Origine : FRANCE || Les peaux très sensibles et réactives, plus fragiles que les autres peaux réagissent plus fortement aux agressions extérieures : pollution, froid, soleil, eau calcaire, frottements Formulée sous contrôle médical, l'Eau Nettoyante Apaisante Mixa apaise les peaux très sensibles et réactives, aide à calmer leur réactive tout en les nettoyant parfaitement. || Appliquer matin et soir sur le visage et les yeux à l'aide d'un coton. Inutile de rincer. || Aqua/water, hexylene glycol, glycerin, poloxamer 184, dihydrocoleth-30, disodium cocoamphodiacetate, disodium EDTA, panthenol, polyaminopropyl biguanide, propylene glycol, rosa gallica extract/rosa gallica flower extract, parfum/fragrance. (F.I.L B30333/1). || 6 mois après ouverture. || 
19,20€ / L || 
3,84 € || 
Eau nettoyante démaquillante visage et yeux, Peaux sensibles,    Thé vert détoxifiant & aloe vera || Le flacon pompe de 200ml || Origine : FRANCE || Découvrez la 1ère Eau Nettoyante Démaquillante Mixa Bio pour faire de la toilette le 1er geste soin des peaux sensibles. Elle vous offre tous les bienfaits des ingrédients d'origine naturelle.Résultat : visage et yeux sont parfaitement nettoyés et démaquillés en un seul geste, sans frotter. Votre peau est apaisée et protégée. Elle est douce et confortable tout au long de la journée. || Appliquer matin et soir sur le visage à l'aide d'un coton. Sans rinçage. || Aqua/water, glycerin, aloe barbadensis/aloe barbadensis leaf juice powder*, benzyl alcohol, camellia sinensis extract/camellia sinensis leaf extract*, caprylyl/capryl glucoside, citric acid, coco-betaine, limonene, linalool, potassium sorbate, sodiumbenzoate, sodium phytate, xanthan gum, parfum/fragrance (F.I.L. B42443/1). 99% du total des ingrédients sont d'origine naturelle, 10% du total des ingrédients sont issus de l'agriculture biologique. Sans alcool, sans paraben. || 6 mois après ouverture. || 
26,10€ / L || 
5,22 € || 
Eau nettoyante démaquillante visage et yeux, Peaux sensibles,    Thé vert détoxifiant & aloe vera || Le flacon pompe de 200ml || Origine : FRANCE || Découvrez la 1ère Eau Nettoyante Démaquillante Mixa Bio pour faire de la toilette le 1er geste soin des peaux sensibles. Elle vous offre tous les bienfaits des ingrédients d'origine naturelle.Résultat : visage et yeux sont parfaitement nettoyés et démaquillés en un seul geste, sans frotter. Votre peau est apaisée et protégée. Elle est douce et confortable tout au long de la journée. || Appliquer matin et soir sur le visage à l'aide d'un coton. Sans rinçage. || Aqua/water, glycerin, aloe barbadensis/aloe barbadensis leaf juice powder*, benzyl alcohol, camellia sinensis extract/camellia sinensis leaf extract*, caprylyl/capryl glucoside, citric acid, coco-betaine, limonene, linalool, potassium sorbate, sodiumbenzoate, sodium phytate, xanthan gum, parfum/fragrance (F.I.L. B42443/1). 99% du total des ingrédients sont d'origine naturelle, 10% du total des ingrédients sont issus de l'agriculture biologique. Sans alcool, sans paraben. || 6 mois après ouverture. || 
26,10€ / L || 
5,22 € || 
Lait-crème démaquillant surgras peaux sensibles et très sèches || Le flacon de 200ml || Origine : FRANCE || Sa texture riche et fondante démaquille parfaitement la peau sans frotter pour préserver sa barrière protectrice. Enrichi en Cold Cream, il protège la peau du dessèchement et des irritations. La peau est parfaitement nettoyée et démaquillée en douceur. Protégée du dessèchement et des irritations, votre peau retrouve tout son confort. || Appliquer le Lait-Crème matin et soir sur votre peau, à l'aide d'un coton. Inutile de rincer. || Aqua/water, ethylhexyl palmitate, isohexadecane, paraffinum liquidum/mineral oil, glycerin, propanediol, acrylamide/sodium acryloyldimethyl taurate copolymer, acrylates/c10-30 alkyl acrylate crosspolymer, caprylyl glycol, cera alba/beeswax, ceteareth-25, cetearyl alcohol, cetyl palmitate, disodium cocoamphodiacetate, disodium edta, myrtrimonium bromide, poloxamer 184, polysorbate 80, sodium hydroxide, parfum/fragrance (FIL B161579/1). || 12 mois après ouverture. || 
26,00€ / L || 
5,20 € || 
Lait démaquillant antidessèchement, peaux sensibles et sèches, || La pompe de 20cl || Origine : FRANCE || Démaquille la peau efficacement et en douceur. Hydrate et protège votre peau du dessèchement. Préserve la barrière naturelle cutanée. Protège du tiraillement.Parfaitement démaquillée et nettoyée, la peau est hydratée et protégée du dessèchement. Ellene tire pas. Elle retrouve toute sa douceur, son confort et son éclat. || Appliquez matin et soir sur le visage à l'aide d'un coton. Inutile de rincer. || Aqua/water, cyclopentasiloxane, isopropyl palmitate, glycine soja/soybean oil, glycerin, sucrose stearate, stearyl alcohol, panthenol, stearic acid, carbomer, disodium cocoamphodiacetate, BHT, sodium methylparaben, quaternium-15, chlorhexidine digluconate, parfum/fragrance, citral, eugenol, geraniol, benzyl benzoate, alpha-isomethyl ionone, citronellol, linalool, benzyl salicylate, butylphenyl methylpropional, hydroxyisohexyl 3-cyclohexene carboxaldehyde, hexyl cinnamal, limonene. (F.I.L. B4843/2). || 12 mois après ouverture. || 
22,90€ / L || 
4,58 € || 
Lait démaquillant apaisant, extrait de rose, peaux très sensibles et réactives || Le flacon pompe de 200ml || Origine : FRANCE || Les peaux très sensibles et réactives, plus fragiles que les autres peaux réagissent plus fortement aux agressions extérieures : pollution, froid, soleil, eau calcaire, frottements  Formulé sous contrôle médical, le Lait Démaquillant Apaisant Mixa apaise les peaux très sensibles et réactives, aide calmer leur réactivité tout en les démaquillant parfaitement. || Appliquer sur le visage à l'aide d'un coton du bout des doigts. || AQUA /  WATER, ETHYLHEXYL PALMITATE, GLYCERIN, SODIUM CARBOMER, CETEARETH-25, CETEARYL ALCOHOL, DISODIUM COCOAMPHODIACETATE, DISODIUM EDTA,  METHYLPARABEN, MYRTRIMONIUM BROMIDE, PROPYLENE GLYCOL, ROSE GALLICA / ROSA GALLICA FLOWER EXTRACT, PARFUM / FRAGRANCE (FIL B12882/1) || 12 mois après ouverture. || 
23,85€ / L || 
4,77 € || 
Tonique hydratant apaisant, extrait de rose, peaux très sensibleset réactives. || Le flacon de 200ml || Origine : FRANCE || Apaise et hydrate les peaux très sensibles et réactives et élimine les derniers résidus de maquillage pour une peau parfaitement nettoyée. || Appliquer le tonique à l'aide d'un coton le matin comme premier geste tonifiant et le soir comme dernier geste de démaquillage. Ne pas rincer. || Aqua, hexylene glycol, glycerin, poloxamer 184, disodium cocoamphodiacetate, disodium edta, panthenol, polyaminopropyl biguanide, rosa gallica extract/rosa gallica flower extract, parfum (FIL B54729/1). Sans paraben. || 12 mois après ouverture. || 
22,90€ / L || 
4,58 € || 
Gel nettoyant fraîcheur, peaux normales à mixtes, vitamine E & Hydra IQ. || Le flacon de 150ml || Origine : FRANCE || Nettoie efficacement votre peau tout en la préservant du dessèchement. Sa formule plaisir purifie la peau et élimine les impuretés. || Appliquez sa texture fraîche matin et soir sur votre visage, votre cou et votre décolleté préalablement humidifiés. Massez délicatement en petits cercles du bas vers le haut. Rincez à l'eau tiède. || Aqua, cocamidopropyl betaine, sodium myreth sulfate, sodium acrylates copolymer, glycerin, glyceryl glucoside, tocopheryl acetate, nelumbium speciosum flower extract, panthenol, propylene glycol, lauryl glucoside, peg-40 hydrogenated castor oil, peg-200 hydrogenated glyceryl palmate, polyquaternium-10, benzophenone-4, sodium chloride, phenoxyethanol, methylparaben, ethylparaben, butylphenyl methylpropional, geraniol, hydroxyisohexyl 3-cyclohexene carboxaldehyde, benzyl alcohol, limonene, linalool, cinnamyl alcohol, parfum, CI 42090, CI 16035. || 12 mois après ouverture. || 
42,93€ / L || 
6,44 € || 
Lait démaquillant fraîcheur, peaux normales à mixtes || Le flacon 200ml || Origine : FRANCE || Enrichi en extrait de lotus et vitamines, le lait de toilette fraîcheur Nivéa Visage nettoie délicatement votre peau en l'enveloppant d'un voile de fraîcheur pour conserver sa souplesse.. || Appliquezsa texture fondante matin et soir sur votre peau du bout des doigts ou avec un coton. Massez délicatement en petits cercles du bas vers le haut. Son délicat parfum éveille délicieusement vos sens. || Aqua, paraffinum liquidum, isopropyl palmitate, cetearyl alcohol, glycerin, nelumbium speciosum extract, tocopheryl acétate, panthenol, glyceryl stéarate se, peg-40 castor oil, sodium carbomer, sodium cetearyl sulfate, propylene glycol, phenoxyethanol, methylparaben, butylphenyl methylpropional, hydroxyisohexyl 3-cyclohexene carboxaldehyde, geraniol, limonene, cinnamyl alcohol, alpha-isomethyl ionone, hydroxycitronellal, benzyl salicylate, linalool, benzyl benzoate, citronellol, eugenol, benzylalcohol, parfum. || 12 mois après ouverture. || 
25,10€ / L || 
5,02 € || 
Lait démaquillant sensitive, peaux sensibles, démaquille et apaise. || Le flacon de 200ml || Origine : FRANCE || Démaquille le visage et les yeux en douceur, nettoie la peau en profondeur, hydrate et apaise la peau. || Peaux sensibles. Appliquez sa texture onctueuse matin et soir sur votre peau du bout des doigts ou avec un coton. Massez délicatement en petits cercles du bas vers le haut. Enlever le surplus avec un coton ou de l'eau. Peut aussi être utilisé pour nettoyer la zone délicate du contour de l'oeil. || 12 mois après ouverture. || 
25,70€ / L || 
5,14 € || 
Lait démaquillant visage et yeux, tous types de peaux || Le flacon de 200ml || Origine : FRANCE || Enrichie en aloé vera et camomille naturels, le lait démaquillant visage & yeux démaquille en douceur et en un seul geste tous les types de peau.Sa formule onctueuse élimine efficacement le maquillage et les impuretés. Incroyablement douce, elle estparticulièrement adaptée à la zone délicate du contour de l'oeil. Sa texture légère et fondante hydrate votre peau sans laisser de film gras. Votre peau est éclatante, vous vous sentez bien. Délicatement démaquillée, la peau est parfaitement nette, hydratée et adoucie. Vous ressentez une incroyable sensation de confort, vous rayonnez. || Appliquez sa texture onctueuse matin et soir sur votre peau du bout des doigts ou avec un coton. Massez délicatement en petits cercles du bas vers le haut. || Aqua, paraffinum liquidum, caprylic/capric triglyceride, isopropyl palmitate, stearic acid, butyrospermum parkii, glyceryl lanolate, octyldodecanol, glycerin, aloe barbadensis, chamomilla recutita flower extract, panthenol, tocopheryl acetate, bisabolol, cetyl alcohol, peg-40 hydrogenated castor oil, glucose, sorbitol, sodium carbomer, citric acid, ethoxydiglycol, propylene glycol, phenoxyethanol, methylparaben, butylparaben, ethylparaben, propylparaben, isobutylparaben, butylphenyl methylpropional, hydroxyisohexyl 3-cyclohexene carboxaldehyde, geraniol, limonene, cinnamyl alcohol, alpha-isomethyl ionone, hydroxycitronellal, benzyl salicylate, linalool, benzyl benzoate, citronellol, eugenol, benzyl alcohol, parfum. || 12 mois après ouverture. || 
22,85€ / L || 
4,57 € || 
2 en 1 nettoyant masque, réduit l'excès de sébum, élimine les impuretés, désobstrue les pores, tous types de peaux. || Le tube de 150ml || Origine : IRLANDE || 
31,60€ / L || 
4,74 € || 
Gommage visage                                                   Poudre de noyaux d'abricot, Aloe vera & extrait de thé vert || Le tube de 100ml || Origine : FRANCE || 1 à 2 fois par semaine, appliquez une noix de produit sur le visage préalablement mouillé. Procédez au gommage en effectuant de petits mouvements circulaires sur l'ensemble du visage en évitant le contour des yeux. Rincez abondamment à l'eau claire. || Aqua, helianthus annuus seed oil*, butyrospermum parkii butter*, glycerin, dicaprylyl carbonate, aloe barbadensis leaf juice*, glyceryl stearate citrate, cetyl alcohol, caprylic/capric triglyceride, prunus armeniaca seed powder*, camellia sinensis leaf water*, xanthan gum, citric acid, tocopherol, dehydroacetic acid, potassium sorbate, sodium benzoate, parfum, benzyl alcohol, limonene. *Ingrédients issus de l'agriculture biologique. || 12 mois après ouverture. || 
52,50€ / L || 
5,25 € || 
Gommage visage                                                   Poudre de noyaux d'abricot, Aloe vera & extrait de thé vert || Le tube de 100ml || Origine : FRANCE || 1 à 2 fois par semaine, appliquez une noix de produit sur le visage préalablement mouillé. Procédez au gommage en effectuant de petits mouvements circulaires sur l'ensemble du visage en évitant le contour des yeux. Rincez abondamment à l'eau claire. || Aqua, helianthus annuus seed oil*, butyrospermum parkii butter*, glycerin, dicaprylyl carbonate, aloe barbadensis leaf juice*, glyceryl stearate citrate, cetyl alcohol, caprylic/capric triglyceride, prunus armeniaca seed powder*, camellia sinensis leaf water*, xanthan gum, citric acid, tocopherol, dehydroacetic acid, potassium sorbate, sodium benzoate, parfum, benzyl alcohol, limonene. *Ingrédients issus de l'agriculture biologique. || 12 mois après ouverture. || 
52,50€ / L || 
5,25 € || 
Masque auto-chauffant au zinc et à l'argiles blanc || 2 sachets de 6ml chacun || Origine : FRANCE || Le masque auto-chauffant enrichi en zinc et à l'argile blanc libère votre peau des impuretés et des cellules mortes. Il resserre les pores : le grain de peau est affiné et la brillance réduite. || Appliquez le masque auto-chauffant en couche fine et uniforme sur le visage humide en évitant le contour des yeux, des lèvres ainsi que la racine des cheveux. Effectuez de légers massages pour déclencher l'action auto-chauffante pendant 1 min. Rincezvotre visage à l'eau tiède. Utilisez 1 à 2 fois par semaine. Conserver hors de la portée des enfants. Ne pas utiliser sur une peau irritée, sur des boutons ou sur des coups de soleil. En cas d'irritation ou de réaction allergique, arrêter l'utilisation. Utiliser le masque immédiatement après ouverture. || Conserver à température ambiante, hors des rayons du soleil. || 
0,65€ / Pce || 
1,29 € || 
Masque hydratant, illumine le teint, pour une peau fraîche et lumineuse, à la vitamine C et aux extraits de fruits || Lot de 2 sachets || Origine : FRANCE || Le masque hydratant Monoprix, enrichi à la vitamine C* et aux extraits de fruits, hydrate et soulage votre peau pour plus de confort et de souplesse. Sa formule, contenant des agents hydratants, nourrit et révèle tout l'éclat de votre peau. Elle estapaisée et lumineuse après utilisation. *dérivé de vitamine C. || Appliquez le masque hydratant Monoprix en couche fine et uniforme sur votre visage préalablement nettoyé en évitant le contour des yeux, des lèvres ainsi que la racine des cheveux. Laissez agir 5 à 10 minutes. Retirez délicatement le surplus avec unmouchoir en papier ou un coton. Faites pénétrer délicatement le reste du masque. Vous pouvez l'utiliser 1 à 2 fois par semaine. Conserver hors de la portée des enfants. Ne pas utiliser sur une peau irritée, sur des boutons ou sur des coups de soleil.En cas d'irritation ou de réaction allergique, arrêter l'utilisation. Utiliser le masque immédiatement après ouverture. Testé sous contrôle dermatologique. || Conserver à température ambiante, hors des rayons du soleil. || 
0,62€ / Pce || 
1,24 € || 
Masque peel-off aux extraits de thé vert et complexe multivitaminé || 2 sachets de 6ml chacun || Origine : FRANCE || Le masque Peel-Off enrichi en extraits de thé vert et complexe multivitaminé, libère la peau des impuretés et des cellules mortes. La peau brille moins et retrouve tout son éclat. Frais, ce masque resserre les pores et vous donne un effet bonne mine.Votre grain de peau est affiné. || Appliquez le masque peel-off en couche fine et uniforme sur votre visage préalablement nettoyé en évitant le contour des yeux, des lèvres ainsi que la racine des cheveux. Laissez agir jusqu'à ce que le masque soit complètement sec 15 à 20 min. Retirez délicatement le masque, depuis l'extérieur du visage vers l'intérieur du visage. Rincez votre visage à l'eau tiède. Vous pouvez l'utiliser 1 à 2 fois par semaine. Conserver hors de la portée des enfants. Ne pas utiliser sur une peau irritée, sur des boutons ou sur des coups de soleil. En cas d'irritation ou de réaction allergique, arrêter l'utilisation. Utiliser le masque immédiatement après ouverture. || Conserver à température ambiante, hors des rayons du soleil. || 
0,65€ / Pce || 
1,29 € || 
Masque purifiant nettoie et tonifie pour une peau nette et purifiée, aux extraits d'aloe vera et de cocombre. || Lot de 2 sachets || Origine : FRANCE || Le masque purifiant Monoprix, enrichi aux extraits d'aloe vera et de concombre, nettoie votre peau et réduit l'excès de sébum. Onctueux et frais, il laisse votre peau douce, matifiée et vous procure une véritable sensation de fraîcheur et de confort. || Appliquez le masque purifiant Monoprix en couche fine et uniforme sur votre visage préalablement nettoyé en évitant le contour des yeux, des lèvres ainsi que la racine des cheveux. Laissez agir 2 à 3 minutes puis rincez votre visage à l'eau tiède. Vous pouvez l'utiliser 1 à 2 fois par semaine. Conserver hors de la portée des enfants. Ne pas utiliser sur une peau irritée, sur des boutons ou sur des coups de soleil. En cas d'irritation ou de réaction allergique, arrêter l'utilisation. Utiliser lemasque immédiatement après ouverture. Testé sous contrôle dermatologique. || Conserver à température ambiante, hors des rayons du soleil. || 
0,62€ / Pce || 
1,24 € || 
Patchs purifiants , front, nez, menton, favorise l'élimination des impuretés, peau nette. || La boîte de 6 patchs || Origine : FRANCE || Les patchs ont été spécialement conçus pour favoriser l'élimination des impuretés des zones les plus exposées grâce à l'action d'actifs qui extraient la majorités des impuretés. || Démaquillez et nettoyez parfaitement votre visage puis mouillez abondamment la zone ou vous souhaitez appliquer le patch (nez, front, menton). Appliquez la surface brillance sur la zone souhaitée. Lissez le patch et faites bien adhérer à la peau parde légères pressions. Laissez agir 10 à 15 min jusqu'à ce qu'il sèche. Retirez le patch délicatement en commençant par les extrémités. || Vp/va copolymer, aqua, titanium dioxide, propylene glycol, glycerin, diisopropyl adipate, kaolin, imidazolidinyl urea. || 
0,65€ / Pce || 
3,90 € || 
Gommage visage bio, argile blanche et aloe vera, tous types de peaux || Le tube de 100ml || Origine : FRANCE || Appliquer sur le visage et le cou en évitant le contour des yeux et des lèvres. Pour un nettoyage en profondeur, appliquer directement sans ajouter d'eau. Masser doucement par petits mouvements circulaires puis rincer abondamment à l'eau tiède. || Lavandula angustifolia extract*, aqua, magnesium aluminium silicate, glycerin, buxus chinensis oil*, decyl glucoside, titanium dioxide, bambusa arundinacea stem extract, cetearyl alcohol, cetearyl glucoside, xanthan gum, benzyl alcohol, sodium benzoate, aloe barbadensis leaf extract*, mentha piperita oil*, lactic acid. *38.4% du total des ingrédients sont issus de l'agriculture biologique. 99.1% du total des ingrédients sont d'origine naturelle. || 
54,10€ / L || 
5,41 € || 
Gommage visage bio, argile blanche et aloe vera, tous types de peaux || Le tube de 100ml || Origine : FRANCE || Appliquer sur le visage et le cou en évitant le contour des yeux et des lèvres. Pour un nettoyage en profondeur, appliquer directement sans ajouter d'eau. Masser doucement par petits mouvements circulaires puis rincer abondamment à l'eau tiède. || Lavandula angustifolia extract*, aqua, magnesium aluminium silicate, glycerin, buxus chinensis oil*, decyl glucoside, titanium dioxide, bambusa arundinacea stem extract, cetearyl alcohol, cetearyl glucoside, xanthan gum, benzyl alcohol, sodium benzoate, aloe barbadensis leaf extract*, mentha piperita oil*, lactic acid. *38.4% du total des ingrédients sont issus de l'agriculture biologique. 99.1% du total des ingrédients sont d'origine naturelle. || 
54,10€ / L || 
5,41 € || 
Masque à l'argile rose, peaux sensibles, cosmétique bio || Le tube de 100ml || Origine : FRANCE || Appliquer ce masque sur le visage et le cou en évitant le contour des yeux et des lèvres. Laisser agir 10 minutes puis rincer à l'eau clair. Faire suivre le masque d'une crème hydratante. || Aqua, Kaolin, Mentha Piperita Extract*, Butyrospermum Parkii*, Cetearyl Alcohol, Cetearyl Glucoside, Benzyl Alcohol, Perfume, Lactic Acid. *10% du total des ingrédients sont issus de l'agriculture biologique. || 
43,40€ / L || 
4,34 € || 
Masque à l'argile rose, peaux sensibles, cosmétique bio || Le tube de 100ml || Origine : FRANCE || Appliquer ce masque sur le visage et le cou en évitant le contour des yeux et des lèvres. Laisser agir 10 minutes puis rincer à l'eau clair. Faire suivre le masque d'une crème hydratante. || Aqua, Kaolin, Mentha Piperita Extract*, Butyrospermum Parkii*, Cetearyl Alcohol, Cetearyl Glucoside, Benzyl Alcohol, Perfume, Lactic Acid. *10% du total des ingrédients sont issus de l'agriculture biologique. || 
43,40€ / L || 
4,34 € || 
Masque à l'argile verte, peaux grasses, cosmétique bio || Le tube de 100ml || Origine : FRANCE || Appliquer ce masque sur le visage et le cou en évitant le contour des yeux et des lèvres. Laisser agir 10 minutes puis rincer à l'eau claire. Faire suivre le masque d'une crème hydratante. || Aqua,, Kaolin, Mentha Piperita Extract*, Buxus Chinensis*, Cetearyl Alcohol, Cetearyl Glucoside, Benzyl Alcohol, Rosmarinus Officinalis*, Mentha Piperita*, Lactic Acid. *10% du total des ingrédients sont issus de l'agriculture biologique. || 
43,40€ / L || 
4,34 € || 
Masque à l'argile verte, peaux grasses, cosmétique bio || Le tube de 100ml || Origine : FRANCE || Appliquer ce masque sur le visage et le cou en évitant le contour des yeux et des lèvres. Laisser agir 10 minutes puis rincer à l'eau claire. Faire suivre le masque d'une crème hydratante. || Aqua,, Kaolin, Mentha Piperita Extract*, Buxus Chinensis*, Cetearyl Alcohol, Cetearyl Glucoside, Benzyl Alcohol, Rosmarinus Officinalis*, Mentha Piperita*, Lactic Acid. *10% du total des ingrédients sont issus de l'agriculture biologique. || 
43,40€ / L || 
4,34 € || 
Strips purifiants, front, nez et menton, peaux normales & mixtes || La boîte de 6 unités || Origine : FRANCE || Les strips purifiants enlèvent efficacement et rapidement les impuretés et points noirs de la zone T : front, nez, menton.Ils purifient la peau : au contact de l'eau, leurs ingrédients actifs adhèrent aux impuretés de la peau et les désincrustent. Les pores sont immédiatement purifiés et resserrés. Votre peau est nette et douce. || Nettoyez parfaitement votre visage, puis mouillez abondamment la zone où vous souhaitez appliquer le strip (nez, front ou menton). Essuyez-vous les mains et décollez le strip du film transparent. Appliquez la partie brillante du strip sur la zone (nez, front ou menton). Lissez le strip et pressez-le pendant 4 secondes pour assurer un bon contact avec la peau. Laissez le strip agir 10 à 15 minutes jusqu'à ce qu'il sèche. Retirez-le délicatement en commençant par les extrémités. Utilisez les strips 2 à 3 fois par semaine. || Acrylates copolymer, aqua, silica, betaine, peg-10 laurate, saxifraca sermentosa, parfum, limonene, eugenol, butylphenyl methylpropional, linalool, methylparaben, ethylparaben, propylparaben, butylparaben, Cl 77891. || 12 mois après ouverture || 
0,91€ / Pce || 
5,45 € || 
Masque autochauffant, assainit les pores pour 7 jours, à l'extrait de concombre || Les 2 sachets de 6ml || Origine : FRANCE || Assainit les pores en profondeur pour 7 jours. Le Masque Auto-Chauffant Pure est-il fait pour moi ? Oui, si votre peau est sujette à problèmes : brillance, pores obstrués, impuretés. Si elle est mixte ou à tendance grasse et nécessite un nettoyage régulier pour rester saine. En quoi est-il différent ? Sa formule enrichie en extrait de concombre d'origine naturelle déclenche au contact de la peau une action auto-chauffante qui libère les pores des impuretés et de l'excès de sébum qui les obstruent. A l'argile et au zinc, elle assainit, resserre les pores et affine le grain de la peau. || Appliquez le Masque sur le visage humide en légers massages pour déclencher l'action auto-chauffante. Couvrez particulièrement la zone T (menton, front, nez). Laissez agir 3 minutes puis rincez. || GLYCERIN, KAOLIN, PHOPYLENE GLYCOL DICAPRYLATE/DICAPRATE, CI // 7891 / TITANIUM DIOXIDE, ALUMINUM STARCH OCTENYLSUCCINATE, MONTMORILLONITE, PROPYLENE GLYCOL, AQUA / WATER, CUCUMIS SATIVUS / CUCUMBER FRUIT EXTRACT, SALICYLIC ACID, ZINC PCA, SPIRAEA UIMARIA / SPIRAEA, ULMARIA EXTRACT, ACRYLATES COPOLYMER, ALCOHOl DENAT, ALLANTOIN, Cl 42090 / BLUE 1, CI 77007 / ULTRAMARINES, CI 77947 / ZINC OXIDE, LACTIC ACID, LAURYL AMINOPROPYLGLYCINE. LAURYL DIETHYLENEDIAMINOGLYCINE, NIACINAMIDE, PROPYLENE CARBONATE, SERINE, SODIUM CHLORIDE, SODIUM LACTATE, SORBITOL, STEARALKONIUM HECTORITE, TEA-LACTATE, UREA, BUTYLPARABEN, PHENOX YETHANOL, TRICLOSAN, PARFUM / FRAGRANCE, BENZYL SALICYLATE. LIMONENE, LINALOOL.(F.I.I.B8393/3). || 
140,00€ / L || 
1,68 € || 
Compresses revitalisantes pour les yeux au concombre, enrichies al'aloe vera et à la vitamine E. || La pochette de 10 compresses || Origine : FRANCE || Les compresses estompent les cernes et les marques de fatigue et atténuent le gonflement des paupières. || Démaquillez vous soigneusement. Enlevez vos verres de contact. Posez une compresse sur chaque oeil. Allongez vous pour 10-15 minutes de détente. Pour un effet encore plus frais, conservez les compresses au réfrigérateur. Usage externe uniquement. Encas d'irritation, rincer abondamment à l'eau et cessez l'utilisation du produit. Ne pas ingérer. Garder hors de portée des enfants. Ne pas utiliser sur des yeux irrités ou infectés. Ne pas réutiliser les compresses. Enlever les verres de contact. || Aqua, butylene glycol, glycerin, sorbitol, cucumis satives, aloe barbadensis, saccharide isomerate, collagen, peg-60 hydrogenated castor oil, methylparaben, phenoxyethanol, algae extract, pvm/ma copolymer, glyceryl polymethacrylate, sodium hyaluronate, parfum, lonicera caprifolium, chamomila recutita, carbomer, camellia sinensis, propylparaben, potassium sorbate, panax ginseng. || 6 mois après ouverture. || 
0,34€ / Pce || 
3,39 € || 
Patchs contour des yeux au thé vert || Le paquet de 10 || Origine : FRANCE || Offrez-vous un quart d'heure de pure détente avec ces patchs rafraîchissants contour des yeux au thé vert. Les patchs pré-imprégnés à base d'extraits naturels de camomille, d'aloès et de thé vert vous aideront à atténuer le gonflement des yeux et descernes, tout en vous apportant une sensation d'apaisement et de sérénité. || Posez 1 patch sur chaque oeil. Allongez-vous pour 10-15min. de détente. Usage externe uniquement. En cas d'irritation, rincer abondamment à l'eau et cesser l'utilisation du produit. Ne pas ingérer. Tenir hors de portée des enfants. Ne pas utiliser sur des yeux irrités ou infectés. Ne pas réutiliser les patchs. Enlever les verres de contact. || Aqua, butylene glycol, glycerin, sorbitol, kiwi fruit exact aloe barbadensis, saccharide isomerate, collagen, PEG-60 hydrogenated castor oil, methylparaben, phenoxyethanol, algae extract, PVM/MA copolymer, glyceryl polymethacrylate, sodium hyaluronate, parfum, lonicera caprifolium, chamomilla recutita, carbomer, camellia sinensis, propylparaben, patassium sorbate, panax ginseng. || A utiliser dans les 6 mois après ouverture. || 
0,35€ / Pce || 
3,45 € || 
Patchs purifiants pour le nez || Le paquet de 6 patchs || Origine : FRANCE || Soin purifiant spécialement conçu pour déboucher les pores et faire disparaître les points noirs indésirables en un seul geste. Elimine les impuretés et l'excès de sébum et laisse votre peau nette et lisse. Après une seule utilisation, vous ressentirez déjà toute la différence. Une utilisation régulière permet de resserrer les pores et de conserver une peau fraîche. || Humidifier abondamment votre nez avec de l'eau. Appliquer le patch sur la zone humide avec le côté brillant contre la peau. Laisser sécher le patch 10-15min. Il doit durcir en séchant. Utiliser 1 à 2 fois par semaine (attendre 3 jours entre 2 utilisations). Eviter d'utiliser sur peau sensible au sparadraps, pansements ou masques type 'peel-off'. Utiliser uniquement sur le nez (ne pas utiliser sur le contour des yeux). Eviter d'utiliser sur peau brûlée par le soleil et sujette aux boutons. Tenirhors de portée des enfants. || Aqua, glycerin, PVP, isobutylene, sodium maleate copolymer, propylene glycol, dimethicone copolyol, koalin, melaleuca alternifolia (tea tree) leaf oil, hamamelis virginiana (witch hazel), methyl paraben, diazolydinyl urea, propyl paraben, titanium dioxide. || A utiliser dans les 12 mois après ouverture. || 
0,76€ / Pce || 
4,58 € || 
masque régénérant intensif || 2 sachet de 5ml || Origine : ALLEMAGNE || Le soin intensif nourrissant avec l'effet immédiat apporte à la peau de l'hydratation et la lisse. Douce et vivifiée, la peau est visiblement régénérée. || Appliquer 1 à 2 fois par semaine sur la peau préalablement nettoyée. Ne pas appliquer sur le contour des yeux et les lèvres. Laisser agir 10 minutes puis rincer à l'eau tiède ou avec un disque d'ouate humide. || Aqua (water), prunus amygdalus dulcis (sweet almond) oil, candelilla cera, butyrospermum parkii (shea butter), glycerin, cetearyl alcohol, glyceryl stearate citrate, tocopheryl acetate, dextrin, persea gratissima (avocado) oil, myristyl myristate, saccharide isomerate, alchemilla vulgaris extract, brassica campestris (rapeseed) sterols, olea europaea (olive) fruit oil, mentha viridis (spearmint) leaf oil, juniperus virginiana oil, citrus limon peel oil, pelargonium graveolens flower oil, pogostermon cablin oil, citrus aurantium bergamia (bergamot) fruit oil, limonene, linalool, benzylsalicylate, citral, citronellol, p anisic acid, parfum (fragrance), helianthus annuus (sunflower) seed oil, glyceryl caprylate, xanthan gum, microcrystalline cellulose, citric acid, maltodextrin, calcium alginate, sodium citrate, tocopherol. || 3 mois après ouverture. || 
277,00€ / L || 
2,77 € || 
Gommage Parfait Eclat Sublime || Le tube de 150ml || Origine : FRANCE || Enrichie en micro-billes exfoliantes, cette texture gourmande gomme toutes les traces d'impuretés et élimine les cellules mortes. Pores purifiés, grain de peau affiné, teint éclatant. Au-delà du simple démaquillage, votre peau est parfaitement douce,lisse et sublimée. Elle retrouve tout son éclat. || Appliquez une fois par jour le matin ou le soir. Massez délicatement du bout des doigts sur le visage et rincez abondamment. Evitez le contact avec les yeux. || Aqua, sodium laureth sulfate, sodium chloride, polyethylene, acrylates copolymer, coco betaine, benzyl salicylate, citric acid, glycerin, ppg-5-ceteth-20, prunus armeniaca seed powder/ apricot seed powder, salicylic acid, sodium benzoate, sodium hydroxide, parfum (FIL B43258/1). || 12 mois après ouverture. || 
39,47€ / L || 
5,92 € || 
Masque-film Exfoliant lissant, 2 applications || Les 2 unidoses de 5ml || Origine : FRANCE || Pour garder une peau fraîche, souple et éclatante tout au long de la journée, l'équilibre naturel d'hydratation doit être respecté dès la toilette.Quelles actions sur votre peau? Le Masque Exfoliant Lissant Nivea Visage affine visiblement le grain devotre peau : Il élimine en douceur les impuretés et les cellules mortes tout en préservant votre peau du dessèchement. Sa texture gel enrichie en Panthenol procure à votre peau une agréable sensation de fraîcheur. Quels résultats sur votre peau ? Exfoliée votre peau retrouve sa douceur et son éclat. Vous ressentez une agréable sensation de fraîcheur. || Utilisez une à deux fois par semaine en complément de vos produits de toilette habituels. Il est conseillé d'avoir préalablement nettoyé votre peau avec les produits de toilette NIVEA VISAGE pour peaux normales à mixtes avant l'application du masque.Appliquez le masque en couche fine uniforme en évitant la zone du contour de l'oeil, des lèvres ainsi que la racine des cheveux. Laissez agir pendant 15 à 20 minutes environ, jusqu'à ce qu'il soit complètement sec. Puis, retirez délicatement le masque en le soulevant du menton vers le haut du visage. Rincez ensuite votre visage à l'eau tiède pour retirer les résidus. Testé sous contrôle dermatologique. || Aqua, Polyvinyl Alcohol, Alcohol Denat, Glycerin, Polysorbate 20, Panthenol, Methylparaben, Butylphenyl Methylpropional, Linalool, Benzyl Salicylate, Hexyl Cinnamal, Hydroxyisohexyl 3-Cyclohexene Carboxaldehyde, Citronellol, Limonene, Geraniol, Alpha-Isomethyl ionone, Parfum, Cl 42090 || 
171,00€ / L || 
1,71 € || 
Masque régénérant au miel || Les 2 sachets de 15ml || Origine : FRANCE || Les peaux sèches et sensibles ont besoin d'être nourries et protégées avec soin pour mieux résister aux agressions extérieures. QUELLES ACTIONS SUR VOTRE PEAU ? Le MASQUE RÉGÉNÉRANT AU MIEL NIVEA VISAGE® régénère e nourrit votre peau : - Enrichi en extraits de Miel, Il dorlote et détend votre peau. - Sa formule riche en Huile de Macadamia et Beurre de Karité hydrate* votre peau en lui apportant tous les nutriments dont elle a besoin. QUELS RÉSULTATS SUR VOTRE PEAU ? Intensément dorlotée et nourrie, votre peau redevient douce et souple. Vous ressentez une agréable sensation de confort. || Utilisez une à deux fois par semaine en complément de votre soin habituel.Il est conseillé d'avoir préalablement nettoyé votre peau avec les produits de toilette NIVEA VISAGE pour peaux sèches et sensibles avant l'application du masque. Appliquez unecouche généreuse sur votre visage en évitant la zone du contour de l'oeil et des lèvres. Laissez agir pendant 10 à 15 minutes puis retirez délicatement le surplus avec un mouchoir en papier ou un coton. || Aqua, Glycerin, Ethylhexyl Cocoate, Hydrogenated Coco-Glycerides, Stearyl Alcohol, Butylene Glycol, Cetyl Alcohol, Caprylic/Capric Triglyceride, Butyrospermum Parkii, Glyceryl Stéarate Citrate, Cera Alba, Macadamia Ternifolia, Mel, Tocopheryl Acetate, Sodium Lactate, Tridecyl Stearate, Tridecyl Trimellitate, Propylène Glycol, Sodium Carbomer, Dlpentaerythrityl Hexacaprylate/Hexacaprate, Tetrasodium Iminodisucclnate, Phenoxyethanol, Methylparaben, DMDM Hydantoin, Linalool, Hexyl Cinnamal, Geranlol, Citronellol, Parfum, Cl 13015, Cl 14720. || 
115,33€ / L || 
1,73 € || 
Patchs purifiants fraîcheur, à l'acide de fruits, nez, menton et front, peaux normales à mixtes || La boîte de 6 patchs || Origine : JAPON || Les patchs purifiants fraîcheur Nivéa Visage éliminent les points noirs et nettoient en profondeur les pores : complexe actif, texture souple du patch.Votre peau est éclatante, vous vous sentez bien : les pores sont nettoyés, le teint est éclatant defraîcheur. Sensation de douceur sur votre peau. || Mouillez la (ou les) partie(s) concernée(s). Appliquez le patch. Sa formule s'active au contact de l'eau. Laissez sécher le patch 10 à 15 minutes. Retirez délicatement le patch. Utilisez 1 à 2 fois par semaine en complément de vos produits de toilette habituels. Pour une meilleure efficacité, il est recommandé d'utiliser le programme complet NIVEA VISAGE pour peaux normales à mixtes. Usage unique. Appliquez ensuite votre soin de jour ou de nuit NIVEA VISAGE. || Polyquaternium-37, silica, aqua, glycerin, polysilicone-13, PEG-12 dimethicone, parfum, titanium dioxide, sodium citrate, methylparaben, citral, limonene, geraniol, linalool. Parfum. || 
0,96€ / Pce || 
5,74 € || 
Brume à l'eau minérale || Le spray de 150ml || Origine : ALLEMAGNE || La brume à l'eau minérale Monoprix hydrate, rafraîchit et tonifie votre peau en tout occasion. || Agiter avant emploi. Pulvériser sur le visage ou le corps. Laisser agir quelques instants. Sécher en tamponnant délicatement. Pour une utilisation optimale, ne pas utiliser l'aérosol en position penchée. Conserver hors de la portée des enfants. Récipient sous pression. Ne pas percer ou brûler, même après usage. Conserver à l'écart de toute flamme ou source d'étincelles. Ne pas fumer pendant l'utilisation. Utiliser dans des zones bien ventilées. Ne pas utiliser pour un autre usage que celui pourlequel le produit est destiné. || Aqua, nitrogen. || A protéger contre les rayons solaires et à ne pas exposer à une température supérieure à 50°C. || 
13,00€ / L || 
1,95 € || 
Brume à l'eau minérale, hydrate, rafraîchit, tonifie || Le spray de 400ml || Origine : ALLEMAGNE || La brume à l'eau minérale Monoprix hydrate, rafraîchit et tonifie votre peau en tout occasion. || Agiter avant emploi. Pulvériser sur le visage ou le corps. Laisser agir quelques instants. Sécher en tamponnant délicatement. Pour une utilisation optimale, ne pas utiliser l'aérosol en position penchée. Conserver hors de la portée des enfants. Récipient sous pression. Ne pas percer ou brûler, même après usage. Conserver à l'écart de toute flamme ou source d'étincelles. Ne pas fumer pendant l'utilisation. Utiliser dans des zones bien ventilées. Ne pas utiliser pour un autre usage que celui pourlequel le produit est destiné. || Aqua, nitrogen. || A protéger contre les rayons solaires et à ne pas exposer à une température supérieure à 50°C. || 
6,60€ / L || 
2,64 € || 
Brume à l'eau minérale, hydrate, rafraîchit, tonifie || Le Spray de 75ml || Origine : ALLEMAGNE || La brume à l'eau minérale Monoprix, contient des minéraux et oligo-éléments. Elle hydrate, rafraîchit et tonifie votre peau en toute occasion. || Agitez avant emploi. Pulvérisez sur le visage ou le corps. Laissez agir quelques instants. Séchez en tamponnant délicatement. Pour une utilisation optimale, ne pas utiliser l'aérosol en position penchée. Conserver hors de la portée des enfants. Récipient sous pression. Ne pas percer ou brûler, même après usage. Conserver à l'écart de toute flamme ou source d'étincelles. Ne pas fumer pendant l'utilisation. Utiliser dans des zones bien ventilées. Ne pas utiliser pour un autre usage que celui pourlequel le produit est destiné. || Aqua, nitrogen. || Conserver à l'abri de la chaleur et hors du gel. A protéger contre les rayons solaires et à ne pas exposer à une température supérieure à 50°C. || 
19,47€ / L || 
1,46 € || 
Brumisateur d'eau minérale naturelle || Le brumisateur de 150ml || Origine : FRANCE || Mise au point par des pharmaciens, Brumisateur Evian contribue à l'hydratation des couches supérieures de l'épiderme. Avec sa composition caractéristique et le pH neutre de l'eau minérale naturelle Evian, Brumisateur Evian rafraîchit et tonifie tousles types de peaux. || Pulvérisez Brumisateur Evian, laissez agir quelques minutes et tamponnez délicatement. Brumisateur Evian vous accompagne vous et votre famille en de nombreuses occasions : le matin au réveil, mais aussi au bureau, en plein air (sport, plage ) ou en voyage  Il est également recommandé aux femmes enceintes et tout particulièrement pour la toilette des bébés. Gaz propulseur : azote. Composant naturel de l'atmosphère, neutre et ininflammable, sans risque en avion.  Récipient sous pression. Ne pas percer ni brûler même après usage. || Eau minérale naturelle Evian, azote. Composition en mg/L de l'eau minérale naturelle Evian : calcium : 78, magnésium : 24, sodium : 5, potassium : 1, bicarbonates : 357, sulfates : 10, chlorures : 4,5, nitrates : 3,8, silice : 13,5g. pH : 7,2. || A protéger des rayons solaires et à ne pas exposer à une température supérieure à 50°C. || 
23,00€ / L || 
3,45 € || 
Brumisateur d'eau minérale naturelle || Le brumisateur de 400ml || Origine : FRANCE || Utilisé quotidiennement, Evian Facial Spray augmente l'hydratation de votre peau, aide à fixer votre maquillage et procure de véritables sensations de fraîcheur et de pureté.Née au coeur des Alpes, l'eau minérale naturelle d'Evian bénéficie d'une composition minérale équilibrée, et d'un pH neutre qui convient à tous les types de peau. || Pulvérisez la peau plusieurs fois par jour à l'aide de l'atomiseur Evian. Laissez agir quelques minutes et tamponnez délicatement. Récipient sous pression. Ne pas percer ou brûler même après usage. Attention : ce contenant peut exploser s'il est chauffé. || Eau minérale naturelle Evian, azote. Composition en mg/L de l'eau minérale naturelle Evian : calcium : 80, magnésium : 26, sodium : 6,5, potassium : 1, bicarbonates : 360, sulfates : 12,6, chlorures : 6,8, nitrates : 3,7, silice : 15. pH : 7,2. || A protéger des rayons solaires et à ne pas exposer à une température supérieure à 50°C. || 
11,98€ / L || 
4,79 € || 
Brumisateur d'eau minérale naturelle, hydrate et fixe le maquillage || Le brumisateur de 50ml || Origine : FRANCE || Et si un nouveau geste beauté pouvait à la fois rendre votre peau fraîche et belle tout en aidant à fixer votre maquillage. || Récipient sous pression;Ne pas percer ni brûler, même après usage. || Eau minérale naturelle Evian, azote. Composition en mg/L : calcium : 78, magnesium : 24, sodium : 5, potassium : 1, bicarbonates : 357, sulfates : 10, chlorures : 4.5, nitrates : 3.8, silice : 13.5. pH 7.2. || A protéger contre les rayons solaires et à ne pas exposer à une température supérieure à 50°C. || 
56,60€ / L || 
2,83 € || 
Brume d'eau apaisante || L'atomiseur de 150ml || Origine : FRANCE || 
26,87€ / L || 
4,03 € || 
Brume d'eau apaisante || L'atomiseur de 400ml || Origine : FRANCE || 
14,03€ / L || 
5,61 € || 
Gel désincrustant Actif || Le tube de 150ml || Origine : FRANCE || Comment ça marche? Sa formule aux micro-sphères exfoliantes désincruste tes pores en profondeur et les purifie en éliminant l'excés de sébum et les cellules mortes à l'origine des imperfections. Sa texture onctueuse permet un usage au quotidien sansdessécher ta peau. || Applique le gelsur ta peau humidifiée. Masse en douceur ton visage en insistant sur la zone T (front, nez et menton) puis rince abondamment à l'eau claire. || 12 mois après ouverture. || 
52,53€ / L || 
7,88 € || 
Gel nettoyant Actif || Le flacon pompe de 200ml || Origine : FRANCE || Ce gel a été formulé à base d'acide salicylique pour aider à lutter rapidement contre les imperfections, pour une peau visiblement plus nette !Ce gel nettoyant non-gras commence à agir immédiatement. Il combat les bactéries à l'origine des imperfections et élimine l'excès de sébum. L'acide salicylique libère la peau des impuretés et lutte contre leur réapparition. || Utilise le Gel Nettoyant Actif matin et soir. Verse du gel dans la paume de ta main et fais mousser avec de l'eau tiède. Masse en douceur ton visage et ton cou puis rince abondamment à l'eau claire. Maintenir hors de portée des enfants. Usage externe. Eviter tout contact avec les yeux et la bouche. En cas de contact, rincer abondamment à l'eau claire. En cas d'irritation, cesser l'utilisation. Si elle persiste consulter un médecin. Ne pas exposer à la lumière directe du soleil. || Aqua, glycerin, sodium laureth sulfate, coco-glucoside, cocamidopropyl betaine, salicylic acid, peg-200 hydrogenated glyceryl palmate, sodium chloride, laureth-4, peg-7 glyceryl cocoate, polyquaternium-43, parfum, lavandula stoechas extract, helichrysum italcium extract, cistus monspeliensis extract, sodium hydroxide, phenoxyethanol, peg-40 hydrogenated castor oil, methylparaben, butylparaben, ethylparaben, isobutylparaben, propylparaben, Cl42090. || 
41,15€ / L || 
8,23 € || 
Exfobrosse Pur Active || Le flacon de 150 ml || Origine : FRANCE || Garnier PureActive Exfobrosse est un nettoyant de nouvelle génération, testé sur peaux à problèmes tenaces, qui révolutionne votre nettoyage quotidien.Il élimine de façon intense les cellules mortes en surface. Il combat les impuretés les plus difficiles à atteindre et réduit l'excès de sébum à l'origine des impuretés. || Humidifiez le visage. Pour ouvrir, faites pivoter la tête de l'ExfoBrosse d'un demi-tour. Humidifiez la brosse et tenez la tête en bas. Appuyez sur le corps souple du flacon jusqu'à ce que le produit sorte. Faites pivotez la tête de l'ExfoBrosse d'undemi-tour pour le refermer. Appliquez sur visage humide en effectuant des mouvements circulaires. Rincez abondamment votre visage et nettoyez la brosse sous l'eau. Pour une qualité d'utilisation optimale, fermer l'ExfoBrosse après chaque usage. En cas de contact avec les yeux, rincer immédiatement. Ce produit est déconseillé aux peaux sensibles et sèches. || Aqua/water, sodium laureth sulfate, decyl glucoside, glycerin, sodium chloride, coco-betaine, salicylic acid, capryloyl salicylic acid, citric acid, copper pca, hexylene glycol, menthol, peg-150 pentaerythrityl tetrastearate, peg-6 caprylic/capric glycerides, pentasodium ethylenediamine tetramethylene phosphonate, polyquaternium-47, sodium hydroxide, tetrasodium edta, vaccinium myrtillus extract/vaccinium myrtillus fruit, extract, zinc gluconate, parfum/fragrance (F.I.L. B38989/1). || 12 mois après ouverture. || 
52,53€ / L || 
7,88 € || 
Gel exfoliant énergisant, désincruste & resserre les pores || Le tube de 150ml || Origine : FRANCE || Enrichie en extraits de pamplemousse, de grenade et de dérivé de vitamine C sélectionnés pour leurs pouvoirs purifiants, antioxydants et énergisants, elle nettoie la peau efficacement. Son parfum gourmand vous enveloppe d'une délicieuse fraîcheur auxnotes fruitées et acidulées. || Appliquez sur le visage humide. Massez légèrement en insistant sur les zones sujettes aux impuretés (front, nez, menton). Rincez abondamment. Utilisation quotidienne. Evitez le contour des yeux. || Aqua, coco-betaine, butylene glycol, sodium laureth sulfate, disodium cocoamphodiacetate, polyethylene, sodium chloride, acrylates/c1030 alkyl acrylate crosspolymer, ascorbyl glucoside, benzyl alcohol, benzyl salicylate, capryloyl salicylic acid, CI15510/orange 4, CI17200/red33, citronellol, citrus grandis extract/grapefruit fruit extract, eucalyptus globulus extract/eucalyptus globulus leaf extract, glycerin, limonene, linalool, polyquaternium-47, propylene glycol, punica granatium extract, salicylic acid, sodium benzoate, sodium hydroxide, tetrasodium edta, xanthan gum, zinc gluconate, parfum (FIL B52588/1). || 12 mois après ouverture. || 
43,60€ / L || 
6,54 € || 
Gel nettoyant assainissant, anti-regraissage, peaux à problèmes tenaces || Le flacon de 200ml || Origine : FRANCE || Sa formule contenant de l'acide salicylique aux propriétés antibactériennes et du zinc purifiant connu pour son pouvoir sébo-régulateur, exerce une double action : nettoie et élimine.La gamme Pure a été spécialement développée pour aider à lutter contre les impuretés et l'excès de sébum. || Appliquez sur le visage mouillé. Massez légèrement en insistant sur le front, le nez et le menton. Rincez abondamment. Ce produit est déconseillé aux peaux sensibles ou sèches. Evitez le contour des yeux. || Aqua/water, coco-betaine, propylene glycol, sodium laureth sulfate, peg-120 methyl glucose dioleate, sodium chloride, disodium cocoamphodiacetate, benzyl salicylate, eucalyptus globulus extract/eucalyptus globulus leaf extract, limonene, linalool, menthol, menthoxypropanediol, salicylic acid, sodium benzoate, tetrasodium edta, zinc gluconate, parfum/fragrance (fil B34608/1). || Se conserve 12 mois après ouverture. || 
28,80€ / L || 
5,76 € || 
Gel purifiant énergisant, réduit visiblement les impuretés, réve ille & tonifie la peau. Peaux grasses à impuretés. || Le flacon de 200ml || Origine : FRANCE || Enrichie en extraits de pamplemousse, de grenade et de dérivé de vitamine C sélectionnés pour leurs pouvoirs purifiants, antioxydants et énergisants, elle réveille la peau et la tonifie. Son parfum gourmand enveloppe le visage d'une délicieuse fraîcheur aux notes fruitées et acidulées. || Appliquez sur le visage mouillé. Massez légèrement en insistant sur le front, le nez et le menton. Rincez abondamment. Utilisation quotidienne. Evitez le contour des yeux. || Aqua, coco-betaine, propylene glycol, sodium laureth sulfate, peg-120 methyl glucose dioleate, disodium cocoamphodiacetate, sodium chloride, ascorbyl glucoside, benzyl alcohol, benzyl salicylate, CI 15510/orange 4, CI 17200/red 33, citrus grandis extract/grapefruit fruit extract, eucalyptus globulus extract/eucalyptus globulus leaf extract, glycerin, limonene, linalool, menthoxypropanediol, punica granatium extract, salicylic acid, sodium benzoate, tetrasodium edta, zinc gluconate, parfum (FIL B52512/1). || 12 mois après ouverture. || 
31,90€ / L || 
6,38 € || 
Mousse purifiante douceur aux extraits de pamplemousse, grenade &vitamines C, peaux grasses à impuretés || Le flacon de 150ml || Origine : FRANCE || D'une pression, cette eau purifiante se transforme en mousse généreuse ultra-douce avec la peau pour un nettoyage quotidien respectueux des peaux sensibles sujettes aux impuretés. Son parfum gourmand enveloppe le visage d'une vague de fraîcheur aux notes fruitées et acidulées. || Une pression suffit à libérer la juste dose de mousse. Appliquez sur le visage humide. Massez doucement en insistant sur les zones sujettes aux imperfections (front, nez, menton). Rincez abondamment. Utilisation quotidienne. Evitez le contour des yeux. || 12 mois après ouverture. || 
54,60€ / L || 
8,19 € || 
2-en-1, nettoyant masque microclear || Le tube de 150ml || Origine : FRANCE || Neutrogena Visibly Clear 2 en 1 nettoyant & masque : élimine les impuretés et aide à réduire les boutons pour une peau nette. || En nettoyant moussant quotidien : matin & soir, appliquer sur le visage humide et masser délicatement en évitant la zone sensible du contour de l'oeil. Puis rincer à l'eau. En masque : utiliser chaque semaine. Etaler une fine couche de produit sur levisage en évitant le contour des yeux. Laisser agir 5min. Rincer à l'eau tiède puis enlever tout résidu de produit avec un coton. Eviter le contact avec les yeux. En cas de contact avec les yeux, rincer abondamment à l'eau. Pour usage externe. || Aqua, Glycerin, kaolin, Bentonite, Sodium Methyl Cocoyl Taurate, Titanium Dioxide, Trideceth-9, Salicylic Acid, c12-15 alkyl lactate, sodium chloride, Menthol, PEG-5 Ethylhexanoate, Coconut Acid, Xanthan Gum, Disodium EDTA, Citric Acid, Sodium Citrate, Methylparaben, Propylparaben, Ethylparaben, Chlorphenesin, Parfum. || 12 mois après ouverture. || 
42,27€ / L || 
6,34 € || 
Crème désincrustante, nettoyant quotidien || Le tube de 150ml || Origine : FRANCE || Sa formule crème contenant des micro-perles désincruste les pores pour éliminer l'excès de sébum et les impuretés à l'origine des points noirs.Sa formule contient un ingrédient reconnu pour son action sur les points noirs. Utilisé quotidiennement, elle désincruste les pores. || Chaque jour, appliquer sur le visage humide et masser délicatement en insistant sur les zones sujettes aux points noirs. Rincer abondamment. Eviter le contact avec les yeux. En cas de contact avec les yeux, rincer abondamment à l'eau. || Aqua, cetyl alcohol, PPG-15 stearyl Ether, polyethylene, polysorbate 60, Salicylic acid, steareth-21, jojoba esters, menthyl lactate, myristyl alcohol, stearyl alcohol, polyvinyl alcohol, potassium cetyl phosphate, xanthan gum, agar, neopentyl glycoldicaprylate/dicaprate, ppg-2 methyl ether, alumina, talc, BHT, phenoxyethanol, phenethyl alcohol, methylisothiazolinone, parfum, mica. CI 73360, CI 77491, CI 77492, CI 77891. || 12 mois après ouverture. || 
44,27€ / L || 
6,64 € || 
Crème nettoyante, Pamplemousse rose || Le tube de 150ml || Origine : FRANCE || Une crème nettoyante purifiante quotidienne pour une peau plus nette et fraîche tous les jours.Avec sa technologie brevetée Microclear, elle nettoie la peau en profondeur pour aider à réduire les imperfections (excès de sébum, irrégularités, brillance...). Sa texture crème purifie la peau en douceur sans la dessécher tout en la vivifiant d'une vague rafraîchissante de pamplemousse rose. || Matin et soir, appliquer sur visage humide et masser délicatement. Rincer abondamment. Convient à tous les types de peaux. Particulièrement adapté aux peaux normales à grasses. Sa formule douce convient même aux peaux sensibles. Eviter le contact avec les yeux. En cas de contact avec les yeux, rincer abondamment à l'eau. Pour usage externe uniquement. || Aqua, cetyl alcohol, ppg-15 stearyl ether, polysorbate 60, steareth-21, salicylic acid, glycerin, C12-15 alkyl lactate, cetyl lactate, stearyl alcohol, citrus grandis fruit extract, panthenol, potassium cetyl phosphate, menthol, xanthan gum, myristylalcohol, propylene glycol, sodium chloride, isopropyl alcohol, alcohol denat, cocamidopropyl pg-dimonium chloride phosphate, disodium edta, glycolic acid, lactic acid, sodium hydroxide, bht, benzalkonium chloride, parfum, Cl16035. || 12 mois après ouverture. || 
46,33€ / L || 
6,95 € || 
Gel exfoliant matifiant, aide à réduire la brillance et à resserrer les pores parfum mandarine & citron vert. || Le tube de 150ml || Origine : FRANCE || Un teint unifié grâce à une double action : une peau matifiée et des pores resserrés. Réduit visiblement la brillance et aide à resserrer les pores. Son parfum mandarine et citron vert vous procure une sensation de fraîcheur vivifiante. || Appliquer une fois par jour sur visage humide et masser délicatement en évitant tout contact avec les yeux. En cas de contact avec les yeux, rincer abondamment à l'eau. Pour usage externe uniquement. || Aqua, cetyl alcohol, ppg-15 stearyl ether, polyethylene, steareth-21, salicylic acid, polysorbate 60, cera microcristallina, citrus aurantifolia fruit extract, citrus tangerina extract, menthyl lactate, myristyl alcohol, stearyl alcohol, propylene glycol, potassium cetyl phosphate, xanthan gum, tocopherol, bht, parfum, CI77289. || 12 mois après ouverture. || 
44,27€ / L || 
6,64 € || 
Gel exfoliant vivifiant, tous types de peaux || Le tube de 150ml || Origine : FRANCE || Réveillez votre peau avec le Gel Exfoliant Vivifiant Neutrogena Deep Clean. Il nettoie les pores en profondeur et laisse la peau fraîche et vivifiée.Des micro-billes énergisantes exfolient la peau en douceur, et éliminent les cellules mortes qui obstruent les pores. Sa texture gel très fraîche se transforme en fine mousse pour éliminer impuretés, excès de sébum et traces de maquillage. || Appliquez sur visage humide et masser délicatement en évitant le contour des yeux, puis rincer à l'eau tiède. || Aqua, methyl gluceth-20, lauryl glucoside, sodium laureth sulfate, polyethylene, disodium lauroamphodiacetate, dimethicone peg-8 meadowfoamate, panthenol, synthetic wax, peg-80 sorbitan laurate, menthol, acrylates/c10-30 alkyl acrylate crosspolymer,polyquaternium-7, sodium benzotriazolyl butylphenol sulfonate, disodium edta, sodium hydroxide, sodium chloride, dmdm hydantoin, parfum, ci 77007, ci 42090. || 12 mois après ouverture. || 
41,20€ / L || 
6,18 € || 
Gel nettoyant exfoliant Pamplemousse rose, Visibly clear, aide à réduire les imperfections. || Le tube de 150ml || Origine : FRANCE || 
45,67€ / L || 
6,85 € || 
Gel nettoyant matifiant, aide à réduire la brillance et désobstrue les pores parfum mandarine & citron vert. || Le flacon de 200ml || Origine : GRECE || Aide à désobstruer les pores : sa formule nettoie en profondeur pour un grain de peau visiblement affiné. Son parfum vous procure une sensation de fraîcheur vivifiante. || Appliquer matin et soir sur visage humide et masser délicatement, en évitant tout contact avec les yeux. En cas de contact avec les yeux, rincer abondamment à l'eau. Pour usage externe uniquement. || Aqua, sodium laureth sulfate, lauryl glucoside, glycerin, cocamidopropyl betaine, peg-120 methyl glucose dioleate, citrus aurantifolia fruit extract, citrus tangerina extract, propylene glycol, sodium cocoamphoacetate, coconut acid, polysorbate 20, sodium chloride, disodium edta, sodium citrate, citric acid, sodium hydroxide, salicylic acid, parfum, CI15985, CI42090. || 12 mois après ouverture. || 
32,20€ / L || 
6,44 € || 
Gel nettoyant non gras || La pompe de 200ml || Origine : FRANCE || Le Gel Nettoyant Non Gras Neutrogena Visibly Clear est spécialement formulé pour éliminer les impuretés et l'excès de sébum qui obstruent le pores et favorisent l'apparition des imperfections. De plus, il est enrichi avec un ingrédient actif pour aider à éliminer les cellules mortes et à prévenir les imperfections. Une utilisation régulière rendra la peau plus fraîche, nette et saine. || Appliquer sur visage humide et masser délicatement en évitant le contour des yeux, puis rincer à l'eau. Convient à un usage quotidien. Convient à tous types de peaux, particulièrement adapté aux peaux normales à grasses. || Aqua, sodium laureth sulfate, glycerin, lauryl glucoside, cocamidopropyl betaine,  peg-120 methyl glucose dioleate, salicylic acid, anthémis nobilis extract, chamomilla recutita extract, aloe barbadensis extract, propylene glycol, sodium cocoamphoacetate, polysorbate 20, sodium citrate, sodium chloride, citric acid, disodium edta, methylparaben, parfum, linalool, citronellol, butylphenyl methylpropional, C119140, C116035. Sans savon. Sans alcool. || A utiliser dans les 12 mois après ouverture. || 
29,80€ / L || 
5,96 € || 
Gel nettoyant Pamplemousse rose, Visibly clear, aide à réduire les boutons et les points noirs. || Le flacon de 200ml || Origine : FRANCE || 
34,45€ / L || 
6,89 € || 
Lotion désincrustante, pores obstrués || Le flacon de 200ml || Origine : FRANCE || Aide à éliminer les impuretés incrustées : Elle contient également de l'acide salicylique reconnu pour aider a éliminer et à prévenir les impuretés incrustées.La lotion est spécialement formulée pour désincruster les pores, aider a éliminer les impuretés, l'excès de sébum et les cellules mortes en surface qui peuvent s'accumuler au coeur des pores et les obstruer. || Appliquer matin et soir sur le visage et le cou à l'aide d'un coton en évitant le contour de l'oeil. Ne pas rincer. || Aqua, Alcohol Denat, PPG-5-Ceteth-20, Glycerin, Salicylic Acid, Menthyl Lactate, Parfum. || 12 mois après ouverture. || 
32,70€ / L || 
6,54 € || 
Nettoyant triple action, d{sincrustant points noirs, sos 7 jours. || Le flacon de 100ml || Origine : FRANCE || 
74,70€ / L || 
7,47 € || 
On the Spot gel, au micro-clear || Le flacon de 15ml || Origine : FRANCE || Ce gel action rapide aide à réduire les boutons en 8 heures chrono, sans irriter la peau. Efficacité cliniquement prouvée.Pour une peau nette : sa nouvelle formule au MicroClear , technologie brevetée, commence à agir dès l'application pour aider à réduire la taille et la rougeur des boutons. Pour une belle peau : ce gel doux agit tout en douceur sans abîmer ni assécher la peau. || Appliquer sur la zone concernée dès les premiers signes d'apparition d'un bouton ou sur un bouton déjà visible. Adapté à un usage quotidien. Eviter la zone sensible du contour de l'oeil. Usage externe uniquement. En cas de contact avec les yeux, rincer immédiatement avec de l'eau. En cas d'irritation persistante, consulter un spécialiste. Inflammable. || Aqua, alcohol denat., glycerin, polyacrylate-13, salicylic acid, cyclopentasiloxane, polyisobutene, C12-15 alkyl lactate, cetyl lactate, ppg-2 isoceteth-20 acetate, lactic acid, butylene glycol, benzalkonium chloride, hamamelis virginiana, sarcosine,cinnamomum zeylanicum, cedrus atlantica, portulaca oleracea, polysorbate 20, isoceteth-20, capryloyl glycine, alcohol, cocamidopropyl pg-dimonium chloride phosphate, hydroxyethylcellulose, sodium chloride, isopropyl alcohol, dipropylene glycol, hexylene glycol, dehydroxanthan gum, propylene glycol, disodium edta, acetic acid, sodium hydroxide, phenoxyethanol, parfum. Contient de l'alcool. || 12 mois après ouverture. || 
498,00€ / L || 
7,47 € || 
Skin stress control, nettoyant exfoliant quotidien || Le tube de 150ml || Origine : FRANCE || Un nettoyant exfoliant actif qui aide à réduire les boutons avant même qu'ils ne soient visibles pour en faire une source de stress en moins. || Matin et soir, déposer une noisette de produit dans la paume de la main, appliquer sur le visage humide et masser délicatement. Rincer abondamment. Éviter le contact avec les yeux. En cas de contact avec les yeux, rincer abondamment à l'eau. Pour usage externe. || Aqua, cetyl alcohol, ppg-15 stearyl ether, glycolic acid, glycerin, steareth-21, salicylic acid, polysorbate 60, polyethylene, c12-15 alkyl lactate, sodium hydroxide, cera microcristallina, panthenol, cucumis sativus extract, cetyl lactate, stearyl alcohol, butylene glycol, menthol, sodium benzotriazolyl butylphenol sulfonate, potassium cetyl phosphate, cocamidopropyl pg-dimonium chloride phosphate, xanthan gum, sodium chloride, isopropyl alcohol, disodium edta, lactic acid, tocopherol, bht, benzalkonium chloride, parfum, CI 77289, CI 42090, CI 19140. || 12 mois après ouverture. || 
41,13€ / L || 
6,17 € || 
Nettoyant et masque ultra-purifiant, 5 actions en 1 seul geste || Le tube de 150ml || Origine : FRANCE || A l'extrait actif de magnolia connu pour ses propriétés antibactériennes. 5 actions en un seul geste : purifiante, désincrustante, matifiante, antibactérienne, anti-irritation. La peau est nettoyée en profondeur, visiblement saine et purifiée. || Appliquez sur visage humide, le cou et le décolleté. Massez délicatement puis rincer. Pour une application en masque (2 à 3 fois par semaine), laissez poser sur le visage entre 3 et 5 minutes, puis rincez à l'eau. Evitez la zone du contour de l'oeil.Non comédogène. N'obstrue pas les pores. || Aqua, kaolin, glycerin, alcohol denat, polyethylene, glyceryl stearate, cetearyl alcohol, caprylic/capric triglycéride, butyrospermum parkii butter, magnolia officinalis bark extract, glyceryl glucoside, xanthan gum, potassium cetyl phosphate, hydrogenated palm glycerides, dimethicone, trisodium edta, phenoxyethanol, methylparaben, citronellol, alpha isomethyl ionone, limonene, parfum, CI77891, CI42090. || 12 mois après ouverture. || 
45,20€ / L || 
6,78 € || 
Crème nettoyante désincruste, pour une peau lisse et purifiée, peaux mixtes à grasses. || Le tube de 150ml || Origine : IRLANDE || 
31,60€ / L || 
4,74 € || 
Gel exfoliant vivifiant, nettoie en douceur et affine le grain depeau, tous types de peaux. || Le tube de 150ml || Origine : FRANCE || Le gel exfoliant vivifiant exfolie et purifie en douceur votre peau sans l'agresser, tout en respectant son équilibre. Il laisse votre peau douce, nette et fraîche sans tirailler. || Appliquez 1 à 2 fois par semaine une noisette de produit sur votre visage préalablement humidifié et propre et massez délicatement en évitant le contour des yeux. Rincez abondamment à l'eau tiède, puis séchez délicatement votre visage. || Aqua, polyethylene, sodium laureth sulfate, propylene glycol, peg-7 glyceryl cocoate, sodium cocoamphoacetate, butylene glycol, sodium cocoyl isethionate, xanthan gum, acrylates/c10-30 alkyl acrylate crosspolymer, sodium benzoate, citric acid, parfum, jojoba esters tetrasodium edta, sodium hydroxide, salicylic acid, menthol, methylpropanediol, CI 77007, CI 42090, CI 17200, BHT. || 12 mois après ouverture. || 
30,40€ / L || 
4,56 € || 
Gel nettoyant fraîcheur, nettoie et élimine les impuretés en douceur, peaux nornales à mixtes. || Le tube de 150ml || Origine : FRANCE || Enrichi en extrait de fleur de lotus et en aloe vera, il élimine les impuretés, les traces de maquillage et réduit l'excès de sébum tout en respectant l'équilibre naturel de votre peau. || Appliquez matin et soir une noisette de produit sur votre visage et votre cou préalablement humidifié en évitant le contour des yeux. Massez délicatement en petits cercles du bas vers le haut puis rincez abondamment à l'eau tiède, puis séchez délicatement votre visage. || Aqua, sodium laureth sulfate, glycerin, peg-7 glyceryl cocoate, cocamidopropyl betaine, acrylates/c10-30 alkyl acrylate crosspolymer, sodium benzoate, parfum, sodium hydroxide, aloe barbadensis leaf juice, tocopheryl acetate, tetrasodium edta, citricacid, salicylic acid, methylpropanediol, maltodextrin, tocopherol, peg-60 hydrogenated castor oil, sorbic acid, potassium sorbate, nelumbo nucifera flower extract, CI 42090, CI17200. || 12 mois après ouverture. || 
28,80€ / L || 
4,32 € || 
Mousse nettoyante visage à l'Aloe vera & à l'extrait de fleur    d'oranger || Le flacon de 150ml || Origine : FRANCE || Matin et soir, appliquer une noisette de mousse dans le creux de la main. Répartir sur le visage et le cou humides par de légers mouvements circulaires. Rincer abondamment à l'eau claire puis sécher. Eviter le contact avec les yeux. A utiliser de préférence dans les 6 mois après ouverture. || Aqua, Aloe Barbadensis gel*, Cocamidopropyl Betaine, Glycerin, Sodium Cocoamphoacetate, Benzyl Alcohol, Aroma, Phytic Acid, Maris Aqua, Citric Acid, Hibiscus Sabdariffa Extract*, Potassium Sorbate. *Ingédients issus de l'agriculture biologique. || 
34,93€ / L || 
5,24 € || 
Mousse nettoyante visage à l'Aloe vera & à l'extrait de fleur    d'oranger || Le flacon de 150ml || Origine : FRANCE || Matin et soir, appliquer une noisette de mousse dans le creux de la main. Répartir sur le visage et le cou humides par de légers mouvements circulaires. Rincer abondamment à l'eau claire puis sécher. Eviter le contact avec les yeux. A utiliser de préférence dans les 6 mois après ouverture. || Aqua, Aloe Barbadensis gel*, Cocamidopropyl Betaine, Glycerin, Sodium Cocoamphoacetate, Benzyl Alcohol, Aroma, Phytic Acid, Maris Aqua, Citric Acid, Hibiscus Sabdariffa Extract*, Potassium Sorbate. *Ingédients issus de l'agriculture biologique. || 
34,93€ / L || 
5,24 € || 
3 en 1, nettoyant, exfoliant, masque, peaux à problèmes tenaces || Le tube de 150ml || Origine : FRANCE || Est-il fait pour moi ? Oui, si votre peau est mixte à tendance grasse, sujette aux impuretés, brillance et pores dilatés. En quoi est-il différent ? Il s'utilise à la fois comme nettoyant, exfoliant et masque : 1. Nettoyant : contient du zinc pour éliminer l'excès de sébum. 2. Exfoliant : ses particules exfoliantes désincrustent les pores. 3. Masque : enrichi en argile blanche, il matifie la peau et uniformise le teint. Pour une peau purifiée, assainie et plus nette pour 3 jours. || 1. Nettoyant : quotidiennement, appliquez sur visage humide. Massez puis rincez abondamment; 2. Exfoliant : massez avec des mouvements circulaires en insistant sur le front le nez et le menton. Rincez abondamment; 3.Masque : 2 à 3 fois par semaine, appliquez sur le visage. Laissez poser 3 minutes. Rincez à l'eau. Eviter le contour des yeux. || Valeur énergétique en Joules :  0 || Valeur énergétique en Kcal : 0 || Glucides : 0 || Lipides : 0 || Protides :0 || AQUA/WATER, KAOLIN, GLYCERIN, BUTYLENE GLYCOL ZEA MAYS STARCH/CORN STARCH, CI 77891/TITANIUM DIOXIDE, DECYL GLUCOSIDE POLYETHYLENE, SODIUM LAURETH SULFATE, CHONDRUS CRISPUS (CARRAGEENAN) PEG-7 GLYCERYL COCOATE, SALICYLIC ACID, EUCALYPTUS GLOBULUS EXTRACT/EUCALYPTUS GLOBULUS LEAF EXTRACT, MENTHOL, ZINC GLUCONATE, JOJOBA ESTERS, PROPYLENE GLYCOL, TRIETHANOLAMINE, XANTHAN GUM, TETRASODIUM EDTA, METHYLPARABEN, PHENOXYETHANOL, CI 77007/ULTRAMARINES, PARFUM/FRAGRANCE, BENZYL SALICYLATE, LIMONENE, LINALOOL (F.I.L B29090/1). || 12 mois après ouverture. || 
38,60€ / L || 
5,79 € || 
Lait démaquillant superconfort, visage et yeux, peaux normales à sèches, convient aux peaux sensibles. || Le flacon de 200ml || Origine : FRANCE || Enrichi en extrait de Moringa dépolluant et antioxydant, le lait démaquillant Super Confort élimine le maquillage, les impuretés et la pollution en un seul geste tout en douceur. Une formule à l'extrait de Cerisier sans fini gras, qui laisse la peauconfortable et délicatement parfumée. || Démaquillez visage et yeux à l'aide d'un coton imbibé de produit. || Aqua/water, glycerin, isopropyl palmitate, paraffinum liquidum / mineral oil, alcohol denat, acrylates/c10-30 alkyl acrylate crosspolymer, capryloyl salicylic acid, carbomer, Cl 14700/red 4, disodium cocoamphodiacetate, disodium edta, linalool, magnesium laureth sulfate, magnesium laureth-8 sulfate, magnesium oleth sulfate, moringa pterygosperma seed extract, myrtrimonium bromide, pentaerythrityl tetra-di-t-butyl hydroxyhydrocinnamate, phenoxyethanol, prunus yedoensis leaf extract, sodium hydroxide, sodium laureth sulfate, sodium laureth-8 sulfate, sodium oleth sulfate, parfum/fragrance (FIL B162077/2). Sans paraben. || 6 mois après ouverture. || 
23,10€ / L || 
4,62 € || 
Tonique Clarifiant Révélateur d'Eclat || Le flacon de 200ml || Origine : FRANCE || 
25,50€ / L || 
5,10 € || 
Mousse nettoyante, visage douceur, peaux sèches & sensibles à l'huile d'olive & Aloe Vera. || Le flacon de 150ml || Origine : FRANCE || Grâce à sa formule douce sans savon, à l'huile d'olive et aloe vera, la Mousse Nettoyante Visage Le Petit Olivier nettoie et démaquille votre peau tout en la préservant de la déshydratation. Sa mousse délicate et onctueuse offre à votre peau une sensation de confort. Résultat : la peau est fraîche, douce et lumineuse. || Matin et soir, appliquez sur visage humide. Massez délicatement, puis rincez à l'eau claire. Ne pas avaler. Eviter le contact avec les yeux. En cas de contact avec les yeux, rincer abondamment à l'eau claire. Ne pas laisser à la portée des enfants. || Aqua (water), glycerin, peg-40 hydrogenated castor oil, sodium cocoyl glutamate, cocamidopropyl betaine, propanediol, sodium cocoamphoacetate, olea europaea (olive) fruit oil, aloe barbadensis leaf juice powder, gluconolactone, calcium gluconate, propylene glycol, parfum (fragrance), sodium benzoate, citric acid, sodium hydroxide. Sans paraben, sans phénoxyethanol, sans colorant. Le Petit Olivier est contre les tests sur les animaux. || 12 mois après ouverture. Conserver à l'abri de la chaleur et de la lumière. || 
45,87€ / L || 
6,88 € || 
Mousse nettoyante onctueuse, peaux sèches et sensibles || Le flacon de 150ml || Origine : ALLEMAGNE || 
38,80€ / L || 
5,82 € || 
Crème de soin hydratante, au beurre de karité, à l'huile d'amandedouce || Le pot de 200ml || Origine : FRANCE || Enrichie en beurre de karité, en huile d'amande douce et en aloe vera, cette crème de soin nourrit votre peau pour la laisser douce, souple et protégée. || Eviter le contour des yeux. || Aqua, octyldodecanol, prunus amygdalus dulcis oil*, glycerin, polyglyceryl-3-stearate/citrate, aloe barbadensis leaf juice*, cetyl alcohol, glyceryl stearate, butyrospermum parkii butter*, coco caprylate, sodium benzoate, parfum, dehydroacetic acid,cyamopsis tetragonoloba gum, citric acid, tocopherol, potassium sorbate, coumarin, limonene, linalool. *Ingrédients issus de l'agriculture biologique. || 12 mois après ouverture. || 
21,20€ / L || 
4,24 € || 
Crème de soin hydratante, au beurre de karité, à l'huile d'amandedouce || Le pot de 200ml || Origine : FRANCE || Enrichie en beurre de karité, en huile d'amande douce et en aloe vera, cette crème de soin nourrit votre peau pour la laisser douce, souple et protégée. || Eviter le contour des yeux. || Aqua, octyldodecanol, prunus amygdalus dulcis oil*, glycerin, polyglyceryl-3-stearate/citrate, aloe barbadensis leaf juice*, cetyl alcohol, glyceryl stearate, butyrospermum parkii butter*, coco caprylate, sodium benzoate, parfum, dehydroacetic acid,cyamopsis tetragonoloba gum, citric acid, tocopherol, potassium sorbate, coumarin, limonene, linalool. *Ingrédients issus de l'agriculture biologique. || 12 mois après ouverture. || 
21,20€ / L || 
4,24 € || 
Crème de soin hydratante au beurre de karité, visage & corps, à l'huile d'amande douce || Le tube de 75ml || Origine : FRANCE || Grâce au beurre de karité, cette crème de soin, certifiée par Ecocert, nourrit votre peau tout en douceur.Enrichie en huile d'amande douce et en aloe vera aux vertus nourrissantes et adoucissantes, elle laisse votre peau douce, souple et protégée. || Eviter le contour des yeux. || Aqua, octyldodecanol, prunus amygdalus dulcis oil*, glycerin, polyglyceryl-3-stearate/citrate, aloe barbadensis leaf juice*, cetyl alcohol, glyceryl stearate, butyrospermum parkii butter*, coco caprylate, sodium benzoate, parfum, dehydroacetic acid,cyamopsis tetragonoloba gum, citric acid, tocopherol, potassium sorbate, coumarin, limonene, linalool. *ingrédients issus de l'agriculture biologique. || 12 mois après ouverture. || 
36,40€ / L || 
2,73 € || 
Crème de soin hydratante au beurre de karité, visage & corps, à l'huile d'amande douce || Le tube de 75ml || Origine : FRANCE || Grâce au beurre de karité, cette crème de soin, certifiée par Ecocert, nourrit votre peau tout en douceur.Enrichie en huile d'amande douce et en aloe vera aux vertus nourrissantes et adoucissantes, elle laisse votre peau douce, souple et protégée. || Eviter le contour des yeux. || Aqua, octyldodecanol, prunus amygdalus dulcis oil*, glycerin, polyglyceryl-3-stearate/citrate, aloe barbadensis leaf juice*, cetyl alcohol, glyceryl stearate, butyrospermum parkii butter*, coco caprylate, sodium benzoate, parfum, dehydroacetic acid,cyamopsis tetragonoloba gum, citric acid, tocopherol, potassium sorbate, coumarin, limonene, linalool. *ingrédients issus de l'agriculture biologique. || 12 mois après ouverture. || 
36,40€ / L || 
2,73 € || 
Crème soin nourrissante, hydrate & adoucit, peaux sèches à très sèches, beurre de karité, huile d'argan. || Le tube de 75ml || Origine : FRANCE || 
29,87€ / L || 
2,24 € || 
Soin de jour hydratant, hydratation 24h, protège,extraits d'aloe vera & lotus, filtres UVA/UVB, peaux normales à mixtes. || Le tube de 50ml || Origine : SUISSE || Enrichi en extraits d'aloe vera et de lotus, le soin de jour hydratant Monoprix hydrate votre peau tout au long de la journée. Grâce à sa formule enrichie en filtres UVA/UVB et en vitamine E, votre peau est protégée des agressions extérieures, elle est pleine de vitalité. Sa texture fine et légère pénètre rapidement sans effet gras, pour un confort immédiat. Il vous procure une agréable sensation de fraîcheur et laisse votre peau souple et douce. || Appliquez matin et soir sur le visage et le cou soigneusement nettoyés. Pour une meilleure efficacité, massez délicatement du bout des doigts par petits cercles du bas vers le haut du visage. Le Soin Hydratant Monoprix est une excellente base de maquillage. Ne protège pas du soleil. || Aqua, glycerin, C 12-15 alkyl benzoate, butyl methoxydibenzoylmethane, caprylic/capric triglyceride, glyceryl stearate se, octyldodecanol, cetearyl alcohol, hydrogenated coco-glycerides, ethylhexyl triazone, panthenol, tocopheryl acetate, dimethicone, caprylyl glycol, glyceryl stearate, nelumbo nucifera flower extract, aloe barbadensis leaf juice, benzotriazolyl dodecyl p-cresol, palmitic acid, stearic acid, parfum, bis-ethylhexyloxyphenol methoxyphenyl triazine, acrylates/c 10-30 alkyl acrylatecrosspolymer, xanthan gum, caprylhydroxamic acid, sodium hydroxide, sodium cetearyl sulfate, disodium EDTA. || 12 mois après ouverture. || 
70,80€ / L || 
3,54 € || 
Soin de nuit, régénérant, hydratation intense, extrait de calendula & beurre de karité, peaux sèches & sensibles. || Le pot de 50ml || Origine : SUISSE || Enrichi en extrait de calendula et en beurre de karité, le soin de nuit régénérant Monoprix hydrate et nourrit intensément votre peau pendant la nuit, lorsqu'elle se régénère.Sa texture onctueuse pénètre rapidement, sans effet gras, pour un confort immédiat. Il vous procure une agréable sensation de douceur et laisse votre peau souple et douce. Votre peau est régénérée, plus lisse et plus résistante. || Appliquez le soir sur le visage et le cou soigneusement nettoyés. Pour une meilleure efficacité, massez délicatement du bout des doigts par petits cercles du bas vers le haut du visage. || Aqua, glycerin, butyrospermum parkii butter, isononyl isononanoate, hydrogenated coco-glycerides, dicaprylyl ether, C12-15 alkyl benzoate, myristyl myristate, cetearyl alcohol, cyclopentasiloxane, glyceryl stearate citrate, methylpropanediol, tocopheryl acetate, calendula officinalis flower extract, cetearyl glucoside, panthenol, caprylyl glycol, parfum, caprylhydroxamic acid, sodium hydroxide, acrylates/C10-30 alkyl acrylate crosspolymer. || 12 mois après ouverture. || 
116,80€ / L || 
5,84 € || 
Soin du jour hydratant bio a l'aloe vera et à l'extrait de litchi || Le tube de 50ml || Origine : FRANCE || Sa formule enrichie en aloe vera et en extrait de litchi, hydrate durablement votre peau. Sa texture non grasse et non collante, respecte votre peau et la laisse douce et fraîche. || Chaque matin, appliquez la crème sur le visage et le cou parfaitement nettoyés en évitant le contour des yeux. || 6 mois après ouverture. || 
125,60€ / L || 
6,28 € || 
Soin du jour hydratant bio a l'aloe vera et à l'extrait de litchi || Le tube de 50ml || Origine : FRANCE || Sa formule enrichie en aloe vera et en extrait de litchi, hydrate durablement votre peau. Sa texture non grasse et non collante, respecte votre peau et la laisse douce et fraîche. || Chaque matin, appliquez la crème sur le visage et le cou parfaitement nettoyés en évitant le contour des yeux. || 6 mois après ouverture. || 
125,60€ / L || 
6,28 € || 
Soin de jour nutritif, hydratation 24H, apaise extrait de calendula & Beurre de karité, peaux sèches & sensibles. || Le tube de 50ml || Origine : SUISSE || Enrichi en extrait de calendula et en beurre de karité, le soin jour nutritif nourrit et hydrate votre peau tout au long de la journée et prévient du dessèchement et calme les tiraillements.Grâce à sa formule enrichie en filtres UVA/UVB et en vitamine E, votre peau est protégée des agressions extérieures, elle est pleine de vitalité. Sa texture onctueuse pénètre rapidement sans effet gras pour un confort immédiat. Il vous procure une agréable sensation de douceur et laisse votre peau souple et apaisée. || Appliquez matin et soir sur le visage et le cou soigneusement nettoyés. Pour une meilleure efficacité, massez délicatement du bout des doigts par petits cercles du bas vers le haut du visage. Le soin nutritif Monoprix est une excellente base de maquillage. || Aqua, glycerin, cetearyl isononanoate, caprylic/capric triglyceride, butyl methoxydibenzoylmethane, hydrogenated coco-glycerides, cetearyl alcohol, glyceryl stearate citrate, ethylhexyl triazone, butyrospermum parkii butter, dimethicone, glyceryl stearate, panthenol, calendula officinalis flower extract, benzotriazolyl dodecyl p-cresol, palmitic acid, stearic acid, tocopheryl acetate, caprylyl glycol, bis-ethylhexyloxyphenol methoxyphenyl triazine, parfum, xanthan gum, acrylates/c 10-30 alkyl acrylate crosspolymer, sodium hydroxide, caprylhydroxamic acid, chondrus crispus extract, disodium edta. || Se conserve 12 mois après ouverture. || 
70,80€ / L || 
3,54 € || 
Soin universel visage et corps réparateur intense                Peaux très sèches et irritées || Le tube de 75ml || Origine : FRANCE || Dermophil innove avec le Soin Universel Réparateur Intense Formule Indienne en s'appuyant sur son expertise de proctection et de réparation des peaux agressées par les éléments extérieurs. Ce soin unique est riche d'un complexe végétal élaboré à partir d'actifs naturels reconnus et utilisés depuis des milliers d'années. L'Echinacée, plante à usage médicinal, est très employée par les Indiens d'Amérique pour le soin des gerçures et des irritations : répare et adoucit. L'huile Bio d'Inca Inchi, originaire de l'Amazonie péruvienne, est connue des Incas pour ses qualités cicatrisantes : restructure et apaise. Le beurre de cacao, issu du Cacayoter s'utilise sur les peaux altérées et desséchées : protège. || A utiliser, une à deux fois par jour, sur le visage et le corps. De texture légère et non grasse, ce soin pénètre instantanément et protège durablement les zones desséchées du visage et du corps. Nourrie en profondeur, la peau est réparée et apaisée. || Aqua, butylene glycol, glycerin, ethylhexyl stearate, isononyl isononanoate, theobroma cacao seed butter, dicaprylyl carbonate, C10-18 triglycerides, glyceryl stearate, hydrogenated starch hydrolysate, peg-100 stearate, hydrogenated polyisobutene, glyceryl undecylenate, pentaerythrityl distearate, phenoxyethanol, propylene glycol, sodium polyacrylate, caprylyl glycol, tocopheryl acetate, plukenetia volubilis seed oil, xanthan gum, parfum, limonene, echinacea angustifolia extract, citric acid, rosmarinus officinalis extract, hydroxycitronellal, linalool, geraniol, tocopherol. || 12 mois après ouverture. || 
5,76€ / L || 
4,32 € || 
Crème de beauté, haute performance anti-âge jour, lisse, hydrate,illumine. || Le pot de 50ml || Origine : FRANCE || 
314,00€ / L || 
15,70 € || 
Crème de beauté, haute performance anti-âge nuit, lisse, nourrit,régénère. || Le pot de 50ml || Origine : FRANCE || 
312,00€ / L || 
15,60 € || 
Soin de jour hydratant PH5, peaux sèches et sensibles || Le tube de 50ml || Origine : FRANCE || Ses actions : hydrate : formule légère pénètre pour agir intensément. Nourrit : formule associant de la vitamine E et de la provitamine B5.Age recommandé : 25-55 ans. Protège : ses filtres UVA/UVB protègent la peau des rayons UV connus comme l'une des principales causes du vieillissement cutané. Résultats visibles : la peau est intensément nourrie. Elle est protégée et retrouve douceur, souplesse et confort. || Appliquez chaque matin sur le visage et le cou parfaitement nettoyés grâce à la gamme de démaquillants Diadermine pour peaux sèches et sensibles. Faites pénétrer en massant délicatement. Sa texture légère et non grasse constitue également une excellente base de maquillage. Convient à tous les types de peaux, même les peaux sensibles. || Aqua cetearyl isononanoate, glyceryl stearate, hexanediol, glycerin, caprylic/capric triglyceride, behenyl alcohol, carthamus tinctorius seed oil, sorbitol, talc, ethylhexyl triazone, ceteareth-20, butyl methoxydibenzoylmethane, taurine, panthenol, tocopheryl acetate, tocopherol allantoin, equisetum arvense extract, dimethicone, ceteareth-12, cetearyl alcohol, cetyl palmitate, sodium carbomer, trisodium NTA, hydrogenated palm glycerides citrate, parfum, phenoxyethanol, ethylparaben, methylparaben, Cl 77891, Cl 16035. || 12 mois après ouverture. || 
84,20€ / L || 
4,21 € || 
Soin de jour hydratant PH7, peaux normales ou mixtes || Le tube de 50ml || Origine : FRANCE || Hydrate, matifie et protège. La peau est intensément hydratée et matifiée. Elle est protégée et retrouve équilibre, clarté et souplesse.C'est pour répondre à ces besoins spécifiques que les Laboratoires Diadermine ont créé PH 7, le soin idéal pour hydrater parfaitement la peau tout en la matifiant, pour un teint unifié et matifié. || Age recommandé : 25-55 ans. Appliquez chaque matin sur le visage et le cou parfaitement nettoyés. Faites pénétrer en massant délicatement. Sa texture légère et non grasse constitue également une excellente base de maquillage. || Aqua, caprylic/capric triglyceride, glyceryl stearate, hexanediol, cetearyl isononanoate, glycerin, behenyl alcohol, sorbitol, talc, ethylhexyl triazone, ceteareth-20, taurine, hamamelis virginiana water, panthenol, tocopheryl acetate, allantoin, retinyl palmitate, tocopherol, dimethicone, ceteareth-12, cetearyl alcohol, cetyl palmitate, sodium carbomer, alcohol denat., trisodium nta, hydrogenated palm glycerides citrate, parfum, phenoxyethanol, methylparaben, ethylparaben, Cl 77981, Cl 16035. || 12 mois après ouverture. || 
83,40€ / L || 
4,17 € || 
Crème bienfaisante, baume nutritif hydratant 24H, huile de camélia, extraits de sève et pulpe végétales,peaux sèches à très séches || Le tube de 50ml || Origine : FRANCE || Hydratant quotidien qui apaise les inconforts des peaux sèches et recharge votre peau tout au long de la journée. Le pouvoir réhydratant intense des extraits de sève et pulpe végétales, riches en minéraux et nutriments, aide votre peau à se rechargeren eau. Le Baume Nutritif Hydratant fixe ainsi en continu la juste dose d'hydratation dont votre peau a besoin. Enrichi en huile de Camélia nutritive, il apaise immédiatement les tiraillements et nourrit votre peau pour un confort optimal jour aprèsjour. || Convient aux peaux sensibles. Une texture baume non grasse à absorption rapide qui s'applique matin et soir sur l'ensemble du visage. || Aqua/water, glycerin, pentaerythrityl tetraethylhexanoate, dimethicone, butylene glycol, butyrospermum parkii butter/shea butter, glyceryl stearate se, peg-40 stearate, cetyl alcohol, stearic acid, palmitic acid, acer saccharinum extract/sugar mapleextract, acrylates/C10-30 alkyl acrylate crosspolymer, camellia oleifera seed oil, caprylyl glycol, Cl 14700/red 4, Cl 47005/acid yellow 3, citronellol, dimethiconol, disodium edta, linalool, mannose, pentaerythrityl, tetra-di-t-butyl hydroxyhydrocinnamate, phenoxyethanol, prunus amygdalus dulcis oil/sweet almond oil, sodium hydroxide, sorbitan tristearate, tocopherol, parfum/fragrance. (FIL B52360/1). Sans paraben. || 12 mois après ouverture. || 
112,20€ / L || 
5,61 € || 
Crème bienfaisante, crème légère hydratante 24H, extraits de fleur de lotus, de sève et pulpe végétales, peaux normales à mixtes. || Le tube de 50ml || Origine : FRANCE || Soin quotidien qui rééquilibre l'hydratation et lisse votre peau. Le pouvoir réhydratant intense des extraits de sève et pulpe végétales, riches en minéraux et nutriments, aide votre peau à se recharger en eau. La Crème Légère Hydratante fixe ainsi en continu la juste dose d'hydratation dont votre peau a besoin. Enrichie en extraits de Lotus bleu adoucissant, elle équilibre l'hydratation de votre peau pour un teint plus frais jusqu'au soir. || Convient aux peaux sensibles. Une texture crème non grasse à absorption rapide qui s'applique matin et soir sur l'ensemble du visage. || Aqua/water, glycerin, cyclohexasiloxane, isononyl isononanoate, caprylic/capric triglyceride, butylene glycol, cetyl alcohol, stearyl dimethicone, glyceryl stearate, stearic acid, stearyl alcohol, peg-8 stearate, synthetic wax, acer saccharinum extract/sugar maple extract, ammonium polyacryldimethyltauramide/ammonium polyacryloyldimethyl taurate, benzyl alcohol, benzyl salicylate, camellia sinensis leaf extract, caprylyl glycol, Cl 42090/blue 1, Cl 60730/ext violet 2, citronellol, dimethicone, dimethiconol, disodium edta, limonene, linalool, mannose, nelumbo nucifera flower extract, palmitic acid, peg-100 stearate, phenoxyethanol, prunus persica kernel oil/peach kernel oil, silica, sodium dextran sulfate, sodium hydroxide, triethanolamine,parfum/fragrance (FIL B55034/1). Sans paraben. || 12 mois après ouverture. || 
116,40€ / L || 
5,82 € || 
Crème bienfaisante, gelée éclat hydratante 24H, extraits de fleur d'hibiscus, de sève et pulpe végètales,peaux ternes et fatiguées || Le tube de 50ml || Origine : FRANCE || Hydratant quotidien qui réveille votre teint brouillé et tonifie votre peau. Le pouvoir réhydratant intense des extraits de sève et pulpe végétales, riches en minéraux et nutriments, aide votre peau à se recharger en eau. La Gelée Eclat Hydratante fixe ainsi en continu la juste dose d'hydratation dont votre peau a besoin. Enrichie en extraits de fleur d'Hibiscus stimulante, elle énergise votre peau, illumine votre teint et procure un effet 'peau de pêche' immédiat. || Convient aux peaux sensibles. Une texture gelée non grasse à absorption rapide qui s'applique matin et soir sur l'ensemble du visage. || Aqua/water, glycerin, alcohol denat, dimethicone, butylene glycol, acer saccharinum extract/sugar maple extract, ascorbyl glucoside, benzyl alcohol, benzyl salicylate, caprylyl glycol, carbomer, Cl 14700/red 4, Cl 47005/acid yellow 3, Cl 77891/titanium dioxide, citronellol, citrus grandis extract/grapefruit fruit extract, citrus medica limonum extract/lemon fruit extract, dimethiconol, disodium edta, hibiscus sabdariffa extract/hibiscus sabdariffa flower extract, limonene, linalool, mannose, phenoxyethanol, propylene glycol, sodium hydroxide, synthetic fluorphlogopite, parfum/fragrance (FIL B52407/1). Sans paraben. || 12 mois après ouverture. || 
114,40€ / L || 
5,72 € || 
Crème sorbet hydratante 24H, matifie et unifie || La boîte 50 ml || Origine : FRANCE || Crème bienfaisante est une nouvelle génération d'hydratants 24h de Garnier formulée pour agir en synergie avec votre peau et lui apporter des multi-bienfaits dédiés à ses besoins spécifiques. || Peaux mixtes à grasses. Convient aux peaux sensibles. Une texture sorbet non grasse à absorption rapide qui s'applique matin et soir sur l'ensemble du visage. || Aqua/water, glycerin, isononyl isononanoate, alcohol denat, acer saccharinum extract/sugar maple extract, ammonium polyacryldimethyltauramide/ammonium polyacryldimethyl taurate, behenyl alcohol, benzyl alcohol, benzyl salicylate, biosaccharide gum-1,camellia sinensis leaf extract, caprylyl glycol, Cl42090/blue 1, Cl47005/acid yellow 3, citronellol, disodium ethylene dicocamide peg-15 disulfate, glyceryl stearate citrate, limonene, linalool, mannose, phenoxyethanol, pyrus malus water/apple fruitwater, silica, sodium acrylates crosspolymer-2, sodium hydroxide, tetrasodium edta, xanthan gum, parfum/fragrance. (FIL B158083/1). Sans paraben. || 12 mois après ouverture. || 
112,20€ / L || 
5,61 € || 
Le soin miracle anti-âge transformateur de peau, 7 actifs - complexe anti-âge, FPS 20, Peaux sèches. || Le tube de 50ml || Origine : FRANCE || 
294,60€ / L || 
14,73 € || 
Soin anti-tâches, corrige les dfférents types de tâches, tous types de peaux et carnations || Le tube de 50ml || Origine : FRANCE || Réduit l'apparence, la taille des taches et uniformise le teint. Le peau est lumineuse, éclatante, belle même sans maquillage. || S'applique matin et/ou soir sur l'ensemble du visage. || Aqua, glycerin, ascorbic acid, hydrogenated polyisobutene, cyclohexasiloxane, potassium hydroxide, dimethicone, sodium styrene/ma copolymer, acrylates/c10-30 alkyl acrylate crosspolymer, alcohol, benzyl salicylate, biosaccharide gum-1, carbomer, citral, citrus medica limonum extract/lemon fruit extract, disodium edta, gentiana lutea extract/gentiana lutea root extract, geraniol, glyceryl caprylate, hydroxyethylpiperazine ethane sulfonic acid, limonene, linalool, nylon-12, peg/ppg-18/18 dimethicone, phenoxyethanol, salicylic acid, sodium anisate, sodium hydroxide, sodium levulinate, sodium methylparaben, tocopheryl acetate, xanthan gum, parfum (FIL B46866/1). || 12 mois après ouverture. || 
244,20€ / L || 
12,21 € || 
Soin miracle yeux, anti-âge transformateur de peau, illumine, lisse et corrige les cernes. || Le tube de 15ml || Origine : FRANCE || Réveille et illumine le regard. Lisse le contour de l'oeil. Réduit les signes de fatigue du matin jusqu'au soir. Réduit visiblement les signes de l'âge : rides, ridules et relâchement. Tonifie et redensifie le contour de l'oeil. || 6 mois après ouverture. || 
982,00€ / L || 
14,73 € || 
Crème pour le visage 24h soin intensif lissant. || Le pot de 50ml || Origine : ALLEMAGNE || Cette gamme de cosmétiques naturels certifiés active et soutient la régénération de la peau. Particulièrement doux, son effet complet se voit. La combinaison de principes actifs naturels à base de drosophile du Portugal convient comme un soin de jourou de nuit. Elle protège la peau du vieillissement dû à la lumière et des radicaux libres. Le soin intensif lissant hydrate durablement et parfume délicatement. L'efficacité et la tolérance Kneipp Régénération ont été démontrées dans le cadre d'études dermatologiques réalisées par des instituts de test indépendants. || Aqua (water), prunus amygdalus dulcis (sweet almond) oil, glycerin, simmondsia chinensis (jojoba) seed oil, butyrospermum parkii (shea butter), glyceryl stearate citrate, tocopheryl acetate, candelilla cera, cetearyl alcohol, persea gratissima 'avocado) oil, olea europaea (olive) fruit oil, brassica campestris (rapeseed) sterols, alchemilla vulgaris extract, citrus aurantium bergamia (bergamot fruit oil, citrus limon peel oil, juniperus virginiana oil, mentha viridis (spearmint) leaf oil, pelargonium graveolens flower oil, pogostemon cablin oil, limonene, linalool, benzyl salicylate, citral, citronellol, p-anisic acid, parfum (fragrance), helianthus annuus (sunflower) seed oil, glyceryl caprylate, dextrin, isoamyl laurate, myristyl myristate, xanthan gum, maltodextrin, citric acid, tocopherol. || 3 mois après ouverture. || 
303,80€ / L || 
15,19 € || 
Sublimist Soin Jour Correcteur Peau Parfaite || Le pot de 50ml || Origine : FRANCE || Le 1er soin hydratant correcteur qui améliore visiblement la qualité de la peau. Il contient de la perline-p association de 3 actifs perfecteurs pour optimiser la qualité de la peau en surface. || Age recommandé : 25-35 ans. Appliquez le matin sur le visage et le cou. || 12 mois après ouverture. || 
303,80€ / L || 
15,19 € || 
Super Sérum Correcteur Peau Parfaite || Le flacon de 30ml || Origine : FRANCE || Le 1er super sérum correcteur qui améliore visiblement la qualité de la peau : pores, grain de peau, teint. Il associe le LR2412 : actif correcteur puissant issu de 10 ans de recherche l'Oréal et la Perline-P : complexe d'actifs perfecteurs pour optimiser la qualité de la peau. || Age recommandé : 25-35 ans. Utilisez le matin et le soin. Appliquez quelques gouttes et massez le visage du  bout des doigts. || 12 mois après ouverture. || 
498,00€ / L || 
14,94 € || 
Triple Active Jour Peaux Normales à Mixtes || Le tube de 50ml || Origine : FRANCE || Hydrate durablement, protège et illumine. Dès l'application, le filtre aide à protéger la peau des rayons UV. Elle est parfaitement et durablement hydratée. Elle retrouve confort et luminosité. || Matin et soir sur une peau parfaitement nettoyée. || Aqua/water, cyclohexasiloxane, glycerin, isohexadecane, sorbitan stearate, methyl gluceth-20, ethylhexyl methoxycinnamate, stearyl alcohol, tocopheryl acetate, sucrose cocoate, polyacrylamide, titanium dioxide, C13-14 isoparaffin, carbomer, capryloylsalicylic acid, panthenol, sodium hydroxide, laureth-7, aluminum hydroxide, 2-oleamido-1,3-octadecanediol, stearic acid, methylparaben, dmdm hydantoin, disodium edta, parfum/fragrance, limonene, alpha-isomethyl ionone, linalool, benzyl benzoate, hydroxycitronellal, hydroxyisohexyl 3-cyclohexene carboxaldehyde, butylphenyl methylpropional, benzyl salicylate, citral, eugenol, geraniol (FIL B8992/1). || 12 mois après ouverture. || 
116,40€ / L || 
5,82 € || 
Triple Active Jour Peaux Sèches et Sensibles || Le tube de 50ml || Origine : FRANCE || Hydrate durablement, protège et illumine. Dès l'application, le filtre aide à protéger la peau des rayons UV. Elle est parfaitement et durablement hydratée. Elle retrouve confort et luminosité. || Matin et soir sur une peau parfaitement nettoyée. || Aqua/water, helianthus annuus/sunflower seed oil, glycerin, isohexadecane, cyclohexasiloxane, sorbitan stearate, methyl gluceth-20, shorea robusta/shorea robusta seed butter, ethylhexyl methoxycinnamate, stearyl alcohol, tocopheryl acetate, sucrose cocoate, polyacrylamide, rosa canina/rosa canina fruit oil, titanium dioxide, C13-14 isoparaffin, carbomer, ribes nigrum/black currant seed oil, capryloyl salicylic acid, panthenol, sodium hydroxide, laureth-7, aluminum hydroxide, 2-oleamido-1,3-octadecanediol, stearic acid, methylparaben, dmdm hydantoin, disodium edta, parfum/fragrance, limonene, alpha-isomethyl ionone, linalool, benzyl benzoate, hydroxycitronellal, hydroxyisohexyl 3-cyclohexene carboxaldehyde, butylphenyl methylpropional, benzyl salicylate, citral, eugenol, geraniol. (FIL B8993/1). || 12 mois après ouverture. || 
116,40€ / L || 
5,82 € || 
Baume de nuit régénérant à l'huile d'argan, cosmétique bio || La boîte de 30ml || Origine : FRANCE || L'Huile d'Argan est utilisée depuis des siècles au Maroc pour ses propriétés nourrissantes, régénérantes et anti-âge. Ce nectar précieux et rare de couleur miel est gorgé d'acides gras essentiels riche en Oméga-3, Oméga-6 et en tocophérols (vitamineE), antioxydants recommandés pour aider à lutter contre les signes de vieillissement et de relâchement prématurés de la peau. Le baume Le Petit Olivier associe les propriétés régénérantes de l'huile d'Argan à celles très nourrissantes de la cire naturelle d'Abeille et aux vertus adoucissantes du beurre de Karité. Votre peau est ressourcée et protégée des agressions quotidiennes. || Appliquer une petite noisette le soir sur le visage et faire pénétrer par de légers massages.  Ne pas avaler. || Argania spinosa kernel oil*, octyldodecanol, butyrospermum parkii (shea) butter*, cera alba (beeswax), hydrogenated vegetable oil, parfum (fragrance), limonene, linalool, geraniol, citral, farnesol, citronellol. *ingrédients issus de l'agriculture biologique. Sans paraben, sans phenoxyethanol, sans silicone, sans parfum de synthèse, sans matière première issue d'OGM. 100% du total des ingrédients sont d'origine naturelle. 60% du total des ingrédients sont issus de l'agriculture biologique. || Conserver à l'abri de la chaleur et de la lumière. A utiliser dans les 18 mois après ouverture. || 
408,33€ / L || 
12,25 € || 
Baume de nuit régénérant à l'huile d'argan, cosmétique bio || La boîte de 30ml || Origine : FRANCE || L'Huile d'Argan est utilisée depuis des siècles au Maroc pour ses propriétés nourrissantes, régénérantes et anti-âge. Ce nectar précieux et rare de couleur miel est gorgé d'acides gras essentiels riche en Oméga-3, Oméga-6 et en tocophérols (vitamineE), antioxydants recommandés pour aider à lutter contre les signes de vieillissement et de relâchement prématurés de la peau. Le baume Le Petit Olivier associe les propriétés régénérantes de l'huile d'Argan à celles très nourrissantes de la cire naturelle d'Abeille et aux vertus adoucissantes du beurre de Karité. Votre peau est ressourcée et protégée des agressions quotidiennes. || Appliquer une petite noisette le soir sur le visage et faire pénétrer par de légers massages.  Ne pas avaler. || Argania spinosa kernel oil*, octyldodecanol, butyrospermum parkii (shea) butter*, cera alba (beeswax), hydrogenated vegetable oil, parfum (fragrance), limonene, linalool, geraniol, citral, farnesol, citronellol. *ingrédients issus de l'agriculture biologique. Sans paraben, sans phenoxyethanol, sans silicone, sans parfum de synthèse, sans matière première issue d'OGM. 100% du total des ingrédients sont d'origine naturelle. 60% du total des ingrédients sont issus de l'agriculture biologique. || Conserver à l'abri de la chaleur et de la lumière. A utiliser dans les 18 mois après ouverture. || 
408,33€ / L || 
12,25 € || 
Crème de jour défense naturelle à l'huile d'argan, cosmétique bio || Le tube de 40ml || Origine : FRANCE || L'Huile d'Argan est utilisée depuis des siècles au Maroc pour ses propriétés nourrissantes, régénérantes et anti-âge. Ce nectar précieux et rare de couleur miel est gorgé d'acides gras essentiels riche en Oméga-3, Oméga-6 et en tocophérols (vitamineE), antioxydants recommandés pour aider à lutter contre les signes de vieillissement et de relâchement prématurés de la peau. La Crème de Jour Le Petit Olivier est un concentré d'ingrédients d'origine naturelle offrant à la peau une hydratation longue durée. De texture légère, ce soin contribue à mieux protéger la peau. || Appliquer le matin sur le visage et faire pénétrer par de légers massages.  Ne pas avaler. Eviter le contact avec les yeux. || Aqua (water), anthemis nobilis flower water*, argania spinosa kernel oil*, glycerin, butyrospermum parkii (shea) butter*, C12-16 alcohols, decyl oleate, dicaprylyl ether, olea europaea (olive) fruit oil*, macadamia ternifolia seed oil*, tocopheryl acetate, benzyl alcohol, hydrogenated lecithin, palmitic acid, parfum (fragrance), cyathea cumingii leaf extract, xanthan gum, dehydroacetic acid, potassium sorbate, glyceryl caprylate, cinnamic acid, levulinic acid, sodium levulinate, limonene, linalool, geraniol, citral. *ingrédients issus de l'agriculture biologique. 98% du total des ingrédients sont d'origine naturelle. 19% du total des ingrédients sont issus de l'Agriculture Biologique. Sans paraben, sans phenoxyethanol, sans silicone, sans parfum de synthèse, sans matière première issue d'OGM, sans matière animale. || Conserver à l'abri de la chaleur et de la lumière. A utiliser dans le 12 mois après ouverture. || 
305,25€ / L || 
12,21 € || 
Crème de jour défense naturelle à l'huile d'argan, cosmétique bio || Le tube de 40ml || Origine : FRANCE || L'Huile d'Argan est utilisée depuis des siècles au Maroc pour ses propriétés nourrissantes, régénérantes et anti-âge. Ce nectar précieux et rare de couleur miel est gorgé d'acides gras essentiels riche en Oméga-3, Oméga-6 et en tocophérols (vitamineE), antioxydants recommandés pour aider à lutter contre les signes de vieillissement et de relâchement prématurés de la peau. La Crème de Jour Le Petit Olivier est un concentré d'ingrédients d'origine naturelle offrant à la peau une hydratation longue durée. De texture légère, ce soin contribue à mieux protéger la peau. || Appliquer le matin sur le visage et faire pénétrer par de légers massages.  Ne pas avaler. Eviter le contact avec les yeux. || Aqua (water), anthemis nobilis flower water*, argania spinosa kernel oil*, glycerin, butyrospermum parkii (shea) butter*, C12-16 alcohols, decyl oleate, dicaprylyl ether, olea europaea (olive) fruit oil*, macadamia ternifolia seed oil*, tocopheryl acetate, benzyl alcohol, hydrogenated lecithin, palmitic acid, parfum (fragrance), cyathea cumingii leaf extract, xanthan gum, dehydroacetic acid, potassium sorbate, glyceryl caprylate, cinnamic acid, levulinic acid, sodium levulinate, limonene, linalool, geraniol, citral. *ingrédients issus de l'agriculture biologique. 98% du total des ingrédients sont d'origine naturelle. 19% du total des ingrédients sont issus de l'Agriculture Biologique. Sans paraben, sans phenoxyethanol, sans silicone, sans parfum de synthèse, sans matière première issue d'OGM, sans matière animale. || Conserver à l'abri de la chaleur et de la lumière. A utiliser dans le 12 mois après ouverture. || 
305,25€ / L || 
12,21 € || 
Crème jour et nuit anti-âge, cosmétique Bio || Le tube de 40ml || Origine : FRANCE || La crème de jour et Nuit anti-âge Le Petit Olivier est un concentré d'ingrédients d'origine naturel associé aux vertus anti-oxydantes de l'huile d'Argan. || Appliquer le matin et le soir sur la peau propre et sèche de votre visage et faire pénétrer par de légers massages. Ne pas avaler. || Aqua, Argania Spinosa Kernel Oil*, Hydrogenated coconut Oil, Lavendula Angustifolia (Lavender) Flower Water*, Caprilic/Capric Triglycerid, Glycerin, Cetearyl Alcohol, Heliantus Anuus Sunflower Seed Oil*, Dicaprylyl Carbonate, Cetearyl Glucoside, Glyceryl Stearate Citrate, Hydrolyzed Hibiscus Esculentus Extract, Rosa Rubiginosa Seed Oil*, Quercus Robur Bark Extract*, Cyathea Cumingii Leaf Extract, Tocopheryl Acetate, Dextrine, Parfum (Fragrance), Alcohol, Cinnamic Acid, Glyceryl Caprylate, Levulinic Acid, Xanthan Gum, Tocopherol, Sodium Levulinate, Dehydroactic Acid, Potassium Sorbate, Benzyl Alcohol, Linalool, Limonene, Citral, Geraniol. * ingrédients issus de l'agriculture biologique. Sans paraben, sans phenoxyethanol, sans silicone, sansparfum de synthèse, sans matières premières issues d'OGM, sans matières animales. || Conserver  à l'abri de la chaleur et de la lumière. || 
328,25€ / L || 
13,13 € || 
Crème jour et nuit anti-âge, cosmétique Bio || Le tube de 40ml || Origine : FRANCE || La crème de jour et Nuit anti-âge Le Petit Olivier est un concentré d'ingrédients d'origine naturel associé aux vertus anti-oxydantes de l'huile d'Argan. || Appliquer le matin et le soir sur la peau propre et sèche de votre visage et faire pénétrer par de légers massages. Ne pas avaler. || Aqua, Argania Spinosa Kernel Oil*, Hydrogenated coconut Oil, Lavendula Angustifolia (Lavender) Flower Water*, Caprilic/Capric Triglycerid, Glycerin, Cetearyl Alcohol, Heliantus Anuus Sunflower Seed Oil*, Dicaprylyl Carbonate, Cetearyl Glucoside, Glyceryl Stearate Citrate, Hydrolyzed Hibiscus Esculentus Extract, Rosa Rubiginosa Seed Oil*, Quercus Robur Bark Extract*, Cyathea Cumingii Leaf Extract, Tocopheryl Acetate, Dextrine, Parfum (Fragrance), Alcohol, Cinnamic Acid, Glyceryl Caprylate, Levulinic Acid, Xanthan Gum, Tocopherol, Sodium Levulinate, Dehydroactic Acid, Potassium Sorbate, Benzyl Alcohol, Linalool, Limonene, Citral, Geraniol. * ingrédients issus de l'agriculture biologique. Sans paraben, sans phenoxyethanol, sans silicone, sansparfum de synthèse, sans matières premières issues d'OGM, sans matières animales. || Conserver  à l'abri de la chaleur et de la lumière. || 
328,25€ / L || 
13,13 € || 
Crème nutritive à l'huile d'onagre, peaux sensibles et sèches, non comédogène. || Le tube de 50ml || Origine : FRANCE || Spécialement développé pour les peaux sensibles à très sèches. Formule non comédogène, sans paraben, hypoallergénique. Un concentré de nutrition  pour une peau plus forte et moins sensible aux agressions. Crème Nutritive à l'huile d'onagre, formule composée de 5% Glycérine et d'Huile d'Onagre. Ce soin pénètre sans laisser de film gras en surface et apporte à la peau la nutrition nécessaire pour apaiser immédiatement les tiraillements et réparer sa barrière protectrice. || Appliquer sur le visage. || Aqua / water, paraffinum liquidum / mineral oil, dimethicone, glycerin, bis-peg-18 methyl ether dimethyl silane, synthetic wax, ethylhexyl palmitate, butyrospermum parkii butter / shea butter, glyceryl stearate, behenyl alcohol , aluminum starch octenylsuccinate , hexyldecanol , hexyldecyl laurate , cera microcristallina / microcrystalline wax, niacinamide, acrylates copolymer, ammonium polyacryldimethyltauramide / ammonium polyacryloyldimethyl taurate, caprylyl glycol, dimethiconol, disodium edta, disodium ethylene dicocamide peg-15 disulfate , glyceryl stearate citrate, myristyl malate phosphoric acid, oenothera biennis oil / evening primrose oil, paraffin, phenoxyethanol , tocopherol, xanthan gum, parfum / fragrance. Sans paraben. || 12 mois après ouverture. || 
211,20€ / L || 
10,56 € || 
Crème nutritive riche à l'huile d'onagre || Le pot de 50ml || Origine : FRANCE || 
205,00€ / L || 
10,25 € || 
Crème visage, peaux réactives || Le tube de 100ml || Origine : FRANCE || 
60,70€ / L || 
6,07 € || 
Crème visage des peaux sensibles, huile d'amande douce + Vitamine E, hydrate 24h, apaise les tiraillements, pour toute la famille. || Le tube de 100ml || Origine : FRANCE || Action hydratante et apaisante : formulée avec de l'huile d'amande douce, elle nourrit intensément lépiderme et assure à votre peau une hydratation 24h.Enrichie en vitamine E, elle apaise les rougeurs, calme les tiraillements et renforce les défenses naturelles de la peau. Tolérance optimale : certifié hypoallergénique, testé sous contrôle médical sur peaux sensibles, ce soin a été formulé pour minimiser les risques dallergie. Résultats : intensément hydratées, les peaux sensibles sont apaisées et protégées tout au long de la journée. || Idéale pour toute la famille : destinée à toutes les peaux sensibles, elle est parfaite pour votre peau et idéale pour la peau des enfants, naturellement délicate, et pour la peau des hommes, agressée et fragilisée quotidiennement par le rasage. || Aqua/water, cyclohexasiloxane, cetyl alcohol, glycerin, prunus amygdalus dulcis oil/sweet almond oil, glyceryl stearate, paraffinum liquidum/mineral oil, butyrospermum parkii butter/shea butter, peg-40 stearate, sorbitan tristearate, tocopherol, chlorhexidine digluconate, parfum/fragrance. (F.I.L. B47147/3). Sans paraben, sans colorant. || 12 mois après ouverture. || 
52,50€ / L || 
5,25 € || 
Soin de jour hydratant protecteur, action apaisante à l'Aloe Vera, peaux sensibles, normales et mixtes || Le flacon de 50ml || Origine : FRANCE || Réhydratation continue : enrichie en extrait d'avoine, la formule aide vote peau à optimiser son irrigation. L'eau, mieux retenue, se diffuse plus facilement et en continue.La peau est intensément hydratée et apaisée tout au long de la journée. Action équilibrante : enrichie en cuivre, oligo-élément connu pour ses propriétés détoxifiantes et régulatrices de sébum, la formule équilibre durablement les zones grasses sans dessécher les zones sèche. Résultats : intensément réhydratée et équilibrée,votre peau est plus belle, plus souple et éclatante pour longtemps. || Appliquez le matin sur le visage et le cou soigneusement nettoyés avec les produits démaquillants Mixa. Faites pénétrer la crème par des massages circulaires du bas vers le haut. Excellente base de maquillage. || Aqua/water, glycerin, cyclohexasiloxane, alcohol denat., hydrogenated polyisobutene, ammonium polyacryldimethyl tauramide/ammonium polyacryloyldimethyl taurate, silica, myristyl myristate, allantoin, aloe barbadensis/aloe barbadensis leaf juice, avena sativa flour/oat kernel flour, citric acid, copper pca, glyceryl stearate se, phenoxyethanol, potassium cetyl phosphate, sodium benzoate, sodium hydroxide, stearic acid, tocopheryl acetate, parfum/fragrance. (F.I.L B34569/1). Sans paraben. || 12 mois après ouverture. || 
102,60€ / L || 
5,13 € || 
Soin de jour nutritif protecteur, action apaisante au lotus, peaux sensibles et sèches || La boîte de 50ml || Origine : FRANCE || Réhydratation continue : enrichie en extrait d'avoine, la formule aide vote peau à optimiser son irrigation. L'eau, mieux retenue, se diffuse plus facilement et en continue.La peau est intensément hydratée et apaisée tout au long de la journée. Action anti-dessèchement : enrichie en karité, aux propriétés nutritives reconnues, la formule apaise immédiatement des tiraillements, nourrit durablement la peau et la protège des agressions et du dessèchement. || Appliquez le matin sur le visage et le cou soigneusement nettoyés avec les produits démaquillants Mixa. Faites pénétrer la crème par des massages circulaires du bas vers le haut. Excellente base de maquillage. || Aqua/water, glycerin, paraffinum liquidum/mineral oil, cyclohexasiloxane, butyrospermum parkii butter/shea butter, glyceryl stearate se, polyglyceryl-3 methylglucose distearate, stearyl alcohol, allantoin, aluminum starch octenylsuccinate, avena sativaflour/oat kernel flour, carbomer, citric acid, phenoxyethanol, sodium benzoate, sodium hydroxide, stearic acid, tocopheryl acetate, xanthan gum, parfum/fragrance. (F.I.L. B34465/1). Sans paraben. || 12 mois après ouverture. || 
102,80€ / L || 
5,14 € || 
Soin hydratant protecteur, peaux sensibles normales à mixtes, thé vert antioxydant + raisin, cosmébio || Le tube de 50ml || Origine : FRANCE || Intensément hydratée et durablement protégée, votre peau est apaisée. Elle est naturellement fraîche et souple. Texture non grasse, non collante.Le thé vert bio connu pour ses propriétés antioxydantes, pour vitaliser le peau et la protéger des agressions extérieures. Enrichie en raisin bio, sa formule hydrate les peaux sensibles normales à mixtes et les aide à retrouver leur équilibre naturel. || Appliquez le matin sur le visage et le cou, soigneusement nettoyés avec les produits démaquillants Mixa. Faites pénétrer la crème par des massages circulaires du bas vers le haut. || Aqua/water, glycerin, caprylic/capric triglyceride, prunus armeniaca kernel oil*/apricot kernel oil, butyrospermum parkii butter/shea butter*, dicaprylyl ether, dicaprylyl carbonate, myristyl alcohol, cetearyl alcohol, zea mays starch/corn starch, stearyl alcohol, aloe barbadensis/aloe barbadensis leaf juice*, benzyl alcohol, camellia sinensis extract/camellia sinensis leaf extract*, cetearyl glucoside, glyceryl stearate citrate, limonene, linalool, myristyl glucoside, potassium sorbate, salicylic acid, sodium benzoate, sodium phytate, tocopherol, vitis vinifera extract/grape fruit extract*, xanthan gum, parfum/fragrance. (FIL B36749/1). Sans paraben. *ingrédients issus de l'agriculture biologique. 99% du total des ingrédients sont d'origine naturelle, 14% du total des ingrédients sont issus de l'agriculture biologique. || 12 mois après ouverture. || 
157,80€ / L || 
7,89 € || 
Soin hydratant protecteur, peaux sensibles normales à mixtes, thé vert antioxydant + raisin, cosmébio || Le tube de 50ml || Origine : FRANCE || Intensément hydratée et durablement protégée, votre peau est apaisée. Elle est naturellement fraîche et souple. Texture non grasse, non collante.Le thé vert bio connu pour ses propriétés antioxydantes, pour vitaliser le peau et la protéger des agressions extérieures. Enrichie en raisin bio, sa formule hydrate les peaux sensibles normales à mixtes et les aide à retrouver leur équilibre naturel. || Appliquez le matin sur le visage et le cou, soigneusement nettoyés avec les produits démaquillants Mixa. Faites pénétrer la crème par des massages circulaires du bas vers le haut. || Aqua/water, glycerin, caprylic/capric triglyceride, prunus armeniaca kernel oil*/apricot kernel oil, butyrospermum parkii butter/shea butter*, dicaprylyl ether, dicaprylyl carbonate, myristyl alcohol, cetearyl alcohol, zea mays starch/corn starch, stearyl alcohol, aloe barbadensis/aloe barbadensis leaf juice*, benzyl alcohol, camellia sinensis extract/camellia sinensis leaf extract*, cetearyl glucoside, glyceryl stearate citrate, limonene, linalool, myristyl glucoside, potassium sorbate, salicylic acid, sodium benzoate, sodium phytate, tocopherol, vitis vinifera extract/grape fruit extract*, xanthan gum, parfum/fragrance. (FIL B36749/1). Sans paraben. *ingrédients issus de l'agriculture biologique. 99% du total des ingrédients sont d'origine naturelle, 14% du total des ingrédients sont issus de l'agriculture biologique. || 12 mois après ouverture. || 
157,80€ / L || 
7,89 € || 
Soin réhydratant anti-rougeurs, fleur d'arnica + cold cream      Peaux sensibles et réactives || Le tube de 50ml || Origine : FRANCE || Une triple efficacité anti-rougeurs pour apaiser, corriger et unifier visiblement le teint au quotidien. Résultats : immédiatement : la peau est apaisée et hydratée. Les sensations d'échauffements sont atténuées, le teint est uniformisé. Jour après jour : votre peau devient moins réactive. Les rougeurs sont atténuées. Elle retrouve souplesse et confort. || Aqua/water, isononyl isononanoate, glycerin, octocrylene, niacinamide, dimethicone, ethylhexyl salicylate, diisopropyl sebacate, sucrose tristearate, butyl methoxydibenzoylmethane, ammonium polyacryldimethyltauramide/ammonium polyacryloyldimethyl taurate, methylsilanol/silicate crosspolymer, drometrizole trisiloxane, ascorbyl glucoside, polysorbate 61, arnica montana flower extract, butyrospermum parkii butter/shea butter, caffeine, caprylyl glycol, cera alba/beeswax, cetyl palmitate, Cl 19140/yellow 5, Cl 42090/blue 1, citric acid, cupressus sempervirens seed extract, dimethiconol, disodium edta, peg-12 dimethicone, phenoxyethanol, polygonatum multiflorum rhizome/root extract, sodium citrate, sodium hydroxide, sodium stearoyl glutamate, xanthan gum, parfum/fragrance (FIL B55526/1). Sans paraben. Non comédogène. || 12 mois après ouverture. || 
186,40€ / L || 
9,32 € || 
Soin réhydratant apaisant peaux très sensibles et réactives || Le tube de 50ml || Origine : FRANCE || 
106,00€ / L || 
5,30 € || 
Concentré correcteur anti-taches, soja, peaux matures. Corrige visiblement les taches dues à l'âge en 4 semaines. || Le tube de 40ml || Origine : FRANCE || Corrige visiblement les taches dues au vieillissement et les irrégularités du teint en 4 semaines. Unifie et illumine le teint. Raffermit la peau. Réduit les rides et ridules. Hydrate et nourrit. || Appliquez quotidiennement en massant délicatement après avoir nettoyé préalablement votre visage. Convient également à une utilisation ciblée sur les taches brunes pour les zones du visage, du décolleté et des mains. S'applique avant le soin de jourou de nuit. Evitez la zone du contour de l'oeil. Ne pas utiliser sur une peau présentant des lésions. || Aqua, glycerin, cetearyl alcohol, distarch phosphate, dimethicone, glyceryl stearate citrate, methylpropanediol, glyceryl stearate, glycine soja germ extract, 4-butyl resorcinol, caprylic/capric triglyceride, xanthan gum, ammonium acryloyldimethyltaurate/vp copolymer, sodium carbomer, diethylhexyl syringylidenemalonate, trisodium edta, ethylhexylglycerin, phenoxyethanol, linalool, citronellol, benzyl benzoate, eugenol, coumarin, parfum. || 12 mois après ouverture. || 
404,00€ / L || 
16,16 € || 
Crème, tous types de peaux || La boîte de 150ml || Origine : FRANCE || 
17,87€ / L || 
2,68 € || 
Crème de soin hydratation intense, huile de jojoba et vitamine E || Le tube de 75ml || Origine : FRANCE || Nivea Soft est une crème hydratante à utiliser tous les jours sur le corps, le visage & les mains. Sa formule légère : huile de Jojoba & vitamine E, pénètre rapidement & hydrate intensément.Découvrez cette sensation de fraîcheur qui laisse votre peaudouce, souple et satinée. || Aqua, paraffinum liquidum, myristyl alcohol, glycerin, butylene glycol, alcohol denat., stearic acid, myristyl myristate, cera microcristallina, glyceryl stearate, hydrogenated coco-glycerides, dimethicone, simmondsia chinensis, tocopheryl acetate, lanolin alcohol (Eucerit ®), polyglyceryl-2 caprate, dimethicone, sodium carbomer, phenoxyethanol, linalool, butylphenyl methylpropional limonene, benzyl salicylate, benzyl, alcohol, parfum. || 12 mois après ouverture. || 
31,33€ / L || 
2,35 € || 
Crème protectrice anti-âge visage, haute 30, prévention des rides dues au soleil || Le tube de 50ml || Origine : FRANCE || Haute protection pour peaux claires. Cette crème visage Nivea Sun possède un système équilibré de filtres UVA/UVB et des actifs anti-oxydants qui protègent immédiatement votre peau des coups de soleil et du vieillissement prématuré. Sa formule prévient la formation des ridules et rides plus profondes dues au soleil. Sa texture non grasse laisse votre peau souple et veloutée. || Choisissez un facteur de protection solaire adapté à votre peau. Appliquez généreusement avant l'exposition. Renouvelez fréquemment et après vous être baigné et essuyé. Evitez l'exposition entre 11h et 16h. N'exposez pas les bébés et jeunes enfants au soleil. Utilisez une protection vestimentaire et appliquez une protection solaire sur les zones exposées. || Aqua, octocrylene, butyl methoxydibenzoylmethane, glycerin, C12-15 alkyl benzoate, alcohol denat, hydrogenated coco-glycerides, titanium dioxide, butylene glycol, dicaprylate/dicaprate, dimethicone, glyceryl stearate citrate, stearyl alcohol, dicaprylyl ether, cetyl alcohol, bis-ethylhexyloxyphenol methoxyphenyl triazine, diethylhexyl butamido triazone, ethylhexyl methoxycinnamate, tocopheryl acétate, glucosylrutin, isoquercitrin, xanthan gum, citric acid, trisodium edta, sodium citrate, phenoxyethanol, ethylhexyl glycerin, methylparaben, ethylparaben, propylparaben, limonene, linalool, benzyl benzoate, hydroxyisohexyl 3-cyclohexene carboxaldehyde, hexyl cinnamal, benzyl salicylate, eugenol, butylphenyl methylpropional, alpha-isomethyl ionone, citronellol, coumarin, parfum. || A utiliser dans les 12 mois après ouverture. || 
240,80€ / L || 
12,04 € || 
Roll-on contour des yeux, anti-cernes, anti-poches, bille massante,caféine, provitamine B5. || Le Roll-on de 15ml || Origine : SUISSE || Le roll-on contour des yeux Monoprix diminue significativement les poches et les cernes. Sa bille massante favorise le drainage et vous procure un effet frais immédiat. Le contour de vos yeux est décongestionnée, les signes de stress et de fatigue sont effacés. Formulée sans parfum et enrichie en caféine, sa formule non collante pénètre rapidement. || Appliquez matin et soir sur le contour de l'oeil en faisant de petits mouvements circulaires. Le produit sort automatiquement. Si besoin vous pouvez masser du bout des doigts afin de faire pénétrer le soin plus rapidement. Le roll-on contour des yeuxMonoprix est une excellente base de maquillage. || Aqua, propylene glycol, butylene glycol, panthenol, glycerin, escin, ruscus aculeatus root extract, ammonium glycyrrhizate, centella asiatic extract, hydrolyzed yeast protein, calendula officinalis flower extract, biosaccharide gum-1, caffeine, acrylates/C10-30 alkyl acrylate crosspolymer, triethanolamine, disodium edta, cetrimonium bromide, phenoxyethanol, ethylhexylglycerin. || 6 mois après ouverture. || 
480,00€ / L || 
7,20 € || 
Soin contour des yeux à l'huile d'argan et aloé vera || Le tube de 15ml || Origine : FRANCE || La gamme de soin visage Monoprix Bio ! a été spécialement conçue pour s'adapter à tous tes types de peaux. A l'huile d'Argan, ce soin hydrate lecon tour des yeux. Enrichi en cire de blé noir reconnue pour ses propriétés stimulantes et en extrait de fougère pour ses vertus régénérantes, ce soin contour des yeux, certifié par Ecocert, a été formulé pour respecter cette zone sensible. || Appliquer matin et soir sur le contour des yeux en tapotant légèrement et faire pénétrer par de légers massages. || Aqua, aloe barbadensis gel*, isopropyl palmitate, caprylic/capric triglyceride, glycerin, butyrospermum parkii*, polyglyceryl-3 methylglucose distearate, argania spinosa oil*, brassica campestris seed oil*, cetyl babassuate, glyceryl stearate citrate, oryza sativa hull powder, stearyl alcohol, benzyl alcohol, cyathea cumingii leaf extract, polygonum fagopyrum, tocopherol, helianthus annuus seed oil, hydrogenated vegetable oil, glyceryl caprylate, parfum, xanthan gum, phytic acid, sodium hydroxide, cinnamic acid, levulinic acid, sodium levulinate. *ingrédients issus de l'agriculture biologique. 98,8% du total des ingrédients sont d'origine naturelle. 30% du total des ingrédients sont issus de l'agriculture biologique. || A utiliser de préférence dans les 3 mois après ouverture. || 
420,67€ / L || 
6,31 € || 
Soin contour des yeux à l'huile d'argan et aloé vera || Le tube de 15ml || Origine : FRANCE || La gamme de soin visage Monoprix Bio ! a été spécialement conçue pour s'adapter à tous tes types de peaux. A l'huile d'Argan, ce soin hydrate lecon tour des yeux. Enrichi en cire de blé noir reconnue pour ses propriétés stimulantes et en extrait de fougère pour ses vertus régénérantes, ce soin contour des yeux, certifié par Ecocert, a été formulé pour respecter cette zone sensible. || Appliquer matin et soir sur le contour des yeux en tapotant légèrement et faire pénétrer par de légers massages. || Aqua, aloe barbadensis gel*, isopropyl palmitate, caprylic/capric triglyceride, glycerin, butyrospermum parkii*, polyglyceryl-3 methylglucose distearate, argania spinosa oil*, brassica campestris seed oil*, cetyl babassuate, glyceryl stearate citrate, oryza sativa hull powder, stearyl alcohol, benzyl alcohol, cyathea cumingii leaf extract, polygonum fagopyrum, tocopherol, helianthus annuus seed oil, hydrogenated vegetable oil, glyceryl caprylate, parfum, xanthan gum, phytic acid, sodium hydroxide, cinnamic acid, levulinic acid, sodium levulinate. *ingrédients issus de l'agriculture biologique. 98,8% du total des ingrédients sont d'origine naturelle. 30% du total des ingrédients sont issus de l'agriculture biologique. || A utiliser de préférence dans les 3 mois après ouverture. || 
420,67€ / L || 
6,31 € || 
Caféine roll-on yeux, anti-poches, anti-cernes, bille massante, effet frais immédiat || Le tube de 15ml || Origine : FRANCE || Un test sous contrôle dermatologique a démontré que l'utilisation quotidienne de Garnier Caféine Roll-on yeux permet de diminuer visiblement les cernes et le volume des poches.Efficacité démontrée : effet frais immédiat. || Appliquez le roll-on sur le contour de l'oeil, avec de légers mouvements circulaires. Le produit sort automatiquement. Si besoin, pour finir, favorisez la pénétration du produit à la main. || Aqua/water, butylene glycol, glycerin, aluminium hydroxide, biosaccharide gum-1, C13-14 isoparaffin, caffeine, caprylyl glycol, citric acid, escin, guanosine, hydroxyproline, laureth-7, mica, panthenol, phenoxyethanol, polyacrylamide, sodium hyaluronate, vitis vinifera extract/grape fruit extract, xanthan gum. (F.I.L. B34485/1). || 6 mois après ouverture. || 
788,67€ / L || 
11,83 € || 
Sublimist Soin Yeux Correcteur Regard Parfait || Le tube de 15ml || Origine : FRANCE || Corrige les cernes et les signes de fatigue. Illumine le contour de l'oeil pour un regard plus frais et plus reposé. Le 1er soin yeux anti-cernes regard parfait enrichi en caféine décongestionnante et en vitamine CG éclaircissante pour corriger, défatiguer et illuminer le contour de l'oeil. || Age recommandé : 25-35 ans. Appliquez matin et soir sur le contour de l'oeil. || 6 mois après ouverture. || 
985,33€ / L || 
14,78 € || 
Eau à la rose, roses de Damas || Le spray de 200ml || Origine : FRANCE || Appliquer après la toilette en brumisation ou à l'aide d'un coton sur le visage et le cou. Ne pas rincer. || Rosa damascena flower distillate*, benzyl alcohol, sodium benzoate, citric acid, citronellol, geraniol. *ingrédient issus de l'agriculture biologique. || Conserver à température ambiante. A utiliser de préférence dans les 3 mois après ouverture. || 
35,10€ / L || 
7,02 € || 
Eau à la rose, roses de Damas || Le spray de 200ml || Origine : FRANCE || Appliquer après la toilette en brumisation ou à l'aide d'un coton sur le visage et le cou. Ne pas rincer. || Rosa damascena flower distillate*, benzyl alcohol, sodium benzoate, citric acid, citronellol, geraniol. *ingrédient issus de l'agriculture biologique. || Conserver à température ambiante. A utiliser de préférence dans les 3 mois après ouverture. || 
35,10€ / L || 
7,02 € || 
Huile d'amande douce visage corps & cheveux, adoucit & nourrit. || Le Spray de 50ml || Origine : FRANCE || Cette huile Monoprix Bio naturellement riche en vitamines A et E, reconnue pour ses vertus adoucissantes et nourrissantes, assouplit la peau. || Appliquer une noisette sur le visage, le corps ou les cheveux du bout des doigts. Peut être utilisée dans le bain. || Prunus amygdalus dulcis oil*. *Ingrédient issu de l'agriculture biologique. || 6 mois après ouverture. || 
87,60€ / L || 
4,38 € || 
Huile d'amande douce visage corps & cheveux, adoucit & nourrit. || Le Spray de 50ml || Origine : FRANCE || Cette huile Monoprix Bio naturellement riche en vitamines A et E, reconnue pour ses vertus adoucissantes et nourrissantes, assouplit la peau. || Appliquer une noisette sur le visage, le corps ou les cheveux du bout des doigts. Peut être utilisée dans le bain. || Prunus amygdalus dulcis oil*. *Ingrédient issu de l'agriculture biologique. || 6 mois après ouverture. || 
87,60€ / L || 
4,38 € || 
Huile sublimante, cheveux secs et abîmés, à l'huile de jojoba & àl'huile d'argan || Le spray de 50ml || Origine : FRANCE || L'huile d'argan est utilisée par les femmes berbères pour ses vertus nourrissantes et anti-radicalaires. Cette huile Monoprix Bio laisse la peau souple et douce. || Appliquer une noisette sur le visage, le corps ou les cheveux du bout des doigts. || Argania Spinosa oil*. *Ingrédient issu de l'agriculture biologique. || 6 mois après ouverture. || 
123,40€ / L || 
6,17 € || 
Huile sublimante, cheveux secs et abîmés, à l'huile de jojoba & àl'huile d'argan || Le spray de 50ml || Origine : FRANCE || L'huile d'argan est utilisée par les femmes berbères pour ses vertus nourrissantes et anti-radicalaires. Cette huile Monoprix Bio laisse la peau souple et douce. || Appliquer une noisette sur le visage, le corps ou les cheveux du bout des doigts. || Argania Spinosa oil*. *Ingrédient issu de l'agriculture biologique. || 6 mois après ouverture. || 
123,40€ / L || 
6,17 € || 
Eau vitale, soin pour le corps || Le flacon de 200ml || Origine : FRANCE || 
43,70€ / L || 
8,74 € || 
Eau aromatisée de fleurs d'oranger à base d'huiles essentielles, relaxante, apaisante || Le flacon de 200ml || Origine : FRANCE || EAU AROMATISÉE DE FLEURS D'ORANGER : Aromatisée et obtenue par distillation. Cette lotion apaise et relaxe la peau. Lotion à utiliser le matin et le soir avec un disque à démaquiller. || Lotion à utiliser le matin et le soir avec un disque à démaquiller. || Aqua, Aroma, Methylchloroisothiazolinone, Methylisothiazolinone || 6 mois après ouverture. || 
25,70€ / L || 
5,14 € || 
Eau aromatisée de Roses, à base d'huiles essentielles, tonifiante, rafraîchissante || Le flacon de 200ml || Origine : FRANCE || Eau aromatisée de Rose : Aromatisée et obtenue par distillation. Cette lotion tonifie et rafraîchit la peau. Elle convient particulièrement aux peau sèches et ou sensibles. || Lotion à utiliser le matin et le soir avec un disque à démaquiller. || Aqua, Rosa Centifolia, Rosa Canina, Aroma, Methylchloroisothiazolinone, Methylisothiazolinone, Citronellol, Geraniol, Eugenol, Benzyl Alcohol. || 6 mois après ouverture. || 
25,70€ / L || 
5,14 € || 
Eau d'Hamamélis à base d'huiles essentielles, calmante, décongestionnante, peaux sensibles || Le flacon de 200ml || Origine : FRANCE || Obtenue par distillation. Cette lotion redonne éclat et beaute à la peau. Elle contribue à atténuer les rougeurs du visage. Elle est calmante et décongestionante. || Lotion à utiliser le matin et le soir avec un disque à démaquiller. || Hamamelis Viginiana, Methylchloroisothiazolinone, Methylisothiazolinone || 6 mois après ouverture. || 
25,70€ / L || 
5,14 € || 
Eau de Bleuets à base d'huiles essentielles, apaisante, décongestionnante || Le flacon de 200ml || Origine : FRANCE || EAU DE BLEUETS : Obtenue par distillation. Cette lotion calme et contribue à soulager les irritations et les rougeurs des paupière. Elle est apaisante et décongestionnante. || Lotion à utiliser le matin et le soir avec un disque à démaquiller. || Centaurea Cyanus, Methylchloroisothiazolinone, Methylthiazolinone. || 6 mois après ouverture. || 
25,70€ / L || 
5,14 € || 
Huile assouplissante à l'amande douce 99% Bio, l'amande douce, riche en vitamine A et E, nourrit et adoucit les peaux délicates || Le flacon de 50ml || Origine : FRANCE || 
134,40€ / L || 
6,72 € || 
Huile assouplissante à l'amande douce 99% Bio, l'amande douce, riche en vitamine A et E, nourrit et adoucit les peaux délicates || Le flacon de 50ml || Origine : FRANCE || 
134,40€ / L || 
6,72 € || 
Pâte d'argile verte purifiante, multi-usages || Le tube de 360g || Origine : FRANCE || La Pâte d'Argile Verte prête à l'emploi Lovea, concentrée en Argile Verte Montmorillonite purifiante et absorbante, convient parfaitement aux peaux mixtes à grasses.L'Argile Verte absorbe et régule l'excès de sébum, élimine toxines et impuretés et revitalise la peau. || Multi-usages, elle peut s'utiliser en tant que masque facial en évitant le contour des yeux, en masque capillaire ou en cataplasme. Elle peut également soulager brûlure, douleurs articulaires ou musculaires. || Illite, montmorillonite (green clay), aqua (water), glycerin, imidazolidinyl urea, chlorhexidine digluconate, methylchloroisothiazolinone, methylisothiazolinone, magnesium nitrate, magnesium chloride. 99% d'origine naturelle. Sans paraben, sans colorant, sans silicone, sans phénoxyéthanol, sans peg. || 12 mois après ouverture. || 
9,94€ / Kg || 
3,58 € || 
Huile de beauté, soin haute performance, lisse, répare, sublime. || Le flacon de 100ml || Origine : FRANCE || 
157,00€ / L || 
15,70 € || 
Lotion Micellaire démaquillante, haute tolérance, à l'eau florale, peaux sensibles & réactives. || Le flacon de 200ml || Origine : FRANCE || Nettoie, élimine les impuretés et enlève les traces de maquillage, rafraîchit et apaise la peau immédiatement. Effet hydratant 24h. Ne dessèche pas la peau. || Appliquez sur le visage, les yeux, les lèvres et le cou à l'aide d'un coton. Sans rinçage. || Aqua, rosa damascena flower water, laurus nobilis leaf/stem water, poloxamer 184, glycerin, panthenol, cocamidopropyl betaine, peg-40 hydrogenated castor oil, sodium chloride, citric acid, pantolactone, sodium benzoate, potassium sorbate. 0% sans paraben, sans colorant, sans parfum. || 12 mois après ouverture. || 
28,80€ / L || 
5,76 € || 
Huile d'amande douce, adoucissante et apaisante || Le flacon de 100ml || Origine : FRANCE || L'Huile d'Amande douce Lovea 100% d'origine naturelle, enrichie en vitamine E, hydrate et assouplit les peaux délicates et sensibles. || Visage & corps. Elle est idéale pour les vergetures, gerçures, crevasses, irritations, brûlures  Eviter le contact avec les yeux. || Prunus amygdalus dulcis (sweet almond) dulcis oil, tocopherol, tocopheryl acetate. Sans parfum, sans paraben, sans silicone, sans paraffine. || 12 mois après ouverture. || 
49,10€ / L || 
4,91 € || 
Huile naturelle, activatrice de bronzage, à la carotte, tous types de peaux. || Le flacon de 100ml || Origine : FRANCE || L'huile de Carotte riche en béta-carotène et vitamine E prépare la peau au bronzage et procure un teint halé. En usage quotidien elle assouplit l'épiderme et aide à conserver un teint uniforme. || Eviter le contact avec les yeux. || Helianthus annuus (sunflower) seed oil, daucus carota sativa root extract, daucus carota sativa seed oil, tocopherol, ascorbyl palmitate, CI 40800. || 12 mois après ouverture. || 
81,90€ / L || 
8,19 € || 
Huile naturelle anti-âge, à la bourrache, peaux sèches, fatiguées || Le flacon de 50ml || Origine : FRANCE || L'huile de Bourrache enrichie en vitamine E est un soin anti-âge qui redonne souplesse et élasticité aux peaux sèches, fatiguées ou dévitalisées. Elle fortifie les ongles et les cheveux. || Eviter le contact avec les yeux. || Borago officinalis (borage) seed oil, tocopherol, tocopheryl acetate. || 12 mois après ouverture. || 
132,80€ / L || 
6,64 € || 
Huile naturelle nutritive à l'avocat, peaux très sèches. || Le flacon de 100ml || Origine : FRANCE || L'huile d'avocat enrichie en vitamine E nourrit intensément les peaux très sèches. Elle stimule également la production de collagène et retarde ainsi les signes du vieillissement cutané. || Eviter le contact avec les yeux. || Persea gratissima (avocado) oil, tocopherol, tocopheryl acetate. || 12 mois après ouverture. || 
71,60€ / L || 
7,16 € || 
Huile régénérante d'argan, 100% naturelle || Le flacon de 100ml || Origine : FRANCE || L'Huile d'Argan Lovea 100% d'origine naturelle, enrichie en vitamine E, aide à lutter contre le vieillissement prématuré de la peau et nourrit l'épiderme. Régénérante, cette huile convient aux peaux sèches, dévitalisées et sans éclat. Elle fortifie et redonne l'éclat aux cheveux. || Visage, corps et cheveux. Eviter le contact avec les yeux. || Argania spinosa kernel oil, prunus amygdalus (sweet almond) dulcis oil, tocopherol, tocopheryl acetate. Sans parfum, sans paraben, sans silicone, sans paraffine. || 12 mois après ouverture. || 
114,80€ / L || 
11,48 € || 
Eau micellaire physiologique, visage et yeux, panthénol apaisant,sans parfum, peaux très sensibles et réactives. || Le flacon de 400ml || Origine : FRANCE || Enrichie en panthenol apaisant, la formule de l'Eau Micellaire Physiologique Mixa apaise immédiatement les sensations d'irritation des peaux très sensibles et réactives. Le visage et les yeux sont parfaitement nettoyés et démaquillés. Fraîche et apaisée, la peau sensible est confortable et ne tiraille pas. || Appliquer matin et soir sur le visage et les yeux à l'aide d'un coton. Inutile de rincer ou de frotter. || Aqua/water, hexylene glycol, glycerin, poloxamer 184, peg-60 hydrogenated castor oil, rosa gallica extract/rosa gallica flower extract, disodium cocoamphodiacetate, disodium edta, citric acid, panthenol, polyaminopropyl biguanide (FIL B162392/1). Sans parfum. Sans paraben. Sans alcool. || 6 mois après ouverture. || 
17,23€ / L || 
6,89 € || 
Eau micellaire purifiante || Le flacon de 400ml || Origine : FRANCE || AQUA / WATER ? HEXYLENE GLYCOL ? GLYCERIN ? POLOXAMER 184 ? CITRIC ACID ? DISODIUM COCOAMPHODIACETATE ? DISODIUM EDTA ? PANTHENOL ? PARFUM / FRAGRANCE ? PEG-60 HYDROGENATED CASTOR OIL ? POLYAMINOPROPYL BIGUANIDE ? ZINC GLUCONATE ? || 
16,70€ / L || 
6,68 € || 
Huile démaquillante à rincer, peaux sensibles et très sèches || Le flacon de 150ml || Origine : FRANCE || L'huile démaquillante à rincer élimine efficacement les impuretés et le maquillage, même waterproof, sur le visage et les yeux. Aux huiles de Carthame et de Rose, elle nourrit la peau et la protège du dessèchement. Après rinçage, la peau est fraîcheet confortable, sans film gras. || Appliquer l'huile démaquillante avec les doigts sur visage sec et sur les yeux. Masser délicatement. Ajouter un peu d'eau pour que l'huile devienne laiteuse, puis rincer. || Paraffinum liquidum/minéral oil, zea mays/corn germ oil, peg-20 glyceryl triisostearate, ethylhexyl stearate, carthamus tinctorius oil/safflower seed oil, rosa canina fruit oil, sorbitan trioleate, glycerin, isopropyl lauroyl, sarcosinate, isostearicacid, pentaerythrityl tetra-di-t-butyl hydroxyhydrocinnamate, polysorbate 85, ethylhexylglycerin, parfum/fragrance (FIL B161562/1). || 6 mois après ouverture. || 
44,27€ / L || 
6,64 € || 
Huile sèche visage rénovatrice à l'huile d'onagre || Le spray de 100ml || Origine : FRANCE || 880104 5 - INGRñDIENTS : CAPRYLIC/CAPRIC TRIGLYCERIDE ? DICAPRYLYL CARBONATE ? BUTYROSPERMUM PARKII BUTTER / SHEA BUTTER ? ORYZA SATIVA BRAN OIL / RICE BRAN OIL ? CARTHAMUS TINCTORIUS OIL / SAFFLOWER SEED OIL ? OENOTHERA BIENNIS OIL / EVENING PRIMROSE OIL ? PENTAERYTHRITYL TETRA-DI-T-BUTYL HYDROXYHYDROCINNAMATE ? TOCOPHEROL ? PARFUM / FRAGRANCE ? (F.I.L. B163476/1). || 
105,60€ / L || 
10,56 € || 
Eau démaquillante micelaire sensitive, peaux sensibles. || Le flacon de 200ml || Origine : FRANCE || L'eau démaquillante micellaire de Nivea nettoie, démaquille le visage et les yeux et hydrate en un seul geste. Enrichie en dexpanthénol et en huile de pépins de raisin, la formule douce : démaquille le visage et les yeux en douceur, nettoie la peau en profondeur, rafraîchit et hydrate la peau. || Appliquez sur votre peau avec un coton pour éliminer les impuretés et le maquillage des yeux et du visage. Massez délicatement en petits cercles du bas vers le haut en gardant les yeux fermés. || 12 mois après ouverture. || 
26,20€ / L || 
5,24 € || 
BB crème 5en1, clair || Le tube de 50ml || Origine : REPUBLI.TCHEQUE || Soin perfecteur 5 en 1 : hydrate intensément, atténue les signes de fatigues, protège des agressions extérieures, corrige les ridules et imperfections, ravive l'éclat et unifie le teint. Sa texture légère s'applique rapidement et pénètre facilement pour un confort immédiat. Votre teint est radieux et lumineux et votre peau est sublimée et protégée. || Utilisez chaque matin après avoir soigneusement nettoyé votre visage. Appliquez en massant délicatement du bout des doigts en évitant le contact avec les yeux. || 12 mois après ouverture. || 
133,60€ / Pce || 
6,68 € || 
BB crème 5en1, médium || Le tube de 50ml || Origine : FRANCE || Soin perfecteur 5 en 1 : hydrate intensément, atténue les signes de fatigues, protège des agressions extérieures, corrige les ridules et imperfections, ravive l'éclat et unifie le teint. Sa texture légère s'applique rapidement et pénètre facilement pour un confort immédiat. Votre teint est radieux et lumineux et votre peau est sublimée et protégée. || Utilisez chaque matin après avoir soigneusement nettoyé votre visage. Appliquez en massant délicatement du bout des doigts en évitant le contact avec les yeux. || 12 mois après ouverture. || 
133,60€ / L || 
6,68 € || 
B.B. crème quotidienne 5-en-1, clair || Le tube de 50ml || Origine : FRANCE || 
201,40€ / L || 
10,07 € || 
B.B. crème quotidienne 5-en-1, medium || Le tube de 50ml || Origine : FRANCE || Ce soin hybride haute performance renferme une formule hydratante 24h. Immédiatement, la peau est sublimée, hydratée et protégée. Le teint est lissé et lumineux.Inspiré par les B.B. crèmes, une nouvelle génération de soins hybrides tout-en-un qui vous offre à la fois un effet soin longue durée et un effet maquillage léger et immédiat, Garnier crée Soin Miracle Perfecteur. Le soin qui combine en un seul geste toutes les étapes clés de votre routine beauté. || Aqua/water, isononyl isononanoate, isohexadecane, glycerin, alcohol denat, peg-20 methylglucose sesquistearate, ethylhexyl methoxycinnamate, methyl glucose sesquistearate, cetyl palmitate, nylon-12, cyclohexasiloxane, propylene glycol, hydrogenated polyisobutene, stearyl alcohol, argilla/magnesium aluminum silicate, phenoxyethanol, parfum/fragrance, caprylyl glycol, lithium magnesium sodium silicate, disodium edta, linalool, benzyl salicylate, limonene, caffeine, ascorbyl glucoside, geraniol, cellulose acetate butyrate, polyphosphorylcholine glycol acrylate, citral, ammonium polyacryldimethyltauramide/ammonium polyacryloyldimethyl taurate, polyvinyl alcohol, sodium chloride, butylene glycol, sodium hyaluronate, (+/- may contain Cl77891/titanium dioxide, Cl77491, Cl77492, Cl77499/iron oxides). (F.I.L. B47069/2). Non comédogène. || 12 mois après ouverture. || 
204,00€ / L || 
10,20 € || 
BB crème, anti-âge, clair || Le tube de 50ml || Origine : FRANCE || 
222,00€ / L || 
11,10 € || 
BB crème, anti-âge, Médium || Le tube de 50ml || Origine : FRANCE || 
235,80€ / L || 
11,79 € || 
BB Crème, peaux mixtes à grasses, FPS 20, médium || Le tube de 40ml || Origine : FRANCE || Réduit efficacement l'apparence des pores et des imperfections pour un teint plus homogène. Sa texture légère et confortable s'étale sur la peau et pénètre rapidement. || Appliquer votre BB crème soin miracle perfecteur comme vous le feriez avec votre hydratant habituel. Pour améliorer la couvrance, n'hésitez pas à remettre un peu de crème. Le soin peut s'utiliser à la place ou en complément de votre produit de maquillage habituel. || Aqua, cyclopentasiloxane, alcohol denat, butylene glycol, ethylhexyl methoxycinnamate, peg-10 dimethicone, phenyl trimethicone, squalane, bis-peg/ppg-14/14 dimethicone, magnesium sulfate, talc, nylon-12, maltitol, disodium stearoyl glutamate, aluminum hydroxide, sorbitol, perlite, vaccinium myrtillus fruit extract, (+/- may contain CI 77891/titanium dioxide, CI77491, CI77492, CI77499/iron oxides) FIL B51922/1. || 12 mois après ouverture. || 
275,75€ / L || 
11,03 € || 
BB crème + Blur, perfection ultime, soin mirale perfecteur + basecorrectrice lissante. || Le tube de 40ml || Origine : FRANCE || Avec la BB crème + Blur, Garnier crée une nouvelle génération de BB crème. Sa technologie 5-en-1 inédite combine en un seul geste toutes les étapes clés de votre routine beauté pour une peau à la perfection ultime. Gagnez du temps avec la BB crème deGarnier ! Un seul geste pour affiner le grain de peau, lisser les ridules, pores et imperfections, apporter un fini mat velouté, hydrater, unifier le teint et protéger des UV. || Âge d'utilisation conseillé : -20 ans - 45 ans. Utilisez votre BB crème + Blur comme vous le feriez avec votre hydratant habituel, sur une peau parfaitement nettoyée. Appliquez si besoin après votre soin quotidien. Agitez avant emploi. || Aqua / water, dimethicone, ethylhexyl methoxycinnamate, isononyl isononanoate, vinyl dimethicone/methicone silsesquioxane crosspolymer, alcohol denat, glycerin, methyl methacrylate crosspolymer, boron nitride, butylene glycol, dimethicone crosspolymer, peg 10 dimethicone, tribehenin, magnesium sulfate, phenoxyethanol, peg/ppg 18/18 dimethicone, parfum / fragrance, caprylyl glycol, synthetic fluorphlogopite, dimethiconol, silica silylate, disodium stearoyl glutamate, zinc gluconate, capryloyl salicylic acid, linalool, benzyl salicylate, aluminium hydroxide, ascorbyl glucoside, limonene, benzyl alcohol, geraniol, citral, castanea sativa / chestnut seed extract, (+/- may contain : ci 77891 / titanium dioxide, ci 77491, ci 77492, ci 77499 / iron oxides) (fil B162897/4).  Sans paraben. || 12 mois après ouverture. || 
338,50€ / L || 
13,54 € || 
BB crème + blur, soin miracle perfecteur + base correctrice lissante, médium. || Le tube de 40ml || Origine : FRANCE || Avec la BB crème + Blur, Garnier crée une nouvelle génération de BB crème. Sa technologie 5-en-1 inédite combine en un seul geste toutes les étapes clés de votre routine beauté pour une peau à la perfection ultime. Gagnez du temps avec la BB crème deGarnier ! Un seul geste pour affiner le grain de peau, lisser les ridules, pores et imperfections, apporter un fini mat velouté, hydrater, unifier le teint et protéger des UV. || Âge d'utilisation conseillé : -20 ans - 45 ans. Utilisez votre BB crème + Blur comme vous le feriez avec votre hydratant habituel, sur une peau parfaitement nettoyée. Appliquez si besoin après votre soin quotidien. Agitez avant emploi. || Aqua / water, dimethicone, ethylhexyl methoxycinnamate, isononyl isononanoate, vinyl dimethicone/methicone silsesquioxane crosspolymer, alcohol denat, glycerin, methyl methacrylate crosspolymer, boron nitride, butylene glycol, dimethicone crosspolymer, peg 10 dimethicone, tribehenin, magnesium sulfate, phenoxyethanol, peg/ppg 18/18 dimethicone, parfum / fragrance, caprylyl glycol, synthetic fluorphlogopite, dimethiconol, silica silylate, disodium stearoyl glutamate, zinc gluconate, capryloyl salicylic acid, linalool, benzyl salicylate, aluminium hydroxide, ascorbyl glucoside, limonene, benzyl alcohol, geraniol, citral, castanea sativa / chestnut seed extract, (+/- may contain : ci 77891 / titanium dioxide, ci 77491, ci 77492, ci 77499 / iron oxides) (fil B162897/4).  Sans paraben. || 12 mois après ouverture. || 
338,50€ / L || 
13,54 € || 
BB Crème mixte, peaux mixtes à grasses, hydrate, FPS 20, clair || Le tube de 40ml || Origine : FRANCE || Réduit efficacement l'apparence des pores et des imperfections pour un teint plus homogène. Sa texture légère et confortable s'étale sur la peau et pénètre rapidement. || Appliquer votre BB crème soin miracle perfecteur comme vous le feriez avec votre hydratant habituel. Pour améliorer la couvrance, n'hésitez pas à remettre un peu de crème. Le soin peut s'utiliser à la place ou en complément de votre produit de maquillage habituel. || Aqua, cyclopentasiloxane, alcohol denat, butylene glycol, ethylhexyl methoxycinnamate, peg-10 dimethicone, phenyl trimethicone, squalane, bis-peg/ppg-14/14 dimethicone, magnesium sulfate, talc, nylon-12, maltitol, disodium stearoyl glutamate, aluminum hydroxide, sorbitol, perlite, vaccinium myrtillus fruit extract, (+/- may contain CI 77891/titanium dioxide, CI 77491, CI 77492, CI 77499/iron oxides) FIL B51922/1. || 12 mois après ouverture. || 
264,00€ / L || 
10,56 € || 
Pure active BB crème 5-en-1, anti-imperfections, peaux mixtes à grasses à problèmes, claire. || Le tube de 50ml || Origine : FRANCE || Pour une peau parfaite en un seul geste, la recherche Garnier a associé des pigments minéraux avec de l'acide salicylique pour unifier votre peau tout en camouflant les imperfections. BB crème 5-en-1 : hydrate, unifie le teint, matifie, resserre lespores, anti-spots. || Peaux mixtes à grasses à problèmes. Appliquer BB Crème Anti-Imperfections comme vous le feriez avec votre hydratant habituel. Pour améliorer la couvrance, n'hésitez pas à remettre à peu de crème. || 12 mois après ouverture. || 
262,60€ / L || 
13,13 € || 
Pure active BB crème 5-En-1, anti-imperfections, peaux mixtes à grasses à problèmes, médium. || Le tube de 50ml || Origine : FRANCE || Pour une peau parfaite en un seul geste, la recherche Garnier a associé des pigments minéraux avec de l'acide salicylique pour unifier votre peau tout en camouflant les imperfections. BB crème 5-en-1 : hydrate, unifie le teint, matifie, resserre lespores, anti-spots. || Peaux mixtes à grasses à problèmes. Appliquer BB Crème Anti-Imperfections comme vous le feriez avec votre hydratant habituel. Pour améliorer la couvrance, n'hésitez pas à remettre à peu de crème. || 12 mois après ouverture. || 
256,40€ / L || 
12,82 € || 
Roll-on yeux clair, Skin naturals bb || Le roll-on de 7ml || Origine : FRANCE || Regard parfait immédiat 5 en 1 : réduit poches & cernes. Atténue les signes de fatigue. Lisse les ridules. Illumine le regard. Hydrate. Spécialement adapté à la peau fragile du contour de l'oeil, ce soin associe l'haloxyl, actif connu pour lutter efficacement contre la coloration disgracieuse des cernes et la formation des poches, à une bille massante ultra-fraîche pour atténuer les signes de fatigue. Enrichi en pigments minéraux, il estompe immédiatement et naturellement les cernes grâce à sesteintes ton-sur-ton. Sa texture confortable et longue tenue s'étale parfaitement pour un résultat naturel sans démarcation. || Appliquez la BB crème Soin Miracle Perfecteur sur le contour de l'oeil, avec de légers mouvements circulaires. Le produit sort automatiquement. Si besoin, tapotez délicatement pour favoriser la pénétration du produit. Pour augmenter la couvrance, n'hésitez pas à en appliquer une deuxième fois. || Cyclopentasiloxane, aqua/water, propanediol, alcohol denat, glycerin, phenyl trimethicone, peg-10 dimethicone, bis-peg/ppg-14/14 dimethicone, ethylhexyl hydroxystearate, magnesium sulfate, talc, phenoxyethanol, nylon-12, disodium stearoyl glutamate,caprylyl glycol, caffeine, aluminum hydroxide, n-hydroxysuccinimide, palmitoyl oligopeptide, chrysin, palmitoyl tetrapeptide-7 (+/- may contain Cl 77891/titanium dioxide, Cl 77491, Cl 77492, Cl 77499/iron oxides, Cl 77163/bismuth oxychloride) (FIL B54061/1). || 6 mois après ouverture. || 
1655,71€ / L || 
11,59 € || 
Roll-on yeux Médium Skin naturals bb || Le roll-on de 7ml || Origine : FRANCE || Regard parfait immédiat 5 en 1 : réduit poches & cernes. Atténue les signes de fatigue. Lisse les ridules. Illumine le regard. Hydrate. Spécialement adapté à la peau fragile du contour de l'oeil, ce soin associe l'haloxyl, actif connu pour lutter efficacement contre la coloration disgracieuse des cernes et la formation des poches, à une bille massante ultra-fraîche pour atténuer les signes de fatigue. Enrichi en pigments minéraux, il estompe immédiatement et naturellement les cernes grâce à sesteintes ton-sur-ton. Sa texture confortable et longue tenue s'étale parfaitement pour un résultat naturel sans démarcation. || Appliquez la BB crème Soin Miracle Perfecteur sur le contour de l'oeil, avec de légers mouvements circulaires. Le produit sort automatiquement. Si besoin, tapotez délicatement pour favoriser la pénétration du produit. Pour augmenter la couvrance, n'hésitez pas à en appliquer une deuxième fois. || Cyclopentasiloxane, aqua/water, propanediol, alcohol denat, glycerin, phenyl trimethicone, peg-10 dimethicone, bis-peg/ppg-14/14 dimethicone, ethylhexyl hydroxystearate, magnesium sulfate, talc, phenoxyethanol, nylon-12, disodium stearoyl glutamate,caprylyl glycol, caffeine, aluminum hydroxide, n-hydroxysuccinimide, palmitoyl oligopeptide, chrysin, palmitoyl tetrapeptide-7 (+/- may contain Cl 77891/titanium dioxide, Cl 77491, Cl 77492, Cl 77499/iron oxides, Cl 77163/bismuth oxychloride) (FIL B54061/1). || 6 mois après ouverture. || 
1655,71€ / L || 
11,59 € || 
Sublimist BB Crème claire || Le tube de 50ml || Origine : FRANCE || Soin 6en1 : hydrate la peau 24h, corrige les rougeurs, réduit les imperfections, lisse les irrégularités, unifie et booste l'éclat du teint et protège quotidiennement la peau des rayons UV. Sa formule fond sur la peau pour une couvrance ultra naturelle toute la journée. || Age recommandé : 25-35 ans. Utilisez tous les matins sur le visage. || 12 mois après ouverture. || 
299,20€ / L || 
14,96 € || 
Sublimist BB Crème medium || Le tube de 50ml || Origine : FRANCE || Soin 6en1 : hydrate la peau 24h, corrige les rougeurs, réduit les imperfections, lisse les irrégularités, unifie et booste l'éclat du teint et protège quotidiennement la peau des rayons UV. Sa formule fond sur la peau pour une couvrance ultra naturelle toute la journée. || Age recommandé : 25-35 ans. Utilisez tous les matins sur le visage. || 12 mois après ouverture. || 
302,40€ / L || 
15,12 € || 
Hydratant teinté anti-rougeurs, Fleur d'arnica + Cold cream      Peaux sencibles et réactives, teinte claire || Le tube de 50ml || Origine : FRANCE || Une triple efficacité anti-rougeurs pour apaiser, corriger et sublimer visiblement le teint au quotidien. Une formule hypoallergénique, testée sous contrôle médical sur 100% de peaux sensibles pour une tolérance optimale. || Pour peaux sensibles et réactives. || Aqua, c12-15 alkyl benzoate, glycerin, isohexadecane, octocrylene, isodecyl neopentanoate, alcohol denat, butyl methoxydibenzoylmethane, butyrospermum parkii butter/shea butter, aluminum starch octenylsuccinate, terephthalylidene dicamphor sulfonic acid, drometrizole trisiloxane, potassium cetyl phosphate, peg-100 stearate, glyceryl stearate, triethanolamine, zea mays oil/corn oil, prunus armeniaca kernel oil/apricot kernel oil, passiflora edulis oil/passiflora edulis seed oil, oryza sativa branoil/rice bran oil, cetyl alcohol, argilla/magnesium aluminum silicate, phenoxyethanol, stearic acid, tocopheryl acetate, caprylyl glycol, palmitic acid, parfum, acrylates/c10-30 alkyl acrylate crosspolymer, cera alba/beeswax, niacinamide, cetyl palmitate, disodium edta, acrylates copolymer, bht, sodium hydroxide, sodium hyaluronate, arnica montana flower extract, cupressus sempervirens seed extract, polygonatum multiflorum rhizone/root extract, benzyl benzoate, (+/- may contain CI77891/titaniumdioxide, CI77491, CI77492, CI77499/iron oxides) (FIL B158054/7). Sans paraben. Non comédogène. || 12 mois après ouverture. || 
201,60€ / L || 
10,08 € || 
Hydratant teinté anti-rougeurs, fleur d'arnica + Cold cream      Peaux sencibles et réactives, teinte médium || Le tube de 50ml || Origine : FRANCE || Une triple efficacité anti-rougeurs pour apaiser, corriger et sublimer visiblement le teint au quotidien. Une formule hypoallergénique, testée sous contrôle médical sur 100% de peaux sensibles pour une tolérance optimale. || Pour peaux sensibles et réactives. || Aqua, c12-15 alkyl benzoate, glycerin, isohexadecane, octocrylene, isodecyl neopentanoate, alcohol denat, butyl methoxydibenzoylmethane, butyrospermum parkii butter/shea butter, aluminum starch octenylsuccinate, terephthalylidene dicamphor sulfonic acid, drometrizole trisiloxane, potassium cetyl phosphate, peg-100 stearate, glyceryl stearate, triethanolamine, zea mays oil/corn oil, prunus armeniaca kernel oil/apricot kernel oil, passiflora edulis oil/passiflora edulis seed oil, oryza sativa branoil/rice bran oil, cetyl alcohol, argilla/magnesium aluminum silicate, phenoxyethanol, stearic acid, tocopheryl acetate, caprylyl glycol, palmitic acid, parfum, acrylates/c10-30 alkyl acrylate crosspolymer, cera alba/beeswax, niacinamide, cetyl palmitate, disodium edta, acrylates copolymer, bht, sodium hydroxide, sodium hyaluronate, arnica montana flower extract, cupressus sempervirens seed extract, polygonatum multiflorum rhizone/root extract, benzyl benzoate, (+/- may contain CI77891/titaniumdioxide, CI77491, CI77492, CI77499/iron oxides) (FIL B158054/7). Sans paraben. Non comédogène. || 12 mois après ouverture. || 
212,60€ / L || 
10,63 € || 
Crème de teint 6 en 1, médium, effet peau nue parfaite. || Le tube de 50ml || Origine : POLOGNE || Hydrate, toucher velouter, affine le grain de peau, unifie, illumine et protège. Un seul geste pour un teint unifié sans défaut et un effet peau nue parfaite. || Appliquez la crème sur une peau propre après ou à la place de votre soin de jour, en massant délicatement du bout des doigts par petits cercles. || Aqua, glycerin, triisostearin, octocrylene, isopropyl stearate, talc, cetearyl alcohol, methylpropanediol, hydrogenated coco glycerides, butyrospermum parkii butter, glyceryl stearate, palmitic acid, stearic acid, panthenol, butyl methoxydibenzoylmethane, dimethicone, tocopheryl acetate, oleic acid, myristic acid, arachidic acid, sodium carbomer, xanthan gum, glyceryl glucoside, trisodium edta, methylparaben, phenoxyethanol, benzyl salicylate, hexyl cinnamal, butylphenyl methylpropional, linalool, benzyl alcohol, hydroxyisohexyl 3-cyclohexene carboxaldehyde, citronellol, geraniol, alpha isomethyl ionone, limonene, parfum, CI 77891, CI 77491, CI 77492, CI 77499. || 12 mois après ouverture. || 
198,20€ / L || 
9,91 € || 
Crème de teint 6 en 1. Clair, enrichie en pigments minéraux et en beurre de karité. || Le tube de 50ml || Origine : POLOGNE || La BB Cream (Blemish Balm) de Nivea, enrichie en pigments minéraux et en beurre de karité : hydrate la peau sans effet gras, procure à la peau un toucher doux et velouté. Affine le grain de la peau. Unifie le teint et corrige les imperfections, les signes de fatigue, les cernes, les rougeurs, et les ridules. Illumine le teint et fait ressortir l'éclat naturel de votre peau. Protège la peau du soleil et des agressions extérieures responsables du vieillissement prématuré grâce au FPS 10. || Appliquez la crème sur une peau propre ou à la place de votre soin de jour, en massant délicatement du bout des doigts par petits cercles. || Aqua, glycerin, triisostearin, octocrylene, isopropyl stearate, talc, cetearyl alcohol, methylpropanediol, hydrogenated coco-glycerides, butyrospermum parkii butter, glyceryl stearate, palmitic acid, stearic acid, panthenol, butyl methoxydibenzoylmethane, dimethicone, tocopheryl acetate, oleic acid, myristic acid, arachidic acid, sodium carbomer, xanthan gum, glyceryl glucoside, trisodium edta, methylparaben, phenoxyethanol, benzyl salicylate, hexyl cinnamal, butylphenyl methylpropional, linalool, benzyl alcohol, hydroxyisohexyl 3-cyclohexene carboxaldehyde, citronellol, geraniol, alpha-isomethyl ionone, limonene, parfum, Cl 77891, Cl77491, Cl77492, Cl77499. || 12 mois après ouverture. || 
201,00€ / L || 
10,05 € || 
Soin des lèvres, Hydratant || Le blister de 4g || Origine : FRANCE || Le soin des lèvres Monoprix nourrit et protège vos lèvres des agressions extérieures tout au long de l'année.Enrichi en beurre de karité et en huile de noix de macadamia, il hydrate et préserve la souplesse de vos lèvres, en leur apportant douceur etconfort. Vos lèvres sont protégées, souples, douces et hydratées. Testé sous contrôle dermatologique. || Octyldodecanol, paraffinum liquidum, bis-diglyceryl polyacyladipate-2, cera microcristallina, polyethylene, hydrogenated castor oil,  paraffin, butyrospermum parkii butter, synthetic wax, macadamia ternifolia seed oil, bis-ethylhexyloxyphenol methoxyphenyl triazine, allantoin, saccharin, tocopheryl acetate, bht, parfum. || 12 mois après ouverture. || 
352,50€ / Kg || 
1,41 € || 
Soin des lèvres, Hydratant || Les 2 sticks lèvre de 4g || Origine : FRANCE || Le soin des lèvres Monoprix nourrit et protège vos lèvres des agressions extérieures tout au long de l'année.Enrichi en beurre de karité et en huile de noix de macadamia, il hydrate et préserve la souplesse de vos lèvres, en leur apportant douceur etconfort. Vos lèvres sont protégées, souples, douces et hydratées. Testé sous contrôle dermatologique. || Octyldodecanol, paraffinum liquidum, bis-diglyceryl polyacyladipate-2, cera microcristallina, polyethylene, hydrogenated castor oil,  paraffin, butyrospermum parkii butter, synthetic wax, macadamia ternifolia seed oil, bis-ethylhexyloxyphenol methoxyphenyl triazine, allantoin, saccharin, tocopheryl acetate, bht, parfum. || 12 mois après ouverture. || 
298,75€ / Kg || 
2,39 € || 
Soin des lèvres, Nourrissant || Le blister de 4g || Origine : FRANCE || Le soin des lèvres Nourrissant Monoprix soulage et protège des agressions extérieures les lèvres desséchées et gercées.Enrichi en huile d'argan et au beurre de karité, il nourrit, hydrate et préserve la souplesse de vos lèvres, en leur apportant douceur et confort. Vos lèvres sont souples, douces, apaisées et délicatement parfumées. Testé sous contrôle dermatologique. || Paraffinum liquidum, hydrogenated polyisobutene, hydrogenated coco-glycerides, cera microcristallina, polybutene, polyethylene, hydrogenated castor oil, dipentaerythrityl pentaisononanoate, paraffin, parfum, butyrospermum parkii butter, synthetic wax, triethyl citrate, isopropyl myristate, tocopheryl acetate, argania spinosa kernel oil, bht, tocopherol. || 18 mois après ouverture. || 
475,00€ / Kg || 
1,90 € || 
Soin des lèvres à la cerise || Le blister de 4g || Origine : FRANCE || Le Soin des Lèvres Cerise Monoprix nourrit et protège vos lèvres des agressions extérieures tout en les parfumant et en les teintant délicatement.Enrichi en beurre de karité et en huile de noix de macadamia, il hydrate et préserve la souplesse de voslèvres en leur apportant douceur et confort. Vos lèvres sont protégées, hydratées, délicatement parfumées et teintées. Testé sous contrôle dermatologique. || Octyldodecanol, isononyl isononanoate, polybutene, polyethylene, bis-diglyceryl polyacyladipate-2, cera alba, hydrogenated castor oil, cera microcristallina, butyrospermum parkii butter, shorea robusta seed butter, macadamia ternifolia seed oil, tocopheryl acetate, retinyl palmitate, tocopherol, lauryl pca, bis-ethylhexyloxyphenol methoxyphenyl triazine, allantoin, bht, pentaerythrityl tetra-di-t-butyl hydroxyhydrocinnamate, parfum, cl 15850, cl 42090, cl 77491. || 12 mois après ouverture. || 
470,00€ / Kg || 
1,88 € || 
Baume pour les lèvres au miel et à la vitamine E, 100% naturel || le stick de 4,25g || Origine : ETATS-UNIS AMERIQUE || Ce baume doux et nourrissant pour les lèvres contient du miel et de la vitamine E aux propriétés antioxydantes. || Cera alba (beeswax, cire d'abeille), helianthus annuus (sunflower) seed oil, cocos nucifera (coconut) oil, lanolin, aroma (flavor)*, mel (honey, miel), tocopherol, rosmarinus officinalis (rosemary) leaf extract, glycine soja (soybean) oil, canola oil(huile de colza), benzyl benzoate, coumarin. *Natural flavor/arôme naturel. || 12 mois après ouverture. || 
992,86€ / L || 
4,17 € || 
Concentré lèvres reparateur intense formule indienne, lèvres irritées et gercées || Le tube de 7ml || Origine : FRANCE || Sa texture onctueuse enveloppe de douceur les lèvres gercées et irritées. Immédiatement elles sont apaisées, plus souple et plus hydratées. L'action formule Indienne : répare, adoucit et assouplit, protège. || Appliquer quotidiennement le concentré sur les lèvres, directement à l'aide de l'embout biseauté. En cas de dessèchement intense, renouveler l'application plusieurs fois par jour. || 12 mois après ouverture. || 
617,14€ / L || 
4,32 € || 
Soin protecteur lèvres, anti-age || Le stick de 3,5g || Origine : FRANCE || soin expert lèvres. ACTION : - Le BEURRE DE KARITE forme un film protecteur adoucissant qui évite le dessèchement cutané et nourrit la muqueuse labiale. - L'ALLANTOINE régénère les lèvres abîmées par le froid et les UV. - LES FILTRES SOLAIRES et la VITAMINE E préviennent le vieillissement cutané. - LE PHYTANTRIOL hydrate les lèvres tout en améliorant leur douceur. RESULTATS : - Protection prolongée contre les agressions climatiques en toutes saisons. - Jeunesse, souplesse et douceur préservées. || Appliquer sur les lèvres en dépassant légèrement, plusieurs fois par jour. S'utilise également en base de maquillage incolore, sous le rouge à lèvres. || PARAFFINUM LIQUIDUM, ACETYLATEO LANOLIN ALCOHOL, CERA ALBA, HYDROGENATED, POLYIS0BUTENE, CERA MICROCRISTALLINA, HYDROGENATED, COCONUT OIL, POLYETHYLENE, SILICA, CANDELLILA CERA, STEARIC ACID, CETYL ALCOHOL, 4-METHYLBENZYLIDENE CAMPHOR, PARFUM, BUTYROSPERMUM PARKII, BUTYL METHOXYDIBENZOYLEMETHANE, TOCOPHERYL ACETATE, MICA, TITANIUM DIOXYDE, ALLANTOIN, PHYTANTRIOL,PROPYLPARABEN, Cl N77491, B. H. A. ALPHA-ISOMETHYLIONONE, BENZYL ALCOHOL CITRONELLOL, COUMARIN, GERANIOL, HEXYL CINNAMAL, HYDROXYISOHEXYL 3-CYCLOHEXENE, CARBOXALDERYDE, LIMONENE. || 12 mois après ouverture. || 
1140,00€ / Kg || 
3,99 € || 
Sticks lèvres réparateurs protecteur, lèvres desséchées et fragilisées, formule indienne || Le lot de 2 sticks de 3,5g || Origine : FRANCE || Sa texture fondante, vite absorbée, est agréable sur les lèvres desséchées. Immédiatement, elles sont plus douces et apaisées. L'action formule Indienne répare, adoucit et protège, apaise. || Appliquer sur les lèvres aussi souvent que nécessaire. || 12 mois après ouverture. || 
875,71€ / Kg || 
6,13 € || 
Sticks lèvres réparateurs protecteur, lèvres desséchées et fragilisées, formule indienne || Le stick  de 3,5g || Origine : FRANCE || 
1162,86€ / Kg || 
4,07 € || 
Duo, soin des lèvres, protection durable et action anti-dessèchement, huile de jojoba & beurre de karité || Les 2 tubes de 4,8g || Origine : ALLEMAGNE || Testé sous contrôle dermatologique.La formule hydratante de Labello Classic enrichie en huile précieuse de jojoba et en beurre de karité nourrit les lèvres et les protège efficacement du dessèchement pour qu'elles restent douces et souples pour longtemps. || Cera microcristallina, octyldodecanol, hydrogenated polydecene, cetyl palmitate, ricinus communis seed oil, myristyl myristate, VP / hexadecene copolymer, cetearyl alcohol, polyglyceryl-3 diisostearate, butyrospermum parkii butter, cocoglycerides, pentaerythrityl tetraisostearate, VP / eicosene copolymer, C20-40 alkyl stearate, cera carnauba, simmondsia chinensis oil, panthenol, vitis vinifera seed oil, glycerin, cera alba, aqua, limonene, linalool, benzyl benzoate, citral, parfum. Sans parabène. || 12 mois après ouverture || 
301,04€ / Kg || ##
Duo, soin des lèvres, protection durable et action anti-dessèchement, huile de jojoba & beurre de karité || Les 2 tubes de 4,8g || Origine : ALLEMAGNE || Testé sous contrôle dermatologique.La formule hydratante de Labello Classic enrichie en huile précieuse de jojoba et en beurre de karité nourrit les lèvres et les protège efficacement du dessèchement pour qu'elles restent douces et souples pour longtemps. || Cera microcristallina, octyldodecanol, hydrogenated polydecene, cetyl palmitate, ricinus communis seed oil, myristyl myristate, VP / hexadecene copolymer, cetearyl alcohol, polyglyceryl-3 diisostearate, butyrospermum parkii butter, cocoglycerides, pentaerythrityl tetraisostearate, VP / eicosene copolymer, C20-40 alkyl stearate, cera carnauba, simmondsia chinensis oil, panthenol, vitis vinifera seed oil, glycerin, cera alba, aqua, limonene, linalool, benzyl benzoate, citral, parfum. Sans parabène. || 12 mois après ouverture || 
301,04€ / Kg || ##
Pearly shine brillance nacrée et effet soyeux, extraits de perle & de soie, hydratation continue || Le stick de 4,8g || Origine : ALLEMAGNE || Vous souhaitez colorer vos lèvres d'un reflet nacré naturel et leur apporter un soin protecteur durable ? La formule innovante de Labello Pearly Shine, enrichie en extraits précieux de perle et de soie, allie une hydratation* durable à un subtil reflet nacré, pour des lèvres lisses et veloutées. Laisse vos lèvres irrésistiblement douces et soyeuses. Sublime naturellement vos lèvres grâce à ses reflets brillants nacrés. Garantit une protection efficace contre les rayons UVA et UVB (FPS 10). Testésous controle dermatologique. Labello embrasse mieux que personne.* Hydratation des        couches supérieures labiales.** Sources: IRI. || Polyisobutene, pentaerythrityl tetraisostearate, ricinus communis seed oil, butyrospermum parkii butter, hydrogenated polydecene, candelilla cera, octyldode-canol, mica, cera microcristallina, isopropyl palmitate, synthetic wax, ethylhexyl methoxycinnamate, polyglyceryl-3 diisostearate, butyl methoxydibenzoylmethane, prunus amygdalus dulcis oil, simmondsia chinensis oil, hydrolyzed pearl, serica, vitis vinifera seed oil, tocopheryl acetate, glycerin, neohesperidin dihydrochalcone, aqua, BHT, parfum, CI 77491, CI 77163, CI 77492, CI 45380, CI 77891. || A utiliser dans les 12 mois après ouverture. || 
677,08€ / Kg || 
3,25 € || 
Soin des lèvres, hydratation intense longue durée et texture légère, eau pure & huile de jojoba, FPS10 || Les 2 tubes de 4,8g || Origine : ALLEMAGNE || La formule innovante, enrichie en Eau pure et Aloe Vera aux propriétés hydratantes, stimule le processus naturel d'hydratation de vos lèvres, pour une sensation de légèreté et de douceur. || Octyldodecanol, caprylic/capric triglyceride, cera microcristallina, ricinus communis seed oil, cetyl palmitate, myristyl myristate, polyglyceryl-3 diisostearate, ethylhexyl methoxycinnamate, aqua, glycerin, cetearyl alcohol, cera carnauba, butyrospermum parkii butter, simmondsia chinensis oil, tocopheryl acetate, aloe barbadensis gel, vitis vinifera seed oil, butyl methoxydibenzoylmethane, cera alba, c20-40 alkyl stearate, benzyl alcohol, BHT, parfum. || 12 mois après ouverture. || 
488,54€ / Kg || 
4,69 € || 
Soin des lèvres, hydratation intense longue durée et texture légère, eau pure & huile de jojoba, FPS 10 || Le tube de 4,8g || Origine : ALLEMAGNE || Hydratation intense et durable. Absorption rapide grâce à sa texture ultra-légère. Texture non grasse pour des lèvres douces et soyeuses.La formule innovante de Labello Hydro Care, enrichie en Eau pure et Aloe Vera aux propriétés hydratantes, stimuledurablement le processus naturel d'hydratation de vos lèvres, pour une sensation de légèreté et de douceur. || Octyldodecanol, Caprylic / Capric Triglyceride, Cera Microcristallina, Ricinus Communis seed oil, Cetyl Palmitate, Myristyl Myristate, Polyglyceryl-3 Diisostearate, Ethylhexyl Methoxycinnamate, Aqua, Glycerin, Cetearyl Alcohol, Cera Carnauba, Butyrospermum Parkii Butter, Simmondsia Chinensis Oil, Tocopheryl Acetate, aloe barbadensis gel, Vitis Vinifera Seed Oil, Butyl Methoxydibenzoylmethane, cera alba, C20-40 Alkyl Stearate, Benzyl Alcohol, BHT, Parfum. || 12 mois après ouverture. || 
706,25€ / Kg || 
3,39 € || 
Soin des lèvres, lait et miel || Le tube de 4,8g || Origine : ALLEMAGNE || Inspirée par la nature, la formule innovante de Labello pure & natural est enrichie en extraits précieux de Lait et de Miel.Ce soin riche et crémeux nourrit intensément et soulage vos lèvres abîmées pour qu'elles retrouvent confort et souplesse. Voslèvres sont belles tout naturellement ! Enrichi en ingrédients naturels : beurre de karité certifié bio et huile de jojoba. || Octyldodecanol, cera microcristallina, hydrogenated polydecene, cetyl palmitate, ricinus communis oil, polyisobutene, pentaerythrityl tetraisostearate, polyglyceryl-3 diisostearate, myristyl myristate, c20-40 alkyl stearate, cetearyl alcohol, bis-diglyceryl polyacyladipate-2, butyrospermum parkii butter, cera carnauba, glycerin, simmondsia chinensis oil, tocopheryl acetate, cera alba, mel, sine adipe lac, vitis vinifera seed oil, aqua, maltodextrin, neohesperidin dihydrochalcone, bht, linalool,benzyl salicylate, parfum, Cl 77492. 100% sans conservateur, sans paraben. || 12 mois après ouverture. || 
718,75€ / Kg || 
3,45 € || 
Soin des lèvres, mélange subtil de soin et de couleur || Le tube de 5,5ml || Origine : FRANCE || Hydrate intensément vos lèvres grâce aux vitamines C & E et pro vitamine B5. Apporte une touche naturellement colorée et donne à vos lèvres un subtil parfum de cranberry et framboise. Garantit une protection efficace contre les rayons UVA et UVB (FPS10). || Polyisobutene, ricinus communis seed oil, octyldodecanol, pentaerythrityl tetraisostearate, hydrogenated polydecene, candelilla cera, butyrospermum parkii butter, cera microcristallina, isopropyl palmitate, synthetic wax, ethylhexyl methoxycinnamate,polyglyceryl-3 diisostearate, butyl methoxydibenzoylmethane, persea gratissima oil, prunus amygdalus dulcis oil, rubus idaeus juice, vaccinium macrocarpon fruit juice, panthenol, tocopherol, ascorbyl palmitate, lecithin, aqua, glycerin, neohesperidin dihydrochalcone, bht, glyceryl stearate, glyceryl oleate, citric acid, sodium benzoate, potassium sorbate, aroma, CI77891, CI15985, CI15850, CI45380. || 12 mois après ouverture. || 
641,67€ / Kg || 
3,08 € || 
Soin des lèvres, parfum et reflets fraise irrésistibles, extraits de fruits et pigments brillants, FPS 10 || Le tube de 4,8g || Origine : FRANCE || Donne à vos lèvres un délicieux parfum de fruit et les protège durablement. Sa brillance gloss subtilement colorée illumine naturellement vos lèvres.Garantit une protection efficace contre les rayons UVA et UVB (FPS 10). La formule innovante de Labello Fruity Shine Strawberry, enrichie en extraits de fruits et en pigments brillants, allie une hydratation durable à un délicieux parfum de fraise, pour des lèvres irrésistiblement douces et ultra-sensuelles. || Polyisobutene, octyldodecanol, ricinus communis oil, pentaerythrityl tetraisostearate, hydrogenated polydecene, candelilla cera, myristyl myristate, butyrospermum parkii butter, cera microcristallina, isopropyl palmitate, synthetic wax, ethylhexyl methoxycinnamate, polyglyceryl-3 diisostearate, butyl methoxydibenzoylmethane, prunus amygdalus dulcis oil, simmondsia chinensis oil, mangifera indica fruit juice, citrus aurantifolia fruit juice, tocopheryl acetate, vitis vinifera seed oil, bisabolol,glycerin, propylene glycol, mica, aqua, neohesperidin dihydrochalcone, BHT, citric acid, trideceth-9, benzyl benzoate, potassium sorbate, benzyl alcohol, benzyl benzoate, parfum, Cl45380, Cl15985, Cl77891, Cl15850. || 12 mois après ouverture. || 
516,67€ / Kg || 
2,48 € || 
Soin des lèvres, Protect + || Les 2 tubes || Origine : ALLEMAGNE || 
456,25€ / Kg || 
4,38 € || 
Soin des lèvres, protection durable et action anti-dessèchement, huile de jojoba & beurre de karité || Le tube de 4,8g || Origine : FRANCE || Il offre à vos lèvres un soin durable et intense, protège efficacement vos lèvres du dessèchement quelle que soit la saison. || Cera microcristallina, octyldodecanol, hydrogenated polydecene, cetyl palmitate, ricinus communis seed oil, myristyl myristate, VP / hexadecene copolymer, cetearyl alcohol, polyglyceryl-3 diisostearate, butyrospermum parkii butter, cocoglycerides, pentaerythrityl tetraisostearate, VP / eicosene copolymer, C20-40 alkyl stearate, cera carnauba, simmondsia chinensis oil, panthenol, vitis vinifera seed oil, glycerin, cera alba, aqua, limonene, linalool, benzyl benzoate, citral, parfum. Sans parabène. || A conserver 12 mois après ouverture. || 
504,17€ / Kg || 
2,42 € || 
Soin des lèvres, protection durable et hydratation intense. || Les 2 tubes de 4,8g || Origine : ALLEMAGNE || Labello Classic, enrichi en huile précieuse de Jojoba et en beurre de Karité, prend soin de vos lèvres et les protège efficacement du dessèchement. Labello Hydro Care, enrichi en Eau Pure et Aloe Vera aux propriétés hydratantes, stimule durablement le processus naturel d'hydratation de vos lèvres. || Classic Care : cera microcristallina, octyldodecanol, hydrogenated polydecene, cetyl palmitate, ricinus communis, myristyl myristate, VP/hexadecene copolymer, cetearyl alcohol, polyglyceryl-3 diisostearate, butyrospermum parkii, cocoglycerides, pentaerythrityl tetraisostearate, VP/eicosene copolymer, C20-40 alkyl stearate, cera carnauba, simmondsia chinensis, panthenol, vitis vinifera, glycerin, cera alba, aqua, limonene, linalool, benzyl benzoate, citral, parfum. Hydro Care : octyldodecanol, caprylic/capric triglyceride, cera microcristallina, ricinus communis seed oil, cetyl palmitate, myristyl myristate, polyglyceryl-3 diisostearate, ethylhexyl methoxycinnamate, aqua, glycerin, cetearyl alcohol, cera carnauba, butyrospermum parkii butter, simmondsia chinensis oil, tocopheryl acetate, aloe barbadensis gel, vitis vinifera seed oil, butyl methoxydibenzoylmethane, cera alba, C20-40 alkyl stearate, benzyl alcohol, bht, parfum. || 12 mois après ouverture. || 
460,42€ / Kg || 
4,42 € || 
Stick Lèvres Fruity Shine || Un tube de 4,8g || Origine : FRANCE || Vous souhaitez parfumer vos lèvres et leur apporter un soin douceur ultra-hydratant*? La formule innovante de labello fruity shine cerise, enrichie en extraits de fruits et en pigments brillants, allie une hydratation durable à un délicieux parfum pour des lèvres irrésistiblement douces et ultra-sensuelles. Donne à vos lèvres un délicieux parfum de fruit et les protège durablement ; Sa brillance gloss subtilement colorée illumine naturellement vos lèvres. Garantit une protection efficace contreles rayons UVA et UVB (FPS 10). Testé sous contrôle dermatologique. Labello - ? 1 sur marché des lèvres.** Labello embrasse mieux que personne ! * Hydratation des couches supérieures labiales. || yl methoxycinnamate, polyglyceryl-3 diisostearate, butyl methoxydibenzoylmethane, prunus amygdalus dulcis oil, simmondsia chinensis oil, mangifera indica fruit juice, citrus aurantifolia fruit juice, tocopheryl acetate, vitis vinifera seed oil, bisabolol, glycerin, mica, propylene glycol, aqua, neohesperidin dihydrochalcone, BHT, silica, citric acid, trideceth-9, limonene, eugenol, linalool, benzyl salicylate, geraniol, parfum, CI 77891, CI 15850, CI 45380, CI 15985, CI 77499. || 12 mois après ouverture. || 
520,83€ / Kg || 
2,50 € || 
Baume lèvres réparateur, Lèvres abîmées, desséchées, au karité, aloés et cire d'abeille || Le stick de 4,9g || Origine : FRANCE || Le Baume Lèvres Réparateur Le Petit Marseillais pénètre rapidement et apaise immédiatement les tiraillements. Il dépose sur les lèvres desséchées un film protecteur, les nourrit intensément.Pour prendre soin des lèvres desséchées et abîmées, Le PetitMarseillais a associé trois ingrédients du Sud : le beurre de karité, pour ses bienfaits nourrissants, l'Aloès, aux propriétés apaisantes, et la Cire d'abeille, aux vertus protectrices. || Hydrogenated polyisobutene, vp/hexadecene copolymer, synthetic wax, polyglyceryl-3 diisostearate, caprylic/capric triglycéride, butyrospermum parkii, disteardimonium hectorite, stearyl dimethicone, aloe barbadensis leaf juice, cera alba, glycerin, alcohol, aqua, hydrated silica, maltodextrin, saccharin, tocopherol, parfum. || 36 mois après ouverture. || 
522,45€ / L || 
2,56 € || 
Soin des lèvres nourrissant, lèvres desséchées, karité, amande douce, huile d'argan || Le blister de 4,9g || Origine : FRANCE || Pour prendre soin des lèvres desséchées, Le Petit Marseillais  a associé trois ingrédients du Sud : le beurre de karité, l'huile d'argan et l'amande douce.Le soin des lèvres Le Petit Marseillais pénètre rapidement et soulage immédiatement les lèvresdesséchées. Il hydrate et protège les lèvres des agressions climatiques (vent, froid, mer) et procure une sensation immédiate de confort. || Hydrogenated polyisobutene, hydrogenated polydecene, synthetic wax, polyglyceryl-3 diisostearate, caprylic/capric triglyceride, ethylhexyl methoxycinnamate, disteardimonium hectorite, tocopheryl acetate, butyl methoxydibenzoylmethane, butyrospermum parkii butter, argania spinosa oil, prunus amygdalus dulcis oil, titanium dioxide, alcohol, aqua, hydrated silica, bht, parfum, benzyl alcohol, benzyl salicylate, linalool. || 36 mois après ouverture. || 
508,16€ / Kg || 
2,49 € || 
Soin lèvres nourrissant, lèvres désséchées, karité, amande douce et huile d'argan || Les 2 sticks, 4,9g || Origine : FRANCE || Découvrez les secrets de beauté des femmes méditerranéennes. Pour prendre soin des lèvres désséchées, Le Petit Marseillais a associé trois ingrédients du sud : le beurre de karité, pour ses bienfaits hydratants* et nourrissants, l'huile d'argan, auxpropriétés adoucissantes, et l'amande douce, aux vertus assouplissantes. *hydratation des couches supèrieures de l'épiderme. || Le soin des lèvres Le Petit Marseillais pénètre rapidement et soulage immédiatement les lèvres désséchées. Il hydrate* et protège les lèvres des agressions climatiques (vent, froid, mer), et procure une sensation immédiate de confort. Et pourquoi pas... appliquer votre soin des lèvres avant de dormir pour des lèvres confortables dès le réveil? *Hydratation des couches supérieures de l'épiderme. || Hydrogenated polyisobutene, hydrogenated polydecene, synthetic wax, polyglyceryl-3 diisostearate, caprylic/capric triglyceride, ethylhexyl methoxycinnamate, disteardimonium hectorite, tocopheryl acetate, butyl methoxydibenzoylmethane, butyrospermum parkii, argania spinosa kernel oil, prunus amygdalus dulcis oil, titanium dioxide, alcohol, aqua, hydrated silica, tocopherol, BHT, parfum, benzy l alcohol, benzyl salicylate, linalool. || 36 mois après ouverture. || 
451,02€ / Kg || ##
Soin lèvres nourrissant, lèvres désséchées, karité, amande douce et huile d'argan || Les 2 sticks, 4,9g || Origine : FRANCE || Découvrez les secrets de beauté des femmes méditerranéennes. Pour prendre soin des lèvres désséchées, Le Petit Marseillais a associé trois ingrédients du sud : le beurre de karité, pour ses bienfaits hydratants* et nourrissants, l'huile d'argan, auxpropriétés adoucissantes, et l'amande douce, aux vertus assouplissantes. *hydratation des couches supèrieures de l'épiderme. || Le soin des lèvres Le Petit Marseillais pénètre rapidement et soulage immédiatement les lèvres désséchées. Il hydrate* et protège les lèvres des agressions climatiques (vent, froid, mer), et procure une sensation immédiate de confort. Et pourquoi pas... appliquer votre soin des lèvres avant de dormir pour des lèvres confortables dès le réveil? *Hydratation des couches supérieures de l'épiderme. || Hydrogenated polyisobutene, hydrogenated polydecene, synthetic wax, polyglyceryl-3 diisostearate, caprylic/capric triglyceride, ethylhexyl methoxycinnamate, disteardimonium hectorite, tocopheryl acetate, butyl methoxydibenzoylmethane, butyrospermum parkii, argania spinosa kernel oil, prunus amygdalus dulcis oil, titanium dioxide, alcohol, aqua, hydrated silica, tocopherol, BHT, parfum, benzy l alcohol, benzyl salicylate, linalool. || 36 mois après ouverture. || 
451,02€ / Kg || ##
Baume à lèvres à l'huile d'argan anti-âge || Le blister de 4g || Origine : FRANCE || Spécialement formulé pour une application facile et agréable, le Baume à lèvres est un véritable concentré d'ingrédients d'origine naturelle offrant à vos lèvres protection, confort et douceur.Ce nectar précieux et rare de couleur miel est riche en Oméga-6, en Oméga-9, et en vitamine E, recommandés pour aider à lutter contre les signes de vieillissement de la peau. || Ne pas avaler. || Caprylic/capric triglyceride, ricinus communis (castor) seed oil, cera alba/beeswax, hydrogenated palm kernel glycerides, butyrospermum parkii (shea) butter*, macadamia ternifolia seed oil*, argania spinosa kernel oil*, copernicia cerifera cera/copernicia cerifera (carnauba) wax*, hydrogenated castor oil, apricot kernel oil, polyglyceryl-4 esters, apricot kernel oil, polyglyceryl-3 esters, parfum/fragrance, hydrogenated palm glycerides, apricot kernel oil, polyglyceryl-5 esters, apricot kernel oil, polyglyceryl-6 esters, tocopheryl acetate, linalool, geraniol, limonene. *Ingrédients issus de l'Agriculture Biologique. 100% du total des ingrédients sont d'origine naturelle. 22% du total des ingrédients sont issus de l'agriculture biologique.Sans paraben, sans phénoxyéthanol, sans silicone, sans parfum de synthèse, sans matière première issue d'OGM. Le Petit Olivier est contre les tests sur les animaux. || Conserver à l'abri de la chaleur et de la lumière. 9 mois après ouverture. || 
1027,50€ / Kg || 
4,11 € || 
Baume à lèvres à l'huile d'argan anti-âge || Le blister de 4g || Origine : FRANCE || Spécialement formulé pour une application facile et agréable, le Baume à lèvres est un véritable concentré d'ingrédients d'origine naturelle offrant à vos lèvres protection, confort et douceur.Ce nectar précieux et rare de couleur miel est riche en Oméga-6, en Oméga-9, et en vitamine E, recommandés pour aider à lutter contre les signes de vieillissement de la peau. || Ne pas avaler. || Caprylic/capric triglyceride, ricinus communis (castor) seed oil, cera alba/beeswax, hydrogenated palm kernel glycerides, butyrospermum parkii (shea) butter*, macadamia ternifolia seed oil*, argania spinosa kernel oil*, copernicia cerifera cera/copernicia cerifera (carnauba) wax*, hydrogenated castor oil, apricot kernel oil, polyglyceryl-4 esters, apricot kernel oil, polyglyceryl-3 esters, parfum/fragrance, hydrogenated palm glycerides, apricot kernel oil, polyglyceryl-5 esters, apricot kernel oil, polyglyceryl-6 esters, tocopheryl acetate, linalool, geraniol, limonene. *Ingrédients issus de l'Agriculture Biologique. 100% du total des ingrédients sont d'origine naturelle. 22% du total des ingrédients sont issus de l'agriculture biologique.Sans paraben, sans phénoxyéthanol, sans silicone, sans parfum de synthèse, sans matière première issue d'OGM. Le Petit Olivier est contre les tests sur les animaux. || Conserver à l'abri de la chaleur et de la lumière. 9 mois après ouverture. || 
1027,50€ / Kg || 
4,11 € || 
Baume lèvre, ultra nourrissant, à l'huile d'olive. || Le baume lèvre de 4g || Origine : FRANCE || Avec la gamme Le Petit Olivier à l'huile d'olive, retrouvez les bienfaits de cet ingrédient naturel aux vertus hydratantes et régénérantes. Cet 'or vert' naturellement riche en vitamine E, est reconnu pour protéger efficacement contre les agressionsquotidiennes. || 6 mois après ouverture. || 
1017,50€ / Kg || 
4,07 € || 
Soin de lèvres antidéssèchement, efficacité longue durée || Le lot de 2 sticks || Origine : FRANCE || Le soin des lèvres antidessèchement Mixa Intensif Peaux Sèches a été spécialement conçu pour soulager, nourrir et protéger les lèvres desséchées ou gercées.Effet réparateur longue durée : formulé sous contrôle médical, ce stick associe de l'allantoïne et du beurre de karité pour réparer, apaiser et nourrir intensément les lèvres, de la vitamine E et un filtre UV pour protéger efficacement vos lèvres et prévenir le vieillissement cutané. Résultat : rapidement soulagées, durablement réparées et protégées, les lèvres desséchées ou gercées retrouvent leur douceur et leur souplesse naturelles. || 
452,13€ / L || 
4,25 € || 
Soin de lèvres antidéssèchement, efficacité longue durée || Le stick de 4,7ml || Origine : FRANCE || Le soin des lèvres Anti dessèchement Mixa Intensif Peaux Sèches a été spécialement conçu pour soulager, nourrir et protéger les lèvres desséchées ou gercées.Effet réparateur longue durée. Formulé sous contrôle médical, ce stick associe : de l'allantoïne et du beurre de karité pour réparer, apaiser et nourrir intensément les lèvres, de la vitamine E et un filtre UV pour protéger efficacement vos lèvres et prévenir le vieillissement cutané. Résultat : rapidement soulagées, durablement réparées etprotégées, les lèvres desséchées ou gercées retrouvent leur douceur et leur souplesse naturelles. Une efficacité prouvée. || Cera microcristallina/ microcrystalline wax polybutene hydrogenated polyisobutene, ricinus communis/ castor seed oil, myristyl myristate, octyldodecanol, peg-5 pentaerythrityl ether, ppg-5 pentaerythrityl ether polyglyceryl-3 beeswax, butyrospermum parkii/ shea butter, ozokerite cetyl palmitate, glycine soja/ soybean sterols, allantoin, ascorbyl palmitate, citronellol, ethylhexyl methoxycinnamate, linalool, tocopheryl acetate, parfum/ fragrance, CI 77891/ titanium dioxide (F.I.L. 812113/1). || 
497,87€ / L || 
2,34 € || 
Soin des lèvres reconstituant surgras, 45% huiles+cires nutritives, sécheresse sévère. || Le tube de 4,7ml || Origine : FRANCE || 
589,36€ / Kg || 
2,77 € || 
Soin des lèvres réparateur, lèvres gercées et abîmées, effet réparateur intense || Le blister de 4,7ml || Origine : FRANCE || Le Soin des Lèvres Réparateur MIXA a été spécialement conçu pour apaiser, nourrir et réparer les lèvres abîmées ou gercées. UNE ACTION GLOBALE SUR LES LÈVRES. Formulé sous contrôle médical, ce stick associe : de l'allantoïne, connue pour son pouvoirréparateur, une formule aux huiles végétales, riches en acides gras essentiels, pour soulager immédiatement les lèvres abîmées et les nourrir intensément, de la vitamine E aux propriétés protectrices. Vous sentez vos lèvres immédiatement apaisées, réparées et protégées. || RMUM PARKII / SHEA BUTTER, OZOKERITE, CETYL PALMITATE, GLYCINE SOJA / SOYBEAN STEROLS, ALLANTOIN, ASCORBYL PALMITATE, CERA ALBA / BEESWAX, CITRONELLOL, CORIANDRUM SATIVUM / CORIANDER FRUIT OIL, ECHIUM LYCOPSIS / ECHIUM LYCOPSIS FRUIT OIL, ETHYLHEXYLMETHOXYCINNAMATE, LINALOOL, PRUNUS ARMENIACA / APRICOT KERNEL OIL, RIBES NIGRUM / BLACK CURRANT SEED OIL, TOCOPHERYL ACETATE, PARFUM / FRAGRANTE, CI 77891 / TITANIUM DIOXIDE (F.I.L. B12319/1) || 
540,43€ / L || 
2,54 € || 
Baume à lèvres cube coco || Le blister || Origine : CHINE || Appliquez sur les lèvres. || Polybutene, paraffinum liquidum, petrolatum, ozokerite, synthetic wax, ethylhexyl palmitate, paraffin, ethylhexyl methoxycinnamate, cera carnauba, butyl methoxydibenzoylmethane, benzophénone-3, butyrospermum parkii butter, hydrogenated jojoba oil, aroma, diethylamino hydroxybenzoyl hexyl benzoate, tocopheryl acétate, phenoxyethanol, methylparaben, propylparaben, benzyl benzoate, cl 77891. || 12 mois après ouverture. || 
734,29€ / L || 
5,14 € || 
Baume à lèvres cube framboise || Le blister || Origine : CHINE || Appliquez sur les lèvres. || Polybutene, paraffinum liquidum, petrolatum, ozokerite, synthetic wax, ethylhexyl palmitate, paraffin, ethylhexyl methoxycinnamate, cera carnauba, butyl methoxydibenzoylmethane, benzophénone-3, butyrospermum parkii butter, hydrogenated jojoba oil, aroma, diethylamino hydroxybenzoyl hexyl benzoate, tocopheryl acétate, phenoxyethanol, methylparaben, propylparaben, cl77891. || 12 mois après ouverture. || 
734,29€ / L || 
5,14 € || 
Baume à lèvres teinté naturel rose, 100% pure et natural. || Le tube de 12,5ml || Origine : ROYAUME UNI || 100% pure, 100% Natural. || Ricinus communis (castor) seed oil, hydrogenated castor oil, cera alba (beeswax), cetearyl alcohol, copernica cerifera (carnauba) cera, butyrospermum parkii (shea) butter, parfum, lauryl laurate, limonene, olea europaea (olive) fruit oil, geraniol, euphoria cerifera (candelilla) cera, hydrogenated soybean oil, glyceryl stearate, benzyl alcohol, CI15850, CI77891. || 9 mois après ouverture. || 
486,40€ / L || 
6,08 € || 
Brosse à dents de voyage, pliable, médium || La brosse à dents || Origine : CHINE POPULAIRE || Brossage efficace, manche ergonomique. Pratique : brosse à dents pliable. || Brossez vous les dents après chaque repas. Renouveler votre brosse à dents tous les 3 mois. Consultez votre chirurgien dentiste au moins deux fois par an. || 
1,82€ / Pce || 
1,82 € || 
Brosse à dents medium, manche ergonomique, tête profilée, appui pouce || Les 4 brosses à dents || Origine : CHINE POPULAIRE || Les Brosses à Dents Monoprix ont été spécialement conçues pour vous permettre une qualité de brossage optimum avec un grand confort. Une tête profilée qui permet d'atteindre facilement les zones les moins accessibles pour un brossage optimal. Des fibres aux extrémités arrondies pour un brossage des dents et des gencives tout en douceur. Un manche ergonomique pour une bonne prise en main et un brossage précis. || Pour une bonne hygiène bucco-dentaire : brossez-vous les dents après chaque repas. Renouvelez votre brosse a dent tous les 3 mois. Consultez votre chirurgien dentiste au moins deux fois par an. || 
0,43€ / Pce || 
1,71 € || 
Brosse à dents soin blancheur médium || Le blister d'une brosse à dents || Origine : FRANCE || La brosse à dents Soin Blancheur Monoprix a été spécialement conçue pour vous aider à avoir les dents plus blanches et éclatantes. L'action des filaments blancheur combinée aux lamelles polissantes contribue à l'élimination de la plaque dentaire et des taches superficielles tout en respectant l'émail de vos dents. Sa tête profilée permet de nettoyer avec précision les espaces dentaires les moins accessibles et son gratte langue vous offre une hygiène complète de la bouche grâce à son action surla langue et à l'intérieur des joues. Son manche, ergonomique et antidérapant, permet un brossage de précision. || Pour une bonne hygiène bucco-dentaire : rincez la tête de la brosse à dents avant la 1ère utilisation. Brossez-vous les dents après chaque repas. Renouvelez votre brosse à dents tous les 3 mois. Consultez votre chirurgien-dentiste au moins deux foispar an. || 
2,26€ / Pce || 
2,26 € || 
Brosse à dents soin blancheur souple || Le blister d'une brosse à dents || Origine : FRANCE || La brosse à dents Soin Blancheur Monoprix a été spécialement conçue pour vous aider à avoir les dents plus blanches et éclatantes. L'action des filaments blancheur combinée aux lamelles polissantes contribue à l'élimination de la plaque dentaire et des taches superficielles tout en respectant l'émail de vos dents. Sa tête profilée permet de nettoyer avec précision les espaces dentaires les moins accessibles et son gratte langue vous offre une hygiène complète de la bouche grâce à son action surla langue et à l'intérieur des joues. Son manche, ergonomique et antidérapant, permet un brossage de précision. || Pour une bonne hygiène bucco-dentaire : rincez la tête de la brosse à dents avant la 1ère utilisation. Brossez-vous les dents après chaque repas. Renouvelez votre brosse à dents tous les 3 mois. Consultez votre chirurgien-dentiste au moins deux foispar an. || 
2,26€ / Pce || 
2,26 € || 
Brosse à dents soin classique médium || Le blister par 2 brosse à dents || Origine : FRANCE || La brosse à dents Soin Classique Monoprix a été spécialement conçue pour un nettoyage efficace, grâce à ses filaments aux extrémités arrondies et de différentes longueurs. Sa tête profilée permet d'accéder aux dents du fond et son gratte langue vousoffre une hygiène complète de la bouche grâce à son action sur la langue et à l'intérieur des joues. Son manche, ergonomique et antidérapant, permet un brossage de précision. || Pour une bonne hygiène bucco-dentaire : rincez la brosse à dents avant la 1ère utilisation. Brossez-vous les dents après chaque repas. Renouvelez votre brosse à dents tous les 3 mois. Consultez votre chirurgien-dentiste au moins deux fois par an. || 
1,03€ / Pce || 
2,05 € || 
Brosse à dents soin interdentaire souple || Le blister d'une brosse à dents || Origine : FRANCE || La brosse à dents Interdentaire Monoprix a été spécialement conçue pour un nettoyage complet de la bouche. Ses poils de différentes longueurs implantés en éventail, combinés aux lamelles extra souples, permettent un nettoyage en profondeur entre lesdents. Sa tête profilée permet de nettoyer avec précision les espaces interdentaires les moins accessibles. Son gratte langue vous offre une hygiène complète de la bouche grâce à son action sur la langue et à l'intérieur des joues. Son manche ergonomique et antidérapant, permet un brossage de précision. || Pour une bonne hygiène bucco-dentaire : rincez la brosse à dents avant la 1ère utilisation. Brossez-vous les dents après chaque repas. Renouvelez votre brosse à dents tous les 3 mois. Consultez votre chirurgien-dentiste au moins deux fois par an. || 
1,91€ / Pce || 
1,91 € || 
Brosses à dents, souple || Les 4 brosses à dents || Origine : CHINE POPULAIRE || Les Brosses à Dents Monoprix ont été spécialement conçues pour vous permettre une qualité de brossage optimum avec un grand confort.Une tête profilée qui permet d'atteindre facilement les zones les moins accessibles pour un brossage optimal. Des fibres aux extrémités arrondies pour un brossage des dents et des gencives tout en douceur. Un manche ergonomique pour une bonne prise en main et un brossage précis. || Pour une bonne hygiène bucco-dentaire : brossez-vous les dents après chaque repas, renouvelez votre brosse à dent tous les 3 mois, consultez votre chirurgien dentiste au moins deux fois par an. || 
0,43€ / Pce || 
1,71 € || 
Brosse à dents, dure, flex protect || L'unité || Origine : FRANCE || Aquafresh3 a développé la brosse à dents Flex Protect. Ses poils aux extrémités arrondies respectent les gencives et l'émail de vos dents pour un nettoyage efficace tout en douceur. || Remplacer votre brosse à dents tous les 3 mois. Consulter votre dentiste une à deux fois par an. Forcer de façon excessive sur la flexibilité du manche peut le casser. || 
2,36€ / Pce || 
2,36 € || 
Brosse à dents hd white medium || le blister d'une brosse à dents || Origine : ALLEMAGNE || La nouvelle brosse à dents Aquafresh High Definition White contient 30% de filaments en plus qu'une brosse à dents standard. Au centre du système polissant Illumibristles, trois brossettes commencent à enlever les taches et à polir la surface de vosdents dès le premier brossage. || Il est recommandé de consulter régulièrement votre dentiste et de remplacer votre brosse à dents tous les 3 mois. Attention : forcer de façon excessive sur la flexibilité du manche peut le casser. || 
3,59€ / Pce || 
3,59 € || 
Brosse à dents medium || La brosse à dents || Origine : FRANCE || Aquafres3 a développé la brosse à dents Flex Protect. Ses poils aux extrémités arrondies respectent les gencives et l'émail de vos dents pour un nettoyage efficace tout en douceur. || Remplacer votre brosse à dents tous les 3 mois, consulter votre dentiste 1 à 2 fois par an. || 
2,36€ / Pce || 
2,36 € || 
Brosse à dents medium inter espaces, inspiré du fil dentaire || L'unité || Origine : FRANCE || Inter Espaces : inspiré du fil dentaire, 50% d'accessibilité en plus entre les dents.Des filaments interdentaires : une technologie qui alterne fils classiques et filaments extrafins conçus pour agir en profondeur entre les dents, même dans les espaces les plus étroits. || Remplacer votre brosse à dents tous les 3 mois. || 
2,77€ / Pce || 
2,77 € || 
Brosse à dents souple || La brosse à dents || Origine : FRANCE || La brosse à dents Flex Protect bénéficie de la technologie Flex 3 d'aquafresh3, vous apportant à chaque brossage.De la douceur : elle protège les gencives de toute pression excessive, de la maniabilité : elle aide à atteindre toutes les zones de la bouche, de la précision : elle s'adapte au contour des dents pour un nettoyage précis. || Forcer de façon excessive sur la flexibilité du manche peut la casser. || 
2,36€ / Pce || 
2,36 € || 
Brosse à dents souple inter espaces, inspiré du fil dentaire || Le blister || Origine : FRANCE || La brosse à dents inter espaces bénéficie de la technologie Flex3 d'Aquafresh3, vous apportant à chaque brossage : de la douceur, de la maniabilité, de la précision.Aquafresh3 a développé la brosse à dents inter espaces. Sa technologie qui alterne fils classiques et filament extrafins conçus pour agir même dans les espaces les plus étroits permet 50% d'accessibilité en plus entre les dents qu'une brosse à dents classique. || Remplacer votre brosse à dents tous les 3 mois. Forcer de façon excessive sur la flexibilité du manche peut le casser. || 
2,77€ / Pce || 
2,77 € || 
Brosses à dents, Medium || Le pack de 4 brosses à dents || Origine : ALLEMAGNE || La brosse à dents pack familial bénéficie de la technologie flex 3 d'Aquafresh 3, vous apportant à chaque brossage : de la douceur : elle protège les gencives de toute pression excessive.De la maniabilité : elle aide à atteindre toutes les zones de la bouche, de la précision : elle s'adapte au contour des dents pour un nettoyage précis. || Quelques conseils pour bien se brosser les dents : brosser de la gencive vers la dent en effectuant un mouvement rotatif sur chaque dent et en inclinant votre brossage à 45° sur la gencive. Aquafresh 3 conseille de consulter votre dentiste 1 à 2 foispar an et de remplacer votre brosse à dents tous les 3 mois. Forcer de façon excessive sur la flexibilité du manche peut le casser. || 
0,85€ / Pce || 
3,39 € || 
360°, brosse à dents pour un nettoyage complet de la bouche, medium || L'unité || Origine : FRANCE || 
3,55€ / Pce || 
3,55 € || 
360°, brosse à dents pour un nettoyage complet de la bouche, souple || L'unité || Origine : FRANCE || 
3,55€ / Pce || 
3,55 € || 
Brosse à dente Twister, medium || L'unité || Origine : FRANCE || Grâce à l'implantation unique de ses poils, Colgate Twister permet un nettoyage interdentaire et le long du sillon gingival. Brosse-langue Colgate Twister. || 
1,74€ / Pce || 
1,74 € || 
Brosse à dents, défi zéro caries, souple || Le blister d'une brosse à dents || Origine : FRANCE || 
2,73€ / Pce || 
2,73 € || 
Brosse à dents interdentaire medium || Le blister d'une brosse à dents || Origine : FRANCE || Les poils effilés ont une pointe plus fine que les poils normaux cylindriques. || Les dentistes recommandent de changer de brosse à dents tous les 3 mois. || 
4,52€ / Pce || 
4,52 € || 
Brosse à dents medium || La brosse à dents || Origine : FRANCE || Des poils entrecroisés pour un nettoyage interdentaire  en profondeur. Maintenant avec un brosse-langue doux qui enlève en douceur les bactéries responsables de la mauvaise haleine.Manche flexible pour plus de confort lors du brossage et le respect de vos gencives. || Les professionnels de la santé dentaire recommandent de changer de brosse à dents tous les 3 mois ou quand elle est usée. || 
2,25€ / Pce || 
2,25 € || 
Brosse à dents médium, Triple action || Les 2 brosses à dents || Origine : FRANCE || 
68,33€ / L || 
2,05 € || 
Brosse à dents souple || La brosse à dents || Origine : FRANCE || Des poils entrecroisés pour un nettoyage interdentaire  en profondeur. Maintenant avec un brosse-langue doux qui enlève en douceur les bactéries responsables de la mauvaise haleine.Manche flexible pour plus de confort lors du brossage et le respect de vos gencives. || Les professionnels de la santé dentaire recommandent de changer de brosse à dents  tous les 3 mois ou quand elle est usée. || 
2,36€ / Pce || 
2,36 € || 
Brosse à dents souple acces facile + echantillon gratuit 15ml || Le blister || Origine : FRANCE || 
3,24€ / Pce || 
3,24 € || 
Brosses à dente Slim Soft || Le duopack, 1 + 1 gratuit || Origine : FRANCE || 
1,59€ / Pce || 
3,18 € || 
Brosses à dents medium || Les 4 brosses à dents || Origine : FRANCE || Avec brosse-langue pour éliminer les bactéries responsables de la mauvaise haleine. || Changez votre brosse à dents tous les 3 mois. || 
0,79€ / Pce || 
3,14 € || 
Brosses à dents souple || Les 4 brosses à dents || Origine : FRANCE || Avec brosse langue pour éliminer les bactéries responsables de la mauvaise haleine. || 
0,80€ / Pce || 
3,18 € || 
brossse à dents slimsoft active,souple || Le blister d'une brosse à dents || Origine : FRANCE || La pointe des poils 17x plus fine permet d'atteindre et de retirer les particules alimentaires se trouvant dans les espaces interdentaires. || Les dentistes recommandent de changer de brosse à dents tous les 3 mois. || 
3,18€ / Pce || 
3,18 € || 
Brosse à dents Sensitive, Medium || L'unité || Origine : FRANCE || Avec des brins arrondis pour nettoyer en douceur les collets dentaires dénudés et les dents sensibles. Des brins arrondis pour une nettoyage complet en douceur. Brins en X plus longs pour nettoyer jusque dans les espaces interdentaires. Tête de brosse enrobée d'une matière souple. Manche ergonomique. || 
3,97€ / Pce || 
3,97 € || 
Brosse à dents sensitive, souple || La brosse à dents || Origine : FRANCE || 
3,76€ / Pce || 
3,76 € || 
Brosse à dents Flexible || Le blister d'une brosse || Origine : FRANCE || 
4,55€ / Pce || 
4,55 € || 
Brosse à dents multiprotection, medium || Le blister d'une brosse à dents || Origine : FRANCE || 
4,11€ / Pce || 
4,11 € || 
Brosse à dents pro-flex, medium || Le blister d'une brosse à dents || Origine : FRANCE || 
3,52€ / Pce || 
3,52 € || 
Brosse à dents souple, clean et sensitive || L'unité || Origine : CHINE || Une combinaison de poils normaux et super fins pour être durs avec la plaque dentaire mais doux avec les gencives. Son rafraîchisseur de langue vous aide à conserver une haleine fraîche. || Les dentistes recommandent de changer de brosse à dents tous les 3 mois. || 
3,55€ / Pce || 
3,55 € || 
Brosse a dents interdentaire medium || Blister || Origine : ITALIE || Un nettoyage de précision même dans les espaces les plus étroits. Filaments interdentaires extra-fins pour retirer la plaque et les impuretés entre les dents. Poils blancs pour un nettoyage efficace et en douceur de la surface de la dent. Gratte langue : nettoie la langue et les parois internes des joues. || Brossez vous les dents au moins 2 fois par jour. Changez de brosse à dents tous les 2 mois. || 
3,59€ / Pce || 
3,59 € || 
Brosse a dents interdentaire souple || Blister || Origine : ITALIE || Un nettoyage de précision même dans les espaces les plus étroits. Filaments interdentaires extra-fins pour retirer la plaque et les impuretés entre les dents. Poils blancs pour un nettoyage efficace et en douceur de la surface de la dent. Gratte langue : nettoie la langue et les parois internes des joues. || Brossez vous les dents au moins 2 fois par jour. Changez de brosse à dents tous les 2 mois. || 
3,59€ / Pce || 
3,59 € || 
Brosse à dents souple, soin gencives || Le blister || Origine : FRANCE || Un brossage efficace contre la plaque, doux avec vos gencives. Des dents et des gencives mieux nettoyées et en meilleure santé. Un nettoyage en douceur pour prévenir les irritations. || Brossez-vous les dents au moins 2 fois par jour. Changez de brosse à dents tous les 2 mois. || 
3,83€ / Pce || 
3,83 € || 
Brosse à dent douceur souple, dents sensibles || Le blister d'une brossse à dents || Origine : ROYAUME UNI || La brosse à dents Douceur Dents Sensibles a été spécialement conçue pour un nettoyage quotidien des dents sensibles : ses filaments souples et fins nettoient en douceur. Sa petite tête entourée de gomme protège contre les chocs lors du brossage. Sonmanche ergonomique permet une bonne prise en main pour un brossage contrôlé. || 
3,66€ / Pce || 
3,66 € || 
Brosse à dents, extra-souple, douceur dents sensibles || L'unité || Origine : ROYAUME UNI || La brosse à dents Douceur Dents Sensibles de Sensodyne a été spécialement conçue pour un nettoyage quotidien des dents sensibles: ses filaments souples et fins nettoient en douceur.Sa petite tête entourée de gomme protège contre les chocs lors du brossage. Son manche ergonomique permet une bonne prise en main pour un brossage contrôlé. || 
3,66€ / Pce || 
3,66 € || 
Brosse à dents extra souple, précision dents sensibles || L'unité || Origine : FRANCE || La brosse à dents Sensodyne a été spécifiquement conçue pour nettoyer les dents sensibles en douceur: Sa petite tête permet de nettoyer les zones difficiles d'accès.ses poils doux et arrondis aident à prévenir l'érosion de l'émail et l'irritation desgencives. La pression sur les collets sensibles est réduite. || 
3,70€ / Pce || 
3,70 € || 
Brosse a dents précision dents sensibles, medium || Le blister de 1 brosse à dent || Origine : ALLEMAGNE || 
3,70€ / Pce || 
3,70 € || 
Brosse à dents électrique 360°, Nettoyage complet de la bouche || Brosse à dents || Origine : FRANCE || Tête double action, manche confortable anti-dérapant, tête de brosse et piles remplaçables. La puissance de repousser les bactéries pour un nettoyage complet et une bouche saine. || Après utilisation, rincez parfaitement la tête de brosse, agitez la brosse pour éliminer l'excédent d'eau et rangez la en position verticale. Les dentistes recommandent de changer de brosse à dents tous les 3 mois. A utiliser sous la surveillance d'un adulte pour les enfants de moins de 6 ans. Ne convient pas aux enfants de moins de 3 ans. Ne pas jeter avec les ordures ménagères. Enlever les piles. Retourner ce produit au point de collecte des équipements électriques. || 
11,48€ / Pce || 
11,48 € || 
Brosse à dents medium, Sonicpower || La brosse à dents || Origine : FRANCE || Ses lamelles polissantes et vibrantes en étoile aident à éliminer les taches. || Ne convient pas aux enfants de moins de 3 ans. La tête de la brosse n'est pas remplaçable. Ne pas jeter avec les ordures ménagères. Enlever la pile et retournez ce produit au point de collecte des équipements électriques. || 
6,38€ / Pce || 
6,38 € || 
Brossette recharge 360°, Nettoyage complet de la bouche || Recharge x2 || Origine : FRANCE || La puissance de repousser les bactéries pour un nettoyage complet et une bouche saine. || Pour remplacer la tête de brosse : détachez doucement la tête du manche, puis enfoncez une nouvelle tête de brosse Colgate 360° sur le manche. Après utilisation, rincez parfaitement la tête de brosse, agitez le brosse pour éliminer l'excédent d'eau et rangez la en position verticale. Les dentistes recommandent de changer de brosse à dents tous les 3 mois. A utiliser sous la surveillance d'un adulte pour les enfants de moins de 6 ans. Ne convient pas aux enfants de moins de 3 ans. || 
3,81€ / Pce || 
7,61 € || 
3D white || Recharge x2 || Origine : FRANCE || Blanchit naturellement les dents grâce à sa partie centrale qui élimine les taches. Les poils Indicator vous indiquent le moment de changer de brossette.Oral-B, la marque de brosses à dents la plus utilisée par les dentistes eux-mêmes dans le monde.Ne s'adapte pas à : Pulsonic, Sonic Complete, Vitality Sonic, CrossAction Power. || 
6,59€ / Pce || 
13,17 € || 
Brosse à dent électrique rechargeable || Le blister d'une brosse à dents || Origine : FRANCE || 
23,33€ / Pce || 
23,33 € || 
Brosse à dents électrique || L'unité || Origine : FRANCE || Mouvements d'oscillo-rotations ultra-rapides pour nettoyer mieux qu'une brosse à dents manuelle ordinaire.Brossette Oral-B Précision Clean : pour des dents plus propres et des gencives protégées, comparé à une brosse à dents manuelle ordinaire. || Rechargeable en 2 minutes. || 
15,74€ / Pce || ##
Brosse à dents électrique || L'unité || Origine : FRANCE || Mouvements d'oscillo-rotations ultra-rapides pour nettoyer mieux qu'une brosse à dents manuelle ordinaire.Brossette Oral-B Précision Clean : pour des dents plus propres et des gencives protégées, comparé à une brosse à dents manuelle ordinaire. || Rechargeable en 2 minutes. || 
15,74€ / Pce || ##
Brosse à dents électrique pour enfants || La boîte d'une brosse avec base de chargement || Origine : ALLEMAGNE || Conçue pour aider les enfants à bien se brosser les dents. Rechargeable. Minuteur 2 minutes signale à l'enfant qu'il atteint les 2 minutes de temps de brossage. || Contient : 1 corps de brosse. 1 base de rechargement. 1 brossette. || 
24,71€ / Pce || 
24,71 € || 
Brosse à dents électrique vitality rechargeable || Le blister || Origine : FRANCE || Avec ses 7 600 rotations par minute, Oral-B Vitality TriZone élimine plus de plaque dentaire qu'une brosse à dents manuelle classique. Des résultats de nettoyage supérieurs sans changer sa technique de brossage comparé à une brosse à dents manuelle classique. Dotée de poils effectuant des mouvements de balayage qui atteignent plus de surfaces des dents qu'une brosse à dents manuelle classique. Minuteur 2 minutes : un minuteur intégré vous aide à respecter le temps de brossage recommandé par lesdentistes. || La brosse à dents électrique Oral-B Vitality Trizone comprend : 1 manche, 1 brossette Trizone, 1 mini-chargeur. || 
15,34€ / Pce || ##
Brosse à dents électrique vitality rechargeable || Le blister || Origine : FRANCE || Avec ses 7 600 rotations par minute, Oral-B Vitality TriZone élimine plus de plaque dentaire qu'une brosse à dents manuelle classique. Des résultats de nettoyage supérieurs sans changer sa technique de brossage comparé à une brosse à dents manuelle classique. Dotée de poils effectuant des mouvements de balayage qui atteignent plus de surfaces des dents qu'une brosse à dents manuelle classique. Minuteur 2 minutes : un minuteur intégré vous aide à respecter le temps de brossage recommandé par lesdentistes. || La brosse à dents électrique Oral-B Vitality Trizone comprend : 1 manche, 1 brossette Trizone, 1 mini-chargeur. || 
15,34€ / Pce || ##
Brosse à dents qui "pulse" || La brosse à dents || Origine : FRANCE || Pivote et pulse pour une nouvelle sensation de propreté ! || 
7,47€ / Pce || 
7,47 € || 
Dual clean || Recharge x2 || Origine : FRANCE || Une double action de nettoyage grâce au mouvement combiné des 2 têtes de brossage. Les poils Indicator vous indiquent le moment de changer de brossette.Oral-B, la marque de brosses à dents la plus utilisée par les dentistes eux-mêmes dans le monde. Compatible avec les brosses à dents Oral-B à rotation. Ne s'adapte pas à : Pulsonic, Sonic Complete, Vitality Sonic, CrossAction Power. || 
6,07€ / Pce || 
12,14 € || 
Précision clean || Recharge x2 || Origine : FRANCE || Contribue à enlever la plaque dentaire et nettoie entre les dents et le long du sillon gingival. Les poils Indicator vous indiquent le moment de changer de brossette.Oral-B, la marque de brosses à dents la plus utilisée par les dentistes eux-mêmes dans le monde. Des dents plus propres, des gencives mieux protégées comparé aux résultats obtenus avec une brosse à dents manuelle ordinaire. Compatible avec les brosses à dents Oral-B à rotation. Ne s'adapte pas à : Pulsonic, Sonic Complete, VitalitySonic, CrossAction Power. || 
6,69€ / Pce || 
13,38 € || 
Précision Clean || Recharge x4 || Origine : FRANCE || Contribue à enlever la plaque dentaire et nettoie entre les dents et le long du sillon gingival. Les poils Indicator vous indiquent le moment de changer de brossette.Des dents plus propres, des gencives mieux protégées comparé aux résultats obtenus avec une brosse à dents manuelle ordinaire. || Compatible avec les brosses à dents Oral-B à rotation Oral-B. Ne s'adapte pas à : Pulsonic, Sonic Complete, Vitality Sonic, CrossAction Power. || 
5,92€ / Pce || 
23,68 € || 
Sensitive clean || Recharge x2 || Origine : FRANCE || Oral-B, la marque de brosses à dents la plus utilisée par les dentistes eux-mêmes dans le monde.Un nettoyage en douceur grâce à ses poils extra souples. Les poils Indicator vous indiquent le moment de changer de brossette. || Compatible avec les brosses à dents Oral-B à rotation : Pulsonic, Sonic Complete, Vitality Sonic, CrossAction Power. || 
6,18€ / Pce || 
12,35 € || 
Brosse à dents électrique || L'unité || Origine : FRANCE || Garantie 6 mois. || Pour plus d'efficacité, nettoyez vos dents une à une, ne pas exercer une pression trop forte. La tête à été spécialement conçue pour mieux pénétrer les espaces inter-dentaires tout en respectant les gencives. Avant la première utilisation, retirez lefilm plastique autour des 2 piles AA. Pour changer les piles, retirez le capuchon inférieur de la brosse. Ne nettoyer pas votre brosse à dents quand le capuchon des piles n'est pas en place. Changez la tête de la brosse tous les trois mois. Cette tête est compatible avec les précédentes brosses à dents Signal Integral. Jetez les piles dans un récipient de recyclage. Le produit usagé ne doit pas être traité comme un déchet ménager normal. || 
8,29€ / Pce || 
8,29 € || 
Brosse à dents électrique rechargeable || L'unité || Origine : FRANCE || Les brosses à dents électriques Signal ont été conçues pour éliminer plus efficacement la plaque dentaire d'une brosse à dents manuelle tout en étant douces pour vos gencives. Une efficacité supérieure contre la plaque dentaire. Aide à garder des gencives saines. Doux pour les gencives. || Compatible avec toutes les brossettes Signal Sonic. Brossez vous les dents au moins 2 fois par jour. Changez de brossette tous les 3 mois. Consultez votre dentiste 2 fois par an. || Rechargeable sur le secteur. Autonomie de 2 semaines (2 brossage/jour). || 
24,57€ / Pce || 
24,57 € || 
Brosse à dents électrique rechargeable || L'unité || Origine : FRANCE || 
24,61€ / Pce || 
24,61 € || 
Brossette de rechange pour brosse à dents électrique || Les 2 brosettes || Origine : FRANCE || La tête a été spécialement conçue pour mieux pénétrer les espaces inter-dentaires tout en respectant les gencives. || Pour plus d'efficacité, nettoyer vos dents une à une, ne pas exercer une pression trop forte. Les dentistes recommandent de remplacer la tête de la brosse tous les trois mois. Pour cela, enlevez la tête du manche en la tirant légèrement vers l'extérieur et remplacez-le par une nouvelle tête de brosse Signal Integral. || 
3,29€ / Pce || 
6,58 € || 
Recharge brosse à dents électrique || Recharge x2 || Origine : SUISSE || 
12,86€ / Pce || 
12,86 € || 
Kit de brossage pour les enfants , Brosse à dents, gobelet , dentifrice , capuchon protecteur || Le kit || Origine : FRANCE || Le kit de brossage Aquafresh Popsy comprend un gobelet, une brosse à dents et un tube dentifrice, spécialement étudiés pour l'utilisation par un enfant ainsi qu'un capuchon protecteur.Le dentifrice Aquafresh 3 Dent de Lait est sans sucre et spécialement formulé pour les dents et les gencives des enfants de 2 à 6 ans. La brosse à dents, avec ses poils extra-souples, est spécialement conçue pour ne pas agresser l'émail et les gencives des enfants. || Lave tes dents 3 fois par jour avec la valeur d'un pois de dentifrice sous le contrôle d'un adulte. Pendant 3 min. Change de brosse tous les 3 mois. || Aqua, glycerin, hydrated silica, xylitol, peg-6, xanthan gum, sodium fluoride, sodium methyl cocoyl taurate, disodium phosphate, aroma, titanium dioxide, sodium saccharin, methylparaben, propylparaben, CI 73360, CI 74160. Contient du fluorure de sodium (500ppm de fluor). || Le dentifrice se conserve 12 mois après ouverture. || 
4,17€ / Pce || 
4,17 € || 
Shrek, brosse à dents électriques, extra souple || Le blister || Origine : FRANCE || Pour un brossage super efficace et super fun ! Avec colgate Shrek tes dents sont d'une propreté remarquable et le brossage devient super fun ! Choisis ta brosse parmi les différentes figurines. Une petite tête rotative avec des poils extra souples :nettoie les dents en profondeur et élimine la plaque dentaire en douceur. Boutons 'marche/arrêt' souples, 2 piles remplaçables AAA alkaline incluses. Manche plus fin. || La brosse tient à plat pour une application facile du dentifrice. Après utilisation, rince minutieusement la tête de la brosse, secoue-la pour éliminer les gouttes d'eau et repose-la à la verticale. La tête de la brosse n'est pas remplaçable. Les professionnels de la santé dentaire recommandent de changer de brosse tous les 3 mois. Non destiné aux enfants de moins de 3 ans. Ne pas mélanger anciennes et nouvelles piles. Ne pas mélanger pile alkaline, pile standard (carbone- zinc), et pile rechargeable (nickel-cadmium). Ne pas jeter avec les ordures ménagères. Retourner ce produit au point de collecte des équipements électriques. || 
7,67€ / Pce || 
7,67 € || 
Brosse à dents enfant, de 2-6 ans || L'unité || Origine : FRANCE || La brosse à dents spécialement étudiée pour les jeunes enfants.Une petite tête aux formes douces pour brosser toutes les dents, même celles du fond. Des poils souples, aux bouts arrondis et découpés en courbe pour protéger les gencives. Un manche conçu pour s'adapter parfaitement à leurs petites mains. Une double ventouse pour une brosse intelligente et ludique qui tient debout toute seule sur les surfaces d'une salle de bain. || Préférer un dentifrice faiblement fluoré (450-500 ppm) comme le dentifrice Signal Kids. Remplacer votre brosse à dents tous les 3 mois. Brossez-vous les dents au moins deux fois par jour. || 
2,83€ / Pce || 
2,83 € || 
Brosse à dents junior 7-13 ans, souple, avec sa ventouse || Le blister || Origine : FRANCE || Signal 7-13 ans : un brossage agréable et efficace pour les juniors. Une petite tête profilée pour un brossage optimal. Un manche souple et ergonomique, pour une meilleure prise en main.Brosse à dents avec sa ventouse. || Pour protéger les dents en croissance, il faut : éliminer la plaque dentaire par un brossage soigné après chaque repas. Utiliser régulièrement un dentifrice fluoré comme le dentifrice Signal 7-13 ans. Remplacer votre brosse à dent tous les 3 mois. Consultez votre dentiste une à deux fois par an. || 
2,87€ / Pce || 
2,87 € || 
Brosse à dents souple avec sa ventouse, 7-13 ans || Les 3 brosses à dents || Origine : FRANCE || Signal 7-13 ans un brossage agréable et efficace pour les juniors. Une petite tête profilée pour un brossage optimal. Un manche souple et ergonomique, pour une meilleure prise en main.Une petite tête profilée pour un brossage optimal. Un manche souple et ergonomique, pour une meilleure prise en main. || Pour protéger les dents en croissance, il faut : éliminer la plaque dentaire par un brossage soigné après chaque repas. Utiliser régulièrement un dentifrice fluoré comme le dentifrice Signal 7-13 ans. Brossez-bous les dents au moins 2 fois par jour.Changez de brosse à dents Signal tous les 3 mois. Consultez votre dentiste au moins deux fois par an. || 
2,28€ / Pce || 
6,85 € || 
Bain de bouche multi-protection antiplaque || Le flacon de 250ml || Origine : FRANCE || Utiliser le bain de bouche Multi-protection antiplaque Monoprix 2 fois par jour matin et soir après le brossage permet une meilleure hygiène bucco-dentaire. Il favorise la réduction de la plaque dentaire, protège les gencives et nettoie même les zones difficiles à atteindre. Il contient du fluor qui renforce l'émail de vos dents et vous assure une haleine fraîche. || Usage quotidien. Faire un bain de bouche matin et soir après le brossage. Remplir le bouchon et se rincer la bouche pendant 30 secondes puis recracher. Ne pas avaler. Pour adultes seulement. Tenir hors de la portée des enfants. || Aqua, alcohol denat, sorbitol, peg-40 hydrogenated castor oil, aroma, sodium benzoate, allantoin, cetylpyridinium chloride, sodium saccharin, sodium fluoride, menthol, Cl 16035. Contient du fluorure de sodium (0,025%) soit 113 ppm de fluor. || 12 mois après ouverture. || 
7,64€ / L || 
1,91 € || 
Bain de bouche multi-protection antiplaque || Le flacon de 500ml || Origine : ESPAGNE || Utiliser le bain de bouche Multi-protection antiplaque Monoprix 2 fois par jour matin et soir après le brossage permet une meilleure hygiène bucco-dentaire. Il favorise la réduction de la plaque dentaire, protège les gencives et nettoie même les zones difficiles à atteindre. Il contient du fluor qui renforce l'émail de vos dents et vous assure une haleine fraîche. || Usage quotidien. Faire un bain de bouche matin et soir après le brossage. Remplir le bouchon et se rincer la bouche pendant 30 secondes puis recracher. Ne pas avaler. Pour adultes seulement. Tenir hors de la portée des enfants. || Aqua, alcohol denat, sorbitol, peg-40 hydrogenated castor oil, aroma, sodium benzoate, allantoin, cetylpyridinium chloride, sodium saccharin, sodium fluoride, menthol, Cl 16035. Contient du fluorure de sodium (0,025%) soit 113 ppm de fluor. || 12 mois après ouverture. || 
5,40€ / L || 
2,70 € || 
Bain de bouche multi-protection dents et gencives || Le flacon de 500ml || Origine : ESPAGNE || Utiliser le bain de bouche Multi-protection Dents et Gencives Monoprix 2 fois par jour matin et soir après le brossage permet une meilleure hygiène bucco-dentaire. Il favorise la réduction de la plaque dentaire, protège les gencives et nettoie même les zones difficiles à atteindre. Il contient du fluor qui renforce l'émail de vos dents et vous assure une haleine fraîche. || Usage quotidien. Faire un bain de bouche matin et soir après le brossage. Remplir le bouchon et se rincer la bouche pendant 30 secondes puis recracher. Ne pas avaler. Pour adultes seulement. Tenir hors de la portée des enfants. || Aqua, alcohol denat, sorbitol, peg-40 hydrogenated castor oil, panthenol, aroma, sodium benzoate, potassium acesulfame, sodium saccharin, cetylpyridinium chloride, sodium fluoride, citric acid, menthol, Cl 47005, Cl 42090. Contient du fluorure de sodium (0,025%) soit 113 ppm de fluor. || 12 mois après ouverture. || 
4,84€ / L || 
2,42 € || 
Bain de bouche multi-protection || Le flacon de 500ml || Origine : FRANCE || Forme une couche protectrice qui neutralise les effets nuisibles des bactéries et de la plaque pendant 12 heures. Procure une haleine vraiment fraîche. Elimine efficacement les bactéries.Des gencives jusqu'à 67% + fortes. || Utilisez Colgate Plax 2 fois par jour après le brossage pour une bouche saine, plus fraîche. Remplissez le bouchon jusqu'à la ligne (20ml). Rincez-vous soigneusement la bouche pendant 30 secondes puis recrachez. Ne pas avaler. Ne pas avaler. Ne convient pas aux enfants moins de 6 ans. Tenir hors de portée des enfants. || Aqua, glycerin, alcohol, propylene glycol, sorbitol, polysorbate 20, sodium benzoate, menthol, aroma, cetylpyridinium chloride, sodium fluoride, sodium saccharin, Cl 15510, Cl 17200. Contient : fluorure de sodium 0,025% (112 ppmF). || 12 mois après ouverture. || 
11,92€ / L || 
5,96 € || 
Bain de bouche multi-protection, menthe douce || Le flacon de 500ml || Origine : FRANCE || Forme une couche protectrice qui neutralise les effets nuisibles des bactéries et de la plaque pendant 12 heures. Procure une haleine vraiment fraîche. Elimine efficacement les bactéries.Des gencives jusqu'à 67% + fortes. || Utilisez Colgate Plax 2 fois par jour après le brossage pour une bouche saine, plus fraîche. Remplissez le bouchon jusqu'à la ligne (20ml). Rincez-vous soigneusement la bouche pendant 30 secondes puis recrachez. Ne pas avaler. Ne convient pas aux enfants de moins de 6 ans. Tenir hors de portée des enfants. || Aqua, glycerin, alcohol, propylene glycol, sorbitol, polysorbate 20, sodium benzoate, menthol, aroma, cetylpyridinium chloride, sodium fluoride, sodium saccharin, Cl42090, Cl47005. Contient : fluorure de sodium 0,025% (112 ppmF). || 12 mois après ouverture. || 
11,92€ / L || 
5,96 € || 
Bain de bouche soin complet || La bouteille de 500ml || Origine : FRANCE || 10 bénéfices en 1 : 12h de protection, rafraîchit l'haleine, prévient la formation de la plaque, renforce l'email, réduit les bactéries, agit dans les endroits difficiles à atteindre etc. || Remplissez le bouchon jusqu'à la ligne (20 ml). Rincez vous soigneusement la bouche pendant 30 secondes puis recrachez. Ne pas avaler. Ne convient pas aux enfants de moins de 6 ans. Tenir hors de la portée des enfants. Cette formule ne contient pas d'alcool. || Aqua, glycerin, propylene glycol, sorbitol, poloxamer 407, aroma, cetylpyridinium chloride, potassium sorbate, sodium fluoride, sodium saccharin, menthol, CI 42051. || 12 mois après ouverture. || 
12,96€ / L || 
6,48 € || 
Solution dentaire au fluorure d'amines olafluor || La bouteille de 400ml || Origine : FRANCE || IngrÍdients: Aqua, Propylene Glycol, PEG-40 Hydrogenated Castor Oil, Olaflur, Aroma (menthe-eucalyptus), PVP/Dimethyaminoethylmethacrylate Polycarbamyl Polyglycol Ester, Saccharin, Hydroxyethylcellulose, Potassium, Fluoride, Potasium Hydroxide, Polyaminopropyl Biguanide. || 
14,03€ / L || 
5,61 € || 
Bain de bouche antibactérien || Le flacon de 500ml || Origine : ITALIE || C'est prouvé, utilisé deux fois par jour, Lusterine Total Care nettoie et protège avec 6 bénéfices pour une hygiène orale totale.Réduit la plaque dentaire, maintient les gencives saines, renforce l'émail des dents, prévient la formation du tartre pour aider à garder les dents naturellement blanches, élimine jusqu'à 99.9% des bactéries de la bouche (testé in vitro), rafraîchit l'haleine jusqu'à 24 heures. || Particulièrement efficace en utilisation matin et soir après le brossage. Verser 20ml (4 cuillères à café de 5ml) dans un verre, à utiliser en rinçage autour des dents et des gencives pendant 30 secondes, puis recracher. Ne pas utiliser chez l'enfantde moins de 12 ans. Ne pas utiliser si le plastique de protection qui entoure le bouchon est endommagé à l'achat. Ne pas diluer, ni avaler, ni boire à la bouteille. Ne remplace pas le brossage des dents après chaque repas. Si vous utilisez des compléments fluorés, consultez votre dentiste. || Aqua, alcohol, sorbitol, aroma, poloxamer 407, benzoic acid, zinc chloride, eucalyptol, methyl salicylate, sodium saccharin, thymol, menthol, sodium benzoate, sodium fluoride, sucralose, benzyl alcohol, Cl16035, Cl42090. Contient du fluorure de sodium (0.022% m/v 100 ppm F). || 12 mois après ouverture. || 
15,02€ / L || 
7,51 € || 
Bain de bouche antibactérien || Le flacon de 500ml || Origine : ITALIE || Aide à renforcer l'émail des dents même dans les zones difficiles d'accès. Aide à reminéraliser l'émail suite aux attaques acides, pour des dents fortes et saines. En aidant à éliminer certaines bactéries, participe à la réduction de la plaque entreles dents et rafraîchit l'haleine. || A utiliser deux fois par jour. Particulièrement efficace en utilisation matin et soir après le brossage. Versez 20ml (4 cuillères à café de 5ml) dans un verre, à utiliser en rinçage autour des dents et des gencives pendant 30 secondes, puis recracher. Pour ouvrir : presser sur les côtés du bouchon et tourner. Pour fermer : tourner le bouchon jusqu'au cran de sécurité. Tenir hors de portée des enfants. Ne pas utiliser chez l'enfant de moins de 12 ans. Ne pas utiliser si le plastique de protectionqui entoure le bouchon est endommagé à l'achat. Ne pas diluer, ni avaler, ni boire à la bouteille. Ne remplace pas le brossage des dents après chaque repas. Si vous utilisez des compléments fluorés, consultez votre dentiste. Demandez conseil à votredentiste. Il est recommandé de consulter régulièrement un chirurgien-dentiste. || Aqua, alcohol, sorbitol, poloxamer 407, benzoic acid, sodium saccharin, eucalyptol, methyl salicylate, aroma, thymol, sodium fluoride, menthol, sodium benzoate, Cl 15985, Cl 42090. Contient du fluorure de sodium (225 ppm F). || 12 mois après ouverture. || 
15,02€ / L || 
7,51 € || 
Bain de bouche antibactérien au fluor, protection dents et gencives || Le flacon de 250ml || Origine : FRANCE || Utilisé 2 fois par jour après le brossage Listerine Protection Dents et Gencives procure une meilleure hygiène bucco-dentaire en agissant dans les endroits que la brosse à dents ne peut pas atteindre. Prouvé cliniquement, Listerine Protection Dents et Gencives favorise l'élimination de certaines bactérie responsables de la formation de la plaque dentaire, une des causes des problèmes de dents et de gencives, favorise la réduction de l'inflammation et des saignements occasionnels des gencives, aide à renforcer l'émail des dents et favorise la prévention des caries grâce à sa formule au fluor, assure une haleine fraîche durable. Pour des gencives saines et des dents renforcées. || A usagfe quotidien. Faire un bain de bouche matin et soir après le brossage. Verser 20ml (4 cuillères à café de 5ml) dans un verre sans diluer, rincer pendant 30 secondes, puis recracher. Pour ouvrir le flacon, presser fortement sur les côtés et tourner. Pour fermer, tourner le bouchon jusqu'au cran de sécurité. Ne remplace pas le brossage des dents après chaque repas. Ne pas utiliser si le plastique de protection qui entoure le bouchon est endommagé à l'achat. Ne pas utiliser chez l'enfant de moins de 12 ans. Ne pas diluer ou avaler, ni boire à la bouteille. Ne pas laisser à la portée des enfants. || Aqua, alcohol, sorbitol, propyl alcohol, poloxamer 407, benzoic acid, sodium saccharin, aroma, eucalyptol, methyl salicylate, thymol, menthol, sodium benzoate, sodium fluoride, Cl47005, Cl42053. contient du fluorure de sodium (0.022% m/v 100ppm F). (PR005019). || 
20,56€ / L || 
5,14 € || 
Bain de bouche antibactérien Stay White, réduit le tartre pour prévenir les tâches || Le flacon de 500ml || Origine : ITALIE || 
13,78€ / L || 
6,89 € || 
Bain de bouche fraîcheur intense || La bouteille de 250ml || Origine : ITALIE || 
20,56€ / L || 
5,14 € || 
Bain de bouche fraîcheur intense || La bouteille de 500ml || Origine : ITALIE || 
13,78€ / L || 
6,89 € || 
Bain de bouche Listerine, variétés au choix || La flacon de 250 ml || Origine : ITALIE || Utilisé 2 fois par jour après le brossage Listerine Protection Dents Gencives procure une meilleure hygiène bucco-dentaire en agissant dans les endroits que la brosse ne peut pas atteindre.Prouvé cliniquement, Listerine Protection Dents et Gencives favorise l'élimination de certaines bactérie responsables de la formation de la plaque dentaire, une des causes des problèmes de dents et de gencives, favorise la réduction de l'inflammation et des saignements occasionnels des gencives, aide à renforcer l'émail des dents et favorise la prévention des caries grâce à sa formule au fluor, assure une haleine fraîche durable. Pour des gencives saines et des dents renforcées. || A usage quotidien. Faire un bain de bouche matin et soir après le brossage. Verser 20ml (4 cuillères à café de 5ml) dans un verre sans diluer, rincer pendant 30 secondes, puis recracher. Pour ouvrir le flacon, presser fortement sur les côtés et tourner. Pour fermer, tourner le bouchon jusqu'au cran de sécurité. Ne remplace pas le brossage des dents après chaque repas. Ne pas utiliser si le plastique de protection qui entoure le bouchon est endommagé à l'achat. Ne pas utiliser chez l'enfant de moins de 12 ans. Ne pas diluer ou avaler, ni boire à la bouteille. Ne pas laisser à la portée des enfants. || Aqua, alcohol, sorbitol, propyl alcohol, poloxamer 407, benzoic acid, sodium saccharin, aroma, eucalyptol, methyl salicylate, thymol, menthol, sodium benzoate, sodium fluoride, Cl47005, Cl42053. Contient du fluorure de sodium (0,022% m/v 100ppm F). || 12 mois après ouverture. || 
13,98€ / L || 
6,99 € || 
Bain de bouche total care || La bouteille de 95ml || Origine : ITALIE || Réduit la plaque dentaire, maintient les gencives saines, renforce l'email des dents, prévient la formation du tartre pour garder des dents plus blanches, rafraîchit l'haleine jusqu'à 24h. || Particulièrement efficace en utilisation matin et soir après le brossage. Verser 20 ml (4 cuillères à café de 5 ml) dans un verre à utiliser en rinçage autour des dents et des gencives pendant 30 sec puis recracher. Ne pas utiliser chez l'enfant de moins de 12 ans. Ne pas utiliser si le  plastique de protection qui entoure le bouchon est endommagé à l'achat. Ne pas diluer, ni avaler, ni boire à la bouteille. Ne remplace pas le brossage des dents après chaque repas. Si vous utilisez des compléments fluorés, consultez votre dentiste. Tenir hors de la portée des enfants. || Aqua, alcohol denat, sorbitol, aroma, poloxamer 407, benzoic acid, zinc chloride, eucalyptol, methyl salicylate, sodium saccharin, thymol, menthol, sodium benzoate, sodium fluoride, sucralose, benzyl alcohol, CI16035, CI42090. Contient du fluorure desodium (100 ppm F). || 6 mois après ouverture. || 
2,26€ / L || 
2,15 € || 
Bain de bouche total care zéro alcool || La bouteille de 500ml || Origine : ITALIE || Utilisé 2 fois par jour, Listerine Total Care Zero au goût moins intense nettoie et protège avec 6 bénéfiques pour une hygiène orale totale. || Pour ouvrir : presser sur les côtés du bouchon et tourner. Pour fermer : tourner le bouchon jusqu'au cran de sécurité. A utiliser 2 fois par jour. Particulièrement efficace en utilisation matin et soir après le brossage. Verser 20 ml (4 cuillères à café de 5 ml) dans un verre, à utiliser en rinçage autour des dents et des gencives pendant 30 secondes puis recracher. Utiliser 10 ml pour les enfants âgés de 6 à 12 ans. Tenir hors de la portée des enfants. Ne pas utiliser chez l'enfant de moins de6 ans. Ne pas utiliser si le plastique de protection qui entoure le bouchon est endommagé à l'achat. Ne pas diluer, ni avaler, ni boire à la bouteille. Si vous utilisez des compléments fluorés, consultez votre dentiste. || Aqua, sorbitol, propylene glycol, poloxamer 407, sodium lauryl sulfate, aroma, eucalyptol, zinc chloride, benzoic acid, sodium benzoate, methyl salicylate, thymol, sodium saccharin, sodium fluoride, menthol, sucralose, CI16035, CI42090. Contient du fluorure de sodium (220 ppm F). || 12 mois après ouverture. || 
15,02€ / L || 
7,51 € || 
Bain de bouche || Le flacon de 500ml || Origine : FRANCE || 24 heures de protection. Aide à empêcher la formation de la plaque dentaire. Aide à prévenir les problèmes de gencives. Aide à garder l'haleine fraîche. || Remplissez le bouchon jusqu'à la ligne des 15 ml. Rincez minutieusement la bouche pendant 30 secondes. Puis crachez. Utilisez 2 fois par jour. Ne pas avaler. Gardez hors de la portée des enfants. Ne pas utiliser chez l'enfant de moins de 6 ans. || Aqua, glycerin, aroma, cetylpyridinium chloride, poloxamer 407, methylparaben, sodium saccharin, cinnamal, propylparaben, eugenol, Cl42090. Sans alcool. Fabriqué en Allemagne. || 
13,58€ / L || 
6,79 € || 
Soin bain de bouche multi-protection || La bouteille de 500 ml || Origine : ITALIE || Haleine fraîche longue durée. Aide à éliminer les bactéries. Combat la plaque dentaire. Aide à renforcer, soulager et protéger les gencives. || Après le brossage, remplissez 1/2 bouchon (15 ml) sans diluer. Rincez vous la bouche pendant 30 secondes puis recrachez. Demandez conseils à votre dentiste. Ne remplace pas le brossage après chaque repas. Ne pas avaler. Ne pas laisser à la portée desenfants. Ne convient pas aux enfants de moins de 6 ans. || 12 mois après ouverture. || 
11,44€ / L || 
5,72 € || 
Bain de bouche || La bouteille de 500ml || Origine : ROYAUME UNI || Doux, rafraîchissant et sans alcool, le bain de bouche Sensodyne est un moyen idéal pour compléter votre hygiène bucco-dentaire au quotidien et renforcer l'émail de vos dents. || A utiliser deux fois par jour après le brossage. Mesurer 10 ml de bain de bouche (voir graduation du bouchon doseur), se rincer soigneusement la bouche pendant 1 min puis recracher. Ne pas avaler. Ne pas boire directement à la bouteille. Ne pas utiliser si l'emballage plastique autour du bouchon n'est pas intact. Usage non adapté aux enfants de moins de 6 ans. Tenir hors de la portée des enfants. Peut entrainer une coloration des dents chez certaines personnes. Si une irritation apparaît, arrêter l'utilisation de ce produit. || Aqua, glycerin, sorbitol, poloxamer 338, peg-60 hydrogenated castor oil, potassium chloride, aroma, cetylpyridinium chloride, sodium fluoride, methylparaben, propylparaben, sodium benzoate, sodium saccharin, disodium phosphate, sodium phosphate. Contient du fluorure de sodium (250 ppm F). || 3 mois après ouverture. || 
11,44€ / L || 
5,72 € || 
Bain de bouche pro-émail || La bouteille de 250ml || Origine : FRANCE || Le bain de bouche quotidien Pro Email est formulé pour aider à protéger vos dents contre les effets de l'attaque acide. || A utiliser 2 fois par jour. Mesurez 10 ml et rincez pendant 1 minute, puis recrachez. Ne pas avaler. Ne pas rincer avec de l'eau. Ne pas boire directement à la bouteille. Peut causer une coloration comme tout autre produit d'hygiène buccale, en cas d'irritation arrêter l'utilisation. Ne pas donner aux enfants de moins de 12 ans sans l'avis d'un dentiste ou d'un médecin. Ne pas utiliser si la bague du capuchon est descellée. || 3 mois après ouverture. || 
17,68€ / L || 
4,42 € || 
Bain de bouche, sans alcool || Le flacon de 500 ml || Origine : ITALIE || Une formule au zinc actif qui lutte efficacement contre les bactéries et la plaque dentaire. Aide à lutter contre les caries et à renforcer l'émail des dents. Efficace contre les bactéries, doux avec votre bouche. || Utiliser deux fois par jour après le brossage. Remplir le bouchon jusqu'à la ligne 20 ml. Se rincer abondamment la bouche pendant 30 sec puis recracher. Ne pas diluer, avaler ou boire à la bouteille. Ne convient pas aux enfants de moins de 6 ans. Garder hors de la portée des enfants. || 6 mois après ouverture. || 
10,70€ / L || 
5,35 € || 
Bain de bouche expert protection sensibilite + genc              ives || La bouteille de 500ml || Origine : FRANCE || Protège les gencives et soulage les dents sensibles. Avec du Citrate de Potassium connu pour réduire la sensation de gêne quand la dent est exposée aux sensations de chaud ou de froid. Une formule sans alcool. Soulager la sensibilité  dentaire. Avecdu Zinc connu pour : lutter efficacement contre les bactéries et la plaque dentaire. Garder des gencives fortes et saines. || Utiliser deux fois par jour après le brossage. Remplir le bouchon jusqu'à la ligne 20 ml. Se rincer abondamment la bouche pendant 30 secondes puis recracher. Ne pas diluer, avaler ou boire à la bouteille. Ne convient pas aux enfants de moins de six ans. Garder hors de portée des enfants. || Aqua, hydrogenated starch hydrolysate, peg-40 hydrogenated castor oil, potassium citrate, glycine, sodium benzoate, aroma, citric acid,  zinc sulfate, sodium saccharin, sodium fluoride, limonene, Cl17200. Contient du fluorure de sodium (225 ppm F). || 6 mois après ouverture. || 
9,86€ / L || 
4,93 € || 
Bain de bouche protection complète, formule anti-bactérienne || Le flacon de 500ml || Origine : ALLEMAGNE || Expert Complet 7, le 1er bain de bouche Vademecum aux 7 extraits de plantes et au fluor. Ce bain de bouche est un complément idéal après brossage pour une protection complète de vos dents et une bonne hygiène bucco-dentaireAide à combattre les bactéries pour lutter contre la plaque dentaire, aide à renforcer l'émail de vos dents, procure une sensation de fraîcheur intense. Sa formule contient des extraits naturels de 7 plantes : prêle des champs, gentiane, arnica, mélisse, millepertuis, genévrier, sauge. || S'utilise 2 fois par jour après le brossage des dents. Remplir le bouchon jusqu'à la ligne. Ne pas diluer. Rincez-vous la bouche pendant 30 secondes puis recrachez. Pour adultes seulement. Ne pas avaler. Conserver hors de la portée des enfants. || Aqua, alcohol, sorbitol, peg-60 hydrogenated castor oil, sodium citrate, sodium saccharin, glycerin, lauryl glucoside, menthol, sodium fluoride, chlorhexidine digluconate, aroma, citric acid, arnica montana flower extract, equisetum arvense extract,gentiana lutea root extract, hypericum perforatum flower/leaf extract, juniperus communis fruit extract, melissa officinalis leaf extract, picea abies leaf extract, salvia officinalis leaf extract, Cl42053, Cl42090, Cl47005. Contient du Fluorure de Sodium (225ppm F-). Contient de l'alcool (8%). || 3 mois après ouverture. || 
9,46€ / L || 
4,73 € || 
Fil dentaire ciré-fluoré mentholé || La boite de 50 mètres de fil || Origine : FRANCE || 
2,56€ / Pce || 
2,56 € || 
Brossettes interdentaires jetables || Le paquet de 60 brossettes interdentaires || Origine : CHINE || Permet un nettoyage optimal des espaces interdentaires que la brosse à dents ne peut pas atteindre. Leur étui de rangement vous permet de les emporter partout et ainsi de toujours les avoir à portée de mains. Conseillé à tous et notamment aux porteurs de bridge et d'appareils dentaires orthodontiques. || Introduire délicatement la brossette entre vos dents et effectuer des mouvements de va et vient. Jeter après usage. || 
0,08€ / Pce || 
4,93 € || 
Fil interdentaire antibactérien || La boîte de 50m de fil dentaire || Origine : CHINE || Ciré pour nettoyer en douceur. Contient un dérivé fluoré, reconnu pour ses propriétés reminéralisantes de l'émail. Action antibactérienne (chlorure de cetylpyridinium) pour une meilleure hygiène du fil. || Enrouler 45 cm de fil autour des doigts. Insérer le fil entre 2 dents et faire un mouvement de va et vient. || Nylon-66, cera microcristallina, cera alba, ptfe, sodium fluoride, cetylpyridinium chloride. || 
3,97€ / Pce || 
3,97 € || 
Brossettes interdentaires 0,6 mm || Le blister de 5 brossettes interdentaires || Origine : CHINE || Permet un nettoyage optimal des espaces interdentaires que la brosse à dents ne peut pas atteindre. Conseillé à tous et surtout aux porteurs de bridge et d'appareils dentaires orthodontiques. Manche flexible pour faciliter l'accès aux molaires. || Après un brossage des dents appliqué, introduire délicatement la brossette entre vos dents et effectuer des mouvements de va et vient. Nettoyer soigneusement sous l'eau après usage et replacer le capot protecteur. Jeter la brossette dès usure. || 
0,99€ / Pce || 
4,93 € || 
Porte-fil dentaire || Le paquet de 18 porte-fil dentaire || Origine : CHINE || 
2,42€ / Pce || 
2,42 € || 
Fil dentaire à la menthe || Le fil de 50 mètres || Origine : FRANCE || 
3,47€ / Pce || 
3,47 € || 
Fil dentaire menthe, x25m || Le blister || Origine : FRANCE || Oral-B Satinfloss procure immédiatement une sensation inédite en libérant une fraîcheur mentholée à l'utilisation. Sa texture satinée unique le rend facile à manipuler. Il retire efficacement la plaque dentaire et les particules situées entre les dents et sous la bordure gingivale, procurant une sensation de propreté éclatante. || Utiliser du fil dentaire Satinfloss quotidiennement, matin ou soir, avant ou après le brossage, vous aide à garder des dents et des gencives saines. Enroulez 45 cm de fil dentaire Oral-B Satinfloss autour des majeurs. Faîtes glisser délicatement le fil entre les dents et sous la bordure gingivale. En entourant la dent avec le fil dentaire, exercez un mouvement de va-et-vient pour retirer la plaque dentaire et les particules.  Recommencez entre chaque dent, en déroulant le fil dentaire au fur età mesure pour utiliser une section de fil propre à chaque fois. || 
3,66€ / Pce || 
3,66 € || 
Recharge brossette pour brosse à dents éléctrique || Le paquet de 2 recharges || Origine : FRANCE || Action nettoyante sur trois zones pour un retrait exceptionnel de la plaque, même entre les dents. Les poils Indicator vous indiquent le moment de changer de brossette. Nettoyage en profondeur, triple action compatible avec les brosses à dents Oral-Bà rotation et les modèles Trizone. || Ne s'adapte pas à : Pulsonic. Sonic Complete. Vitality Sonic. CrossAction Power. || 
6,88€ / Pce || 
13,75 € || 
Brossettes interdentaires, dents sensibles, 2mm || Le blister de 5 || Origine : FRANCE || Plus d'une personne sur trois a les dents sensibles... et vous ? Vous ressentez une douleur lorsque vous consommez des aliments froids, chauds ou lorsque vous vous brossez les dents ? Vous avez probablement les dents sensibles. Quelles brossettes interdentaires utiliser au quotidien ? Les brossettes interdentaires Sensodyne sont adaptées à ceux qui ont les dents sensibles. Elles aident à nettoyer vos dents sensibles tout en douceur. Elles permettent un nettoyage efficace en enlevant la plaque dentaire dans les zones difficilement accessibles par la brosse à dents.Par leur action, elles respectent rémail et les gencives, et contribuent à prévenir de la sensibilité dentaire. || Introduire délicatement la tête entre les dents. Vous ne devez pas forcer. Si vous n'y parvenez pas, nous vous conseillons d'utiliser un fil dentaire. Puis frotter d'avant en arrière pour enlever la plaque. Renouveler dans tous les sillons accessibles. Bien rincer la brossette après usage. || 
407,00€ / Kg || 
4,07 € || 
Fil dentaire dents sensibles 50m || L'unité || Origine : FRANCE || Plus d'une personne sur trois a les dents sensibles... et vous ? Vous ressentez une douleur lorsque vous consommez des aliments froids, chauds ou lorsque vous vous brossez les dents ? Vous avez probablement les dents sensibles. Pourquoi utiliser le fil dentaire Sensodyne ? Le fil dentaire Sensodyne est adapté à ceux qui ont les dents sensibles. Il aide à nettoyer les dents sensibles minutieusement tout en douceur grâce à ses microfibres souples et sa texture cirée. Il permet un nettoyage efficace en enlevant la plaque dentaire dans les zones difficilement accessibles par la brosse à dents. || Dérouler 50cm de fil dentaire et enrouler les extrémités autour de chaque index. Passer le fil entre les dents et former un U autour de la dent, en faisant un mouvement de va et vient de la gencive vers l'extrémité des dents. || 
3,66€ / Pce || 
3,66 € || 
Crème fixation pour appareils dentaires || Le tube de 40g || Origine : FRANCE || Fixodent Pro Duo Protection vous donne une sensation de bouche propre et saine : antibactérien + anti-particules. || 40g = minimum 30 jours d'utilisation. Nettoyez et séchez votre appareil. Appliquez la crème adhésive en une ligne continue. Remettez l'appareil en place en le maintenant fermement pendant quelques secondes. Ne pas utiliser plus de crème fixative (maximum 1,25g). Lors de la mise en bouche, si le produit déborde, cela signifie que vous en avez trop mis. Ne pas utiliser de produit plus d'une fois par jour. Utilisé de façon normale, ce tube doit durer au moins 4 semaines. Ne pas utiliser de produiten excès si votre appareil est mal ajusté. Ne pas utiliser plus de produit que ce qui est indiqué dans les instructions d'utilisation. Contient du zinc, consultez votre médecin si vous prenez d'autres produits contenant du zinc. Consultez régulièrement votre dentiste pour contrôler l'ajustement de votre appareil. Un appareil qui s'ajuste difficilement peut altérer votre santé. Ne pas laisser à la portée des enfants. Ne pas utiliser en cas d'hypersensibilité à l'un des ingrédients. || Calcium/zinc PVM/MA Copolymer, paraffinum liquidum, petrolatum, cellulose gum, silica, Cl 15985, menthyl lactate, aroma, Cl 45410, sodium saccharin, limonene, cinnamal, eugenol. || 
127,50€ / Kg || 
5,10 € || 
Crème fixative pour appareils dentaires || Le tube de 70,5g || Origine : FRANCE || Fixodent Original est le soin classique de Fixodent qui vous assure un grand confort et une bonne tenue pour toute la journée. Vous pouvez ainsi sourire, parler, boire, manger en toute confiance.Chaque jour avec Fixodent, vous retrouvez la liberté devivre en toute sécurité. Sa formule unique : assure une parfaite tenue de votre appareil tout au long de la journée, vous permet de croquer et de manger avec plaisir vos aliments préférés, vous apporte un grand confort et permet d'éviter les irritations en formant une barrière de protection qui empêche les particules alimentaires de s'insérer entre l'appareil et les gencives. || 
87,94€ / Kg || 
6,20 € || 
Crème fixative pour appareils dentaires, neutral || Le tube de 47g || Origine : FRANCE || Fixodent Neutral vous assure toute la tenue et l'aisance que vous attendez d'une crème adhésive dentaire. Il ne contient aucun colorant ni arôme artificiel. Il a ainsi un goût neutre et sa formule diminue les risques d'hypersensibilité. FIXODENT - ETLA VIE A DU MORDANT ! || 
101,25€ / L || 
4,05 € || 
Crème fixative pour appareils dentaires, Original || Le tube de 47g || Origine : FRANCE || Fixodent Original est le soin classique de Fixodent qui vous assure un grand confort et une bonne tenue pour toute la journée. Vous pouvez ainsi sourire, parler, boire et manger en toute confiance. FIXODENT - ET LA VIE A DU MORDANT! || 
84,25€ / L || 
3,37 € || 
Crème fixative pour appareil, fixation forte et longue durée || Le tube de 40g || Origine : IRAN || Assure une fixation forte et de longue durée. Evite l'infiltration de particules alimentaires en formant une barrière protectrice entre l'appareil et la gencive. || Nettoyez votre appareil et séchez le. Appliquez la crème en bandes courtes en vous éloignant des bords. Rincez vous la bouche. Remettez l'appareil en le maintenant fermement en place et mordez pendant quelques secondes pour assurer la fixation. Tropde crème peut provoquer un débordement, diminuez la dose si cela se produit. Utilisez une fois par jour. Certaines personnes peuvent être aller allergiques à ce produit. En cas de réaction allergique, arrêtez l'utilisation immédiatement. Utilisé conformément au mode d'emploi, l'ingestion de petites quantités de crème peut avoir lieu et n'est pas nocive. Un appareil mal ajusté peut nuire à votre santé. Consultez régulièrement votre dentiste. Tenir hors de la portée des enfants. || Calcium/sodium pvm/ma copolymer, petrolatum, cellulose gum, paraffinum liquidum, aroma, CI73360, CI15850:1. Ne contient pas de zinc. || A conserver dans un endroit frais et sec. || 
105,25€ / Kg || 
4,21 € || 
Creme fixative pour appareil dentaire, hypoallergénique || Le tube de 40g || Origine : IRAN || Assure une fixation forte et de longue durée. Evite l'infiltration de particules alimentaires en formant une barrière protectrice entre l'appareil et la gencive. || Nettoyez votre appareil et séchez le. Appliquez la crème en bandes courtes en vous éloignant des bords. Rincez vous la bouche. Remettez l'appareil en le maintenant fermement en place et mordez pendant quelques secondes pour assurer la fixation. Lorsde la première utilisation, commencez avec une petite quantité de crème. Augmentez la quantité si besoin. Utilisez une fois par jour. Certaines personnes peuvent être allergiques à ce produit. En cas de réaction allergique, arrêtez l'utilisation immédiatement. Utilisé conformément au mode d'emploi, l'ingestion de petites quantités de crème peut avoir lieu et n'est pas nocive. Un appareil mal ajusté peut nuire à votre santé. Tenir hors de la portée des enfants.  Consultez régulièrement votre dentiste. || Calcium/sodium pvm/ma copolymer, petrolatum, cellulose gum, paraffinum liquidum. Ne contient pas de zinc. || A conserver dans un endroit frais et sec. || 
109,50€ / Kg || 
4,38 € || 
Crème fixative pour appareil partiel || Le tube de 40g || Origine : ROYAUME UNI || Cellulose Gum, Petrolatum, Calcium/Sodium PVM/MA Copolymer, Paraffinum Liquidum. NE CONTIENT PAS DE ZINC. || 
113,00€ / Kg || 
4,52 € || 
Nettoyant pour appareils dentaires, anti-bacterien || La boîte de 36 comprimés || Origine : IRAN || Cette formule contient des agents anti bactériens et anti plaque qui en libérant de l'oxygène actif aident à réduire les particules microbiennes prévenant ainsi les irritations des gencives. || Mettez un comprimé Polident dans un verre d'eau tiède (pas chaude) jusqu'à ce que votre appareil dentaire (partiel ou complet) soit entièrement recouvert par la solution de trempage. Laissez tremper votre appareil dentaire environ 15 min. Vous pouvezégalement le laisser tremper toute la nuit. Pour un nettoyage optimal, brossez votre appareil avec la solution de trempage. Jetez la solution restante immédiatement après utilisation. Rincez soigneusement votre appareil dentaire à l'eau courante. Nepas porter les comprimés ou la solution à la bouche. Ne pas boire la solution ni l'utiliser comme un bain de bouche. Ne pas se toucher la bouche ou les yeux après avoir manipulé les comprimés ou la solution. Ne pas utiliser en cas d'allergie à l'undes ingrédients. Provoque une sévère irritation des yeux. Se laver soigneusement les mains après manipulation. En cas de contact avec les yeux : rincer avec précaution à l'eau pendant plusieurs minutes. Si l'irritation oculaire persiste : consulter un médecin. Tenir hors de la portée des enfants et des personnes risquant d'avaler accidentellement le comprimé ou la solution. En cas d'ingestion : appeler un centre antipoison ou un médecin. En cas d'irritation cutanée : arrêter l'utilisation et consulter un médecin. || Sodium bicarbonate, citric acid, potassium caroate, sodium carbonate, sodium carbonate peroxide, taed, sodium benzoate, peg-180, sodium lauryl sulfoacetate, pvp/va copolymer, aroma, subtilisin, CI42090, CI73015. || A conserver dans un endroit frais et sec à une température inférieure à 25°C. || 
0,09€ / Pce || 
3,14 € || 
Nettoyant pour appareils dentaires, anti-bactérien, anti-plaque || La boîte de 108 comprimés || Origine : FRANCE || 
0,05€ / Pce || 
5,55 € || 
Comprimés nettoyants pour prothèses dentaires || La boîte de 128 comprimés || Origine : ALLEMAGNE || Steradent Pureté Active agit même là ou votre brosse à dents ne peut aller. Sa formule nettoie votre prothèse dentaire en profondeur et élimine 50% de plaque de plus qu'un simple brossage. || Rincez votre appareil à l'eau. Placez le dans un verre et ajoutez un comprimé Steradent. Remplissez le verre d'eau tiède et laissez agir 10 min. N'utilisez pas d'eau bouillante, cela pourrait endommager votre appareil. Rincez soigneusement votre appareil avec de l'eau avant de le remettre en bouche. Après usage, jetez la solution et rincez le verre. Ne pas mettre le comprimé dans la bouche. Ne pas boire la solution. Conserver hors de la portée et de la vue des enfants. En cas d'ingestion, consulter immédiatement un médecin. En cas d'éclaboussure, rincer abondamment avec de l'eau. Ne pas utiliser avec un autre nettoyant. Ne pas utiliser en cas d'hypersensibilité connue à l'un des ingrédients. En cas de contact avec les yeux, rincer immédiatement et abondamment avec de l'eau puis demander un avis médical. Jeter la solution et les résidus de comprimé dans un endroit approprié. Conserver la boite, la date de péremption, les précautions d'emploi et le mode d'emploi y figurent. Nettoyant pour prothèses dentaires uniquement. || Sodium bicarbonate, sodium sulfate, citric acid, sodium carbonate peroxide, sodium carbonate, potassium caroate, malic acid, peg-150, peg-90, sodium cocoyl isethionate, aroma, glucose, sodium chloride, CI73015. || Conserver dans un endroit frais et sec. || 
0,06€ / Pce || 
7,20 € || 
Comprimés nettoyants pour prothèses dentaires || La boîte de 36 comprimés || Origine : ALLEMAGNE || Grâce à la puissance de sa formule, Steradent Pureté Active libère des milliers de microbulles contenant de l'oxygène actif pour éliminer 99,9% des bactéries présentes sur votre prothèse. Steradent Pureté Active agit même là ou votre brosse à dents ne peut aller. || Rincez votre appareil à l'eau. Placez le dans un verre et ajoutez un comprimé Steradent. Remplissez le verre d'eau tiède et laissez agir 10 minutes. N'utilisez pas d'eau bouillante, cela pourrait endommager votre appareil. Rincez soigneusement votreappareil avec de l'eau avant de le remettre en bouche. Après usage, jetez la solution et rincez le verre. Ne pas mettre le comprimé dans la bouche. Ne pas boire la solution. Conserver hors de la portée et de la vue des enfants. En cas d'ingestion, consulter immédiatement un médecin. En cas d'éclaboussure, rincer abondamment avec de l'eau. Ne pas utiliser avec un autre nettoyant. Ne pas utiliser en cas d'hypersensibilité connue à l'un des ingrédients. En cas de contact avec les yeux, rincer immédiatement et abondamment avec de l'eau puis demander un avis médical. Jeter la solution et les résidus de comprimé dans un endroit approprié. Conserver la boite, la date de péremption, les précautions d'emploi et le mode d'emploi y figurent. || Sodium bicarbonate, sodium sulfate, citric acid, sodium carbonate peroxide, sodium carbonate, potassium caroate, malic acid, peg-150, peg-90, sodium cocoyl isethionate, aroma, glucose, sodium chloride, CI73015. || Conserver dans un endroit sec et frais. || 
0,08€ / Pce || 
2,83 € || 
Shampooing cheveux normaux aux extraits d'aloé vera bio || Le flacon de 250ml || Origine : FRANCE || Enrichi en extrait de tilleul biologique, ce shampooing rend vos cheveux doux et brillants. || Faire mousser puis rincer abondamment. Eviter le contact avec les yeux. En cas de contact avec les yeux, rincer immédiatement et abondamment à l'eau claire. Ne pas avaler et tenir hors de la portée des enfants. || Aqua, aloe barbadensis leaf juice*, tilia cordata flower water*, ammonium lauryl sulfate, cocamidopropyl betaine, glycerin, decyl glucoside, sodium chloride, benzyl alcohol, parfum, coconut acid, benzoic acid, citric acid, dehydroacetic acid, potassium sorbate, sodium benzoate, sodium hydroxide, geraniol, limonene, linalool. *Ingrédients issus de l'agriculture biologique. || 12 mois après ouverture. || 
12,32€ / L || 
3,08 € || 
Shampooing cheveux normaux aux extraits d'aloé vera bio || Le flacon de 250ml || Origine : FRANCE || Enrichi en extrait de tilleul biologique, ce shampooing rend vos cheveux doux et brillants. || Faire mousser puis rincer abondamment. Eviter le contact avec les yeux. En cas de contact avec les yeux, rincer immédiatement et abondamment à l'eau claire. Ne pas avaler et tenir hors de la portée des enfants. || Aqua, aloe barbadensis leaf juice*, tilia cordata flower water*, ammonium lauryl sulfate, cocamidopropyl betaine, glycerin, decyl glucoside, sodium chloride, benzyl alcohol, parfum, coconut acid, benzoic acid, citric acid, dehydroacetic acid, potassium sorbate, sodium benzoate, sodium hydroxide, geraniol, limonene, linalool. *Ingrédients issus de l'agriculture biologique. || 12 mois après ouverture. || 
12,32€ / L || 
3,08 € || 
Shampooing doux, Beurre de mangue et huile de riz, Cheveux secs || Le flacon de 100ml || Origine : BELGIQUE || Shampooing doux pour cheveux secs. || Evitez le contact avec les yeux. En cas de contact avec les yeux, rincez immédiatement et abondamment avec de l'eau. || Aqua, sodium laureth sulfate, disodium cocoamphodiacetate, glycerin, sodium chloride, peg-40 hydrogenated castor oil, coco glucoside, peg-4 rapeseedamide, citric acid, parfum, sodium benzoate, polyquaternium-10, peg/ppg/14/4 dimethicone, potassium sorbate, mangifera indica seed butter, sodium styrene/acrylates copolymer, hexyl cinnamal, benzyl salicylate, tetrasodium edta, linalool, propylene glycol, oryza sativa bran oil, sodium lauryl sulfate, trideceth-7, pentaerythrityl tetra-di-t-butyl hydroxyhydrocinnamate, sodium hydroxide, CI15985, CI47005. || 18 mois après ouverture. || 
17,40€ / L || 
1,74 € || 
Shampooing doux, Beurre de mangue et huile de riz, Cheveux secs || Le flacon de 250ml || Origine : BELGIQUE || Enrichi en beurre de mangue et en huile de riz, le shampooing doux Monoprix cheveux secs nourrit vos cheveux jusqu'aux pointes sans les alourdir. Ils sont doux, légers et faciles à coiffer. Les cheveux secs retrouvent tout leur souplesse et leur brillance. Ce shampooing lave vos cheveux tout en douceur et respecte votre cuir chevelu. || Pour usage fréquent. Appliquez le shampooing sur cheveux mouillés. Faites mousser et massez le cuir chevelu en douceur, puis rincez abondamment. Evitez le contact avec les yeux. En cas de contact avec les yeux, rincez immédiatement et abondamment avec de l'eau. || Aqua, sodium laureth sulfate, disodium cocoamphodiacetate, glycerin, sodium chloride, peg-40 hydrogenated castor oil, coco-glucoside, peg-40 hydrogenated castor oil, coco-glucoside, peg-4 rapeseedamide, citric acid, parfum, sodium benzoate, polyquaternium-10, peg/ppg-14/4 dimethicone, potassium sorbate, mangifera indica seed butter, sodium styrene/acrylates copolymer, hexylcinnamal, benzyl salicylate, tetrasodium edta, linalool, propylene glycol, oryza sativa bran oil, sodium lauryl sulfate, trideceth-7, pentaerythrityl tetra-di-t-butyl hydroxyhydrocinnamate, sodium hydroxide, Cl15985, Cl47005. || 18 mois après ouverture. || 
9,48€ / L || 
2,37 € || 
Shampooing doux, Camomille et mirabelle, Cheveux blonds || Le flacon de 250ml || Origine : BELGIQUE || Enrichi en extraits de camomille et de mirabelle, le shampooing doux Monoprix pour les cheveux blonds préserve les beaux reflets naturels de vos cheveux. Ils sont doux, légers, brillants et faciles à coiffer. Les cheveux blonds sont sublimés et retrouvent tout leur éclat et leur luminosité. Ce shampooing lave vos cheveux tout en douceur et respecte votre cuir chevelu. || Pour un usage fréquent. Appliquez le shampooing sur cheveux mouillés. Faites mousser et massez le cuir chevelu en douceur, puis rincez abondamment. Eviter le contact avec les yeux. En cas de contact avec les yeux, rincer abondamment avec de l'eau. || 18 mois après ouverture. || 
9,48€ / L || 
2,37 € || 
Shampooing doux, Cédrat et anis, Cheveux à tendance grasse || Le flacon de 250ml || Origine : BELGIQUE || Enrichi en extraits de cédrat, d'anis et d'ortie, le shampooing doux Monoprix pour les cheveux à tendance grasse purifie et rafraîchit votre cuir chevelu. Vos cheveux sont doux, légers et faciles à coiffer. Ils retrouvent tout leur tonus et leur brillance. Ce shampoing lave vos cheveux tout en douceur et respecte votre cuir chevelu. || Appliquez le shampooing sur cheveux mouillés. Faites mousser et massez le cuir chevelu en douceur, puis rincez abondamment. Evitez le contact avec les yeux. En cas de contact avec les yeux, rincez immédiatement et abondamment avec de l'eau. || Aqua, sodium laureth sulfate, cocamidopropyl betaine, peg-60 almond glycerides, sodium chloride, glycerin, parfum, sodium benzoate, citric acid, limonene, potassium sorbate, benzyl salicylate, propylene glycol, citral, tetra sodium edta, pimpinella anisum seed extract, urtica dioica leaf extract, citrus medica vulgaris fruit extract, hedera helix leaf/stem extract, eruca sativa leaf extract, nasturtium officinale flower/leaf extract, sodium hydroxide, Cl42090, Cl19140. || 18 mois après ouverture. || 
9,48€ / L || 
2,37 € || 
Shampooing doux, Cheveux normaux, Goyave et fleur de tilleul || Le flacon de 500ml || Origine : SUISSE || Enrichi en extraits de goyave et de leur de tilleul, le shampooing doux Monoprix cheveux normaux apporte force et éclat à vos cheveux. Ils sont doux, légers et faciles à coiffer. Vos cheveux retrouvent toute leur vitalité et leur brillance. Ce shampooing lave vos cheveux tout en douceur et respecte votre cuir chevelu. || Pour un usage fréquent. Appliquez le shampooing sur cheveux mouillés. Faites mousser et massez le cuir chevelu en douceur, puis rincez abondamment. Evitez le contact avec les yeux. En cas de contact avec les yeux rincez immédiatement et abondamment avec de l'eau. || Aqua, sodium laureth sulfate, cocamidopropyl betaine, sodium chloride, peg-7 glyceryl cocoate, parfum, hexyl cinnamal, sodium benzoate, citric acid, polyquaternium-10, hexylene glycol, potassium sorbate, butylene glycol, glycerin, tetrasodium edta, tilia cordata flower extract, psidium guajava fruit extract, sodium hydroxide, Cl47005, Cl15985, Cl42051. || 18 mois après ouverture. || 
6,32€ / L || 
3,16 € || 
Shampooing doux, Goyave et fleur de tilleul, Cheveux normaux || Le flacon de 100ml || Origine : BELGIQUE || Shampooing doux pour les cheveux normaux aux extraits de goyave et de fleur de tilleul. || En cas de contact avec les yeux, rincer immédiatement et abondamment avec de l'eau. || Aqua, sodium laureth sulfate, cocamidopropyl betaine, sodium chloride, peg-7 glyceryl cocoate, parfum, hexyl cinnamal, sodium benzoate, citric acid, polyquaternium-10, hexylene glycol, potassium sorbate, butylene glycol, glycerin, tetrasodium edta, tilia cordata flower extract, psidium guajava fruit extract, sodium hydroxide, CI47005, CI15985, CI42051. || 18 mois après ouverture. || 
17,40€ / L || 
1,74 € || 
Shampooing doux, Goyave et fleur de tilleul, Cheveux normaux || Le flacon de 250ml || Origine : BELGIQUE || Enrichi en extraits de goyave & fleur de tilleul, le shampooing doux Monoprix cheveux normaux apporte force et éclat à vos cheveux. Vos cheveux sont doux, brillants & faciles à coiffer. il lave vos cheveux tout en douceur et respecte votre cuir chevelu. || Pour usage fréquent. Appliquez le shampooing sur cheveux mouillés. Faites mousser et massez le cuir chevelu en douceur, puis rincez abondamment. Evitez le contact avec les yeux. En cas de contact avec les yeux, rincez immédiatement et abondamment avec de l'eau. || Aqua, sodium laureth sulfate, cocamidopropyl betaine, sodium chloride, peg-7 glyceryl cocoate, parfum, hexyl cinnamal, sodium benzoate, citric acid, polyquaternium-10, hexylene glycol, potassium sorbate, butylene glycol, glycerin, tetrasodium edta, tilia cordata flower extract, psidium guajava fruit extract, sodium hydroxide, Cl47005, Cl15985, Cl42051. || 18 mois après ouverture. || 
9,48€ / L || 
2,37 € || 
Shampooing doux, Henné et huile de noix de macadamia, Cheveux bruns || Le flacon de 250ml || Origine : BELGIQUE || Enrichi en extrait de henné et en huile de noix de macadamia, le shampooing doux Monoprix pour les cheveux bruns révèle toutes les nuances de vos cheveux. Ils sont doux, légers et faciles à coiffer. Les cheveux bruns sont sublimés et retrouvent toutleur éclat et leur brillance. Ce shampooing lave vos cheveux tout en douceur et respecte votre cuir chevelu. || Pour usage fréquent. Appliquez le shampooing sur cheveux mouillés. Faites mousser et massez le cuir chevelu en douceur, puis rincez abondamment. Evitez le contact avec les yeux. En cas de contact avec les yeux, rincez immédiatement et abondamment avec de l'eau. || 18 mois après ouverture. || 
9,48€ / L || 
2,37 € || 
Shampooing sec, Cédrat et fleur d'oranger || La bombe de 150ml || Origine : FRANCE || Enrichi en extrait de cédrat et parfum de synthèse fleur d'oranger, le shampooing sec Monoprix absorbe l'excès de sébum et nettoie les cheveux sans les mouiller. Les cheveux sont souples et soyeux. Ils retrouvent toute la fraîcheur et la légèreté d'un cheveu propre. Elaboré pour un usage fréquent, ce shampooing respecte et purifie votre cuir chevelu et permet d'espacer les shampooings classiques. Testé sous contrôle dermatologique. || Bien agiter avant emploi. A utiliser sur cheveux secs. Maintenir le flacon en position verticale à 15 cm des cheveux et pulvériser en insistant sur les racines. Laisser agir 2 minutes puis brosser pour enlever tout excédent de produit. En cas de non-fonctionnement, rincer le diffuseur à l'eau tiède. Utiliser et conserver à l'écart de toute flamme ou source d'ignition et d'étincelles, source de chaleur ou appareil électrique en fonctionnement. Ne pas fumer. Conserver hors de portée des enfants. Ne pas respirer les vapeurs. Utiliser seulement dans les zones bien ventilées. En cas d'ingestion, consulter immédiatement un médecin et lui montrer l'emballage ou l'étiquette. Récipient sous pression. A protéger contre les rayons solaires et à ne pasexposer à une température supérieure à 50°C. Ne pas percer ou brûler, même après usage. Ne pas vaporiser vers une flamme ou un corps incandescent. Procéder par de brèves pressions sans pulvérisations prolongées. Eviter le contact avec les yeux. En cas de contact avec les yeux, laver immédiatement et abondamment avec de l'eau. Ne pas utiliser pour un usage autre que celui pour lequel il est destiné. || 
27,40€ / L || 
4,11 € || 
Shampooing très doux à l'amande douce, Tous types de cheveux || Le flacon de 400ml || Origine : FRANCE || Le shampooing très doux à l'amande douce Monoprix apporte douceur et brillance aux cheveux de toute la famille. Vos cheveux sont protégés. || Appliquez sur cheveux mouillés. Massez en douceur. Rincez abondamment. Evitez le contact avec les yeux. En cas de contact avec les yeux, rincez immédiatement et abondamment avec de l'eau. Ne convient pas aux enfants de moins de 8 ans. || Aqua, sodium laureth sulfate, sodium chloride, disodium cocoamphodiacetate, glycol distearate, laureth-3, parfum, laureth-4, potassium sorbate, citric acid, cocamidopropyl betaine, peg-60 almond glycerides, propylene glycol, polyquaternium-10, panthenol, glycerin, methylisothiazolinone, formic acid. || 12 mois après ouverture. || 
4,25€ / L || 
1,70 € || 
Shampooing très doux au beurre de Karité, pour cheveux très secs ou frisés || Le flacon de 400ml || Origine : FRANCE || Le shampooing très doux au beurre de karité Monoprix nourrit les cheveux très secs ou frisés de toute la famille. Vos cheveux sont doux et soyeux. || Appliquez sur cheveux mouillés. Massez en douceur. Rincez abondamment.  Il peut être utilisé aussi souvent que vous le souhaitez. Evitez le contact avec les yeux. En cas de contact avec les yeux, rincez immédiatement et abondamment avec de l'eau. Neconvient pas aux enfants de moins de 8 ans. || Aqua, sodium laureth sulfate, sodium chloride, disodium cocoamphodiacetate, glycol distearate, peg-40 hydrogenated castor oil, laureth-4, peg-7 glyceryl cocoate, parfum, citric acid, cocamidopropyl betaine, potassium sorbate, polyquaternium-10, butyrospermum parkii butter, glycerin, formic acid, methylisothiazolinone, sodium hydroxide, tocopherol. || 12 mois après ouverture. || 
4,10€ / L || 
1,64 € || 
Shampooing, Nutri-régénérante pour cheveux dénaturés || Le flacon de 250ml || Origine : EL SALVADOR || Sa formule shampooing, aux 3 huiles précieuses d'argan, de camélia et de pracaxi, nourrit, répare, protège et restaure la barrière lipidique de la fibre. || En cas de contact avec les yeux, les rincer immédiatement. || aqua, sodium laureth sulfate, coco-betaine, sodium chloride, pph-5-ceteth-20, peg-55 propylene glycol oleate, CI 14700/red 4, cocamide mipa, linalool, caramel, geraniol, argania spinosa oil/argania spinosa kernel oil, amodimethicone, camellia oleifera seed oil, methyl cocoate, sodium benzoate, salicylic acid, sodium cocoate, sodium hydroxide, coumarin, limonene, propylene glycol, laureth-5 carboxylic acid, citric acid, pentaclethra macroloba oil/pentaclethra macroloba seed oil, polyquaternium-10, hexyl cinnamal, benzyl salicylate, benzyl alcohol, parfum (FIL C53740/1). || 12 mois après ouverture. || 
19,52€ / L || 
4,88 € || 
Shampooing anti-dessèchement, cheveux secs désséchés || Le flacon de 250ml || Origine : FRANCE || Sa formule enrichie en huile nutritive et en pro-vitamine B5 nourrit intensément, protège et redonne douceur à vos cheveux. || Aqua, sodium laureth sulfate, disodium cocoamphodiacetate, dimethicone,sodium chloride, cetyl alcohol, hydroxystearyl cetyl ether, PPG-5-ceteth-20, cocamide mipa, carbomer, isobutylparaben, glycine, alpha-isomethyl ionone, methylparaben, sodium methylparaben, vitis vinifera, dmdm hydantoin, coumarin, phenoxyethanol, tocopheryl acetate, propylene glycol, propylparaben, guar hydroxypropyltrimonium chloride, citronellol, panthenol, ethylhexyl methoxycinnamate, butylphenyl methylpropional, ethylparaben, butylparaben, benzyl benzoate, benzyl salicylate, parfum, (FIL C19983/6). || 
17,92€ / L || 
4,48 € || 
Shampooing concentré de nutrition aux 2 huiles riches d'onagre et de sésame, cheveux très desséchés, rêches et ternes || Le flacon de 250ml || Origine : FRANCE || Sa formule fondante et onctueuse, enrichie aux 2 huiles riches d'onagre et de sésame, imprègne généreusement la chevelure pour la nourrir et la regalber sur toute sa longueur.Jour après jour, intensément nourris, les cheveux retrouvent galbe, extrêmedouceur et éclat. Appréciez au toucher cette belle matière fluide et soyeuse. || Emulsionnez en commençant par la nuque et répartissez en massant la chevelure à la racine avec des gestes circulaires. Rincez à l'eau tiède. En cas de contact avec les yeux, rincez immédiatement. || Aqua / water, sodium laureth sulfate, disodium cocoamphodiacetate, glycerin, glycol distearate, sodium chloride, CI 19140 / yellow 5, CI 17200 / red 33, cocamide mea, sesamum indicum oil / sésame seed oil, carbomer, alpha-isomethyl ionone, sodium benzoate, salicylic acid, sodium hydroxide, coumarin, oenothera biennis oil / evening primrose oil, citronellol, citric acid, hexylene glycol, polyquaternium-10, butylphenyl methylpropional, benzyl benzoate, benzyl salicylate, parfum / fragrance.(FIL C34440/1). || 12 mois après ouverture. || 
18,48€ / L || 
4,62 € || 
Shampooing nutri-ensoleillant, Cheveux blonds naturels || Le flacon de 250ml || Origine : FRANCE || Programme blond soleil : nourrit et éclaircit progressivement votre blond. Objectif éclaircissement : 1 ton.Sa formule enrichie en extraits de citron éclaircissants convient à tous types de blond naturel, ses extraits de camomille adoucissent et nourrissent jour après jour la fibre. || Pour cheveux blonds naturels. En cas de contact avec les yeux, les rincer immédiatement. || Aqua/water, sodium laureth sulfate, disodium cocoamphodiacetate, citric acid, glycol distearate, sodium chloride, ammonium hydroxide, peg-55 propylene glycol oleate, ppg-5-ceteth-20, Cl 19140/yellow 5, linalool, carbomer, sodium glycolate, sodium benzoate, salicylic acid, sodium hydroxide, chamomilla recutita extract/matricaria flower extract, limonene, propylene glycol, citrus medica limonum extract/lemon fruit extract, citronellol, hexylene glycol, polyquaternium-10, hexyl cinnamal, butylphenyl methylpropional, benzyl salicylate, benzyl alcohol, parfum/fragrance (FIL C50057/2). || 12 mois après ouverture. || 
18,76€ / L || 
4,69 € || 
Shampooing nutri-illuminant, Cheveux blonds colorés || Le flacon de 250ml || Origine : FRANCE || Nourrit la fibre et illumine le blond. Eclat infaillible, comme un blond qui ne vire pas.Sa formule enrichie en huile de passiflore nourrit intensément la fibre capillaire sensibilisée par la coloration. Ses nacres anti-ternissement conservent intactl'éclat de votre couleur. || Pour cheveux blonds colorés ou décolorés. || Aqua/water, sodium laureth sulfate, dimethicone, coco-betaine, glycol distearate, sodium chloride, cocamide mipa, linalool, carbomer, alpha-isomethyl ionone, methyl cocoate, sodium benzoate, salicylic acid, sodium cocoate, sodium hydroxide, limonene,guar hydroxypropyltrimonium chloride, citronellol, citric acid, passiflora incarnata/passiflora incarnata seed oil, hexylene glycol, ethylhexyl methoxycinnamate, hexyl cinnamal, benzyl salicylate, benzyl alcohol, parfum/fragrance. (FIL C50058/1). || 12 mois après ouverture. || 
18,76€ / L || 
4,69 € || 
Shampooing nutri-lustrant, cheveux méchés ou balayés, || Le flacon de 250ml || Origine : FRANCE || Le shampooing Mèches Lumière offre un véritable bain d'éclat à vos mèches. Sa formule enrichie en extrait de graines de tournesol nourrit et protège la fibre capillaire.Son filtre UV protecteur préserve les mèches des agressions quotidiennes. Jour après jour, vos mèches sont protégées, nourries, lustrées pour une véritable mise en lumière de la chevelure. || Emulsionnez en commençant par la nuque et répartissez en massant votre chevelure à la racine, avec des gestes circulaires. Rincez à l'eau tiède pour éliminer les résidus et finissez par un rinçage à l'eau froide pour plus de brillance. En cas de contact avec les yeux, les rincer immédiatement. || Aqua/water, sodium laureth sulfate, coco-betaine, sodium chloride, ppg-5-ceteth-20, peg-55 propylene glycol oleate, peg-60 hydrogenated castor oil, Cl19140/yellow 5, Cl 14700/red 4, cocamide mipa, linalool, isobutylparaben, amodimethicone, methylparaben, methyl cocoate, sodium benzoate, salicylic acid, sodium cocoate, helianthus annuus/sunflower seed extract, propylene glycol, camphor benzalkonium methosulfate, propylparaben, laureth-5 carboxylic acid, polyquaternium-10, butylparaben, ethylparaben, butylphenyl methylpropional, benzyl salicylate, parfum/fragrance. (F.I.L. C25618/1). || 12 mois après ouverture. || 
17,92€ / L || 
4,48 € || 
Shampooing nutri-repulpeur, Cheveux mature fragilisés || Le flacon de 250ml || Origine : FRANCE || Le programme Age Sublime orchidée redonne matière et éclat à vos cheveux. La matière interne de la fibre est reconstituée, la chevelure visiblement plus dense et l'éclat somptueux. || Pour cheveux matures, fragilisés. Appliquez le soins à rincer nutri-repulpeur après votre shampooing pour un effet injection de matière. En cas de contact avec les yeux, les rincer immédiatement. || Aqua/water sodium laureth sulfate, disodium cocoamphodiacetate, glycol disterate, sodium chloride, sodium laureth-8 sulfate, cocamide mipa, linalool, carbomer, methyl cocoate, sodium benzoate, sodium oleth sulfate, salicylic acid, sodium hyaluronate,vanilla planifolia extract/vanillia planifolia fruit extract, sodium cocoate, sodium hydroxide, 2-oleamido-1, 3-octadecanediol, magnesium laureth-8 sulfate, magnesium  laureth sulfate, magnesium oleth sulfate, alcohol denat, hydroxypropyl guar hydroxypropyltrimonium chloride, citric acid, hexylene glycol, polyquarternium-30, benzyl salicylate, benzyl alcohol, parfum/fragrance (F.I.L. c1603312/2) || 12 mois après ouverture. || 
20,56€ / L || 
5,14 € || 
Shampooing raviveur de couleur, Cheveux colorés || Le flacon de 250ml || Origine : FRANCE || Sa nouvelle formule associe un AHA révélateur d'éclat qui restaure la fibre capillaire pour une matière lisse et brillante + un filtre UV qui assure une protection optimale à vos cheveux.Fini les couleurs endormies, votre couleur est réveillée, protégée et éclatante pour longtemps ! || Massez doucement et rincez abondamment à l'eau tiède. En cas de projection dans les yeux, les rincer immédiatement || Aqua/water, sodium laureth sulfate, dimethicone, disodium cocoamphodiacetate, sodium chloride, cetyl alcohol, hydroxystearyl cetyl ether, guar hydroxypropyltrimonium chloride, cocamide mipa, sodium methylparaben, dmdm hydantoin, sodium cocoate, phenoxyethanol, PPG-5-ceteth-20, ethylparaben, camphor benzalkonium methosulfate, benzyl benzoate, benzyl salicylate, propylene glycol, propylparaben, isobutylparaben, alpha-isomethyl ionone, carbomer, citric acid, butylphenyl methylpropional, citronellol, methylparaben, methyl cocoate, butylparaben, coumarin, parfum (FIL C25409/2). || 12 mois après ouverture. || 
18,32€ / L || 
4,58 € || 
Shampooing régulateur, racines grasses, pointes sèches || Le flacon de 250ml || Origine : FRANCE || Sa nouvelle formule enrichie en argile douce associée à un extrait de limette et à la pro-vitamine B5 régule le cuir chevelu, purifie les racines et adoucit les pointes.Vos cheveux sont légers, doux et brillants, comme à la sortie de mes salons. || Appliquez sur cheveux mouillés, massez doucement et rincez abondamment à l'eau tiède. En cas de projection dans les yeux, rincez immédiatement. || Aqua/water, sodium laureth sulfate, cocamidopropyl betaine, dimethicone, cetyl alcohol, cocamide mipa, hydroxystearyl cetyl ether, sodium chloride, Cl47005/yellow 10, Cl42090/blue 1, tocopheryl acetate, sodium methylparaben, dmdm hydantoin, phenoxyethanol, ppg-5-ceteth-20, ethylparaben, polyquaternium-10, limonene, benzyl salicylate, panthenol, linalool, propylene glycol, kaolin, propylparaben, isobutylparaben, carbomer, butylphenyl methylpropional, citrus aurantifolia/lime oil, litsea cubeba/litsea cubeba fruit oil, citral, methylparaben, butylparaben, glycine, parfum. (F.I.L. C22330/1). || 12 mois après ouverture. || 
17,52€ / L || 
4,38 € || 
Shampooing réparateur, cheveux abîmés et fragilisés || Le flacon de 250ml || Origine : FRANCE || Action resurfaçante immédiate : elle cible et comble les zones abîmées et poreuses du cheveu pour en réparer parfaitement la surface. Action profonde jour après jour.Seul un grand coiffeur connait le secret d'une chevelure resplendissante, éclatantede santé et sélectionne les soins adaptés aux cheveux les plus abîmés, carencés, poreux. Découvrez Re-Structure, le nouveau programme Dessange combleur et réparateur. || Appliquez sur cheveux mouillés, massez doucement et rincez abondamment à l'eau tiède. En cas de projection dans les yeux, rincez immédiatement. || Aqua/water, sodium laureth sulfate, dimethicone, coco-betaine, cetyl alcohol, hydroxystearyl cetyl ether, sodium chloride, ppg-5-ceteth-20, cocamide mipa, carbomer, isobutylparaben, glycine, alpha-isomethyl ionone, methylparaben, sodium methylparaben, 2-oleamido-1,3-octadecanediol, dmdm hydantoin, coumarin, phenoxyethanol, tocopheryl acetate, propylene glycol, propylparaben, guar hydroxypropyltrimonium chloride, citronellol, panthenol, butylphenyl methylpropional, ethylparaben, butylparaben, benzyl benzoate, benzyl salicylate, parfum/fragrance. (F.I.L. C19018/6). || 12 mois après ouverture. || 
18,84€ / L || 
4,71 € || 
Shampooing sec, Retouche éclat, Idéal cheveux blonds et clairs || La bombe de 150ml || Origine : FRANCE || Le shampooing sec Retouche Eclat, idéal cheveux blonds et clairs, vous apporte fraîcheur & volume dès la racine sans mouiller vos cheveux. Sa formule purifiante enrichie à l'extrait d'amla nettoie instantanément les cheveux tout en leur apportant ducorps dès la racine. Une formule douce qui préserve le toucher naturel de vos cheveux. || Bien agiter avant emploi. Sur cheveux secs, diffusez le shampooing sec à environ 15 cm des cheveux en insistant sur les racines. Laissez agir 2 min puis brossez soigneusement des racines jusqu'aux pointes. Pour un volume renforcé, décoller vos racines en toute légèreté à l'aide du souffle du sèche-cheveux. En cas d'obstruction du système de diffusion, rincer simplement l'embout diffuseur à l'eau chaude. Récipient sous pression. Ne pas percer ou brûler même après usage. Ne pas vaporiser vers uneflamme ou un corps incandescent. Conserver à l'écart de toute flamme ou source d'étincelles ou d'ignition. Ne pas fumer. Conserver hors de la portée des enfants. Eviter de vaporiser vers les yeux ou sur une peau irritée et d'inhaler intentionnellement. Ne pas utiliser pour un usage autre que celui pour lequel le produit est destiné. Ne pas utiliser dans une atmosphère confinée. || Butane, alcohol denat, isobutane, oryza sativa starch/rice starch, propane, isopropyl myristate, CI77492/iron oxides stearalkonium hectorite, linalool, dimethicone, alpha-isomethyl ionone, amyl cinnamal, phyllanthus emblica fruit extract, dicocoylethyl hydroxyethylmonium methosulfate, limonene, propylene glycol, propylene carbonate, citronellol, hexyl cinnamal, butylphenyl methylpropional, benzyl salicylate, benzyl alcohol, parfum/fragrance (fil C161612/2). || A protéger contre les rayons solaires et à ne pas exposer à une température supérieure à 50°C. || 
58,73€ / L || 
8,81 € || 
Shampooing sec, Retouche éclat, Idéal cheveux bruns et foncés || La bombe de 150ml || Origine : FRANCE || Shampooing sec retouche éclat idéal cheveux bruns et foncés. A tout moment de la journée, vos cheveux retrouvent fraîcheur et volume, pour un résultat éclatant de beauté. Enrichie en pigments bruns subtils, sa formule ne laisse aucuns résidus blancsvisibles, pour un éclat infaillible des cheveux bruns ou foncés. Pratique, son format sac à main vous accompagne au quotidien pour une retouche éclat de tous les instants. || Bien agiter avant emploi. Sur cheveux secs, diffusez le shampooing sec retouche éclat à environ 15 centimètres des cheveux en insistant sur les racines. Laissez agir 2 minutes puis brossez soigneusement des racines jusqu'aux pointes. Pour un volume renforcé, décoller vos racines en toute légèreté à l'aide du souffle du sèche-cheveux. En cas d'obstruction du système de diffusion, rincer simplement l'embout diffuseur à l'eau chaude. Récipient sous pression. A protéger contre les rayons solaires età ne pas exposer à une température supérieure à 50°C. Ne pas percer ou brûler même après usage. Ne pas vaporiser vers une flamme ou un corps incandescent. Conserver à l'écart de toute flamme ou source d'étincelles ou d'ignition. Ne pas fumer. Conserver hors de la portée des enfants. Eviter de vaporiser vers les yeux ou sur une peau irritée et d'inhaler intentionnellement. Ne pas utiliser pour un usage autre que celui pour lequel le produit est destiné. Ne pas utiliser dans une atmosphère confinée. || Butane, alcohol denat., isobutane, propane, oryza sativa starch / rice starch, isopropyl myristate, Cl77491, Cl77499 / iron oxydes, Cl77492 / iron oxydes, stearalkonium hectorite, linalool, dimethicone, alpha-isomethyl ionone, amyl cinnamal, phyllanthus emblica fruit extract, dicocoylethyl hydroxyethylmonium methosulfate, limonene, propylene glycol, propylene carbonate, citronellol, hexyl cinnamal, butylphenyl methylpropional, benzyl salicylate, benzyl alcohol, parfum/fragrance (fil C161619/2). || 
58,73€ / L || 
8,81 € || 
Shampoing embellisseur Nutri Gloss || Les 2 flacons de 250ml || Origine : FRANCE || Habillez vos cheveux d'une brillance miroir! L'Oréal Paris crée Elsève Nutri-Gloss à la protéine + perle. Vos cheveux sont plus doux et 3x plus brillants.* *Test instrumental après utilisationdu shampoing+ masque. || Appliquer sur cheveux mouillés, masser soigneusement sur l'ensemble du cuir chevelu puis rincer. En cas de contact avec les yeux, les rincer immédiatement. || Aqua/water, sodium laureth sulfate, sodium chloride, dimethicone, cocamidopropyl betaine, cyclodextrin, Cl17200/red 33, guar hydroxypropyltrimonium chloride, nacre powder, sodium benzoate, hydrolyzed wheat protein, hydrolyzed wheat starch, sodium hydroxide, PPG-5-ceteth-20, jojoba waxPEG-120 esters, salicylic acid , limonene, linalool, benzyl alcohol, alpha-isomeisomethyl ionone, carbomer, b utylphenyl methylpropional, citronellol, citric acid, hexyl cinnamal, parfum fragance (F.I.L. C46279/1). || 12 mois après ouverture. || 
15,66€ / L || 
7,83 € || 
Shampooing Anti-Casse || Le flacon de 250ml || Origine : FRANCE || Le ciment-céramide est la réplique du ciment naturel du cheveu. Il est intégré dans cette formule qui cible les zones abîmées pour combler les brèches et sceller les écailles.Fortifiées, la fibre retrouve sa structure et sa résistance. Les cheveux retrouvent une surface lisse et brillante jusqu'aux pointes. Cheveux plus résistants jusqu'aux pointes. || Appliquer sur cheveux mouillés, masser soigneusement sur l'ensemble du cuir chevelu puis rincer. En cas de contact avec les yeux, les rincer immédiatement. || Aqua/water, sodium laureth sulfate, dimethicone, disodium cocoamphodiacetate, sodium chloride, cetyl alcohol, hydroxystearyl cetyl ether, guar hydroxypropyltrimonium chloride, cocamide mipa, sodium benzoate, sodium glyconate, sodium cocoate, sodium hydroxide, PPG-5-ceteth-20, salicylic acid, limonene, linalool, benzyl salicylate, propylene glycol, 2-oleamido-1,3-octadecanediol, carbomer, citronellol, butylphenyl methylpropional, methyl cocoate, citric acid, hexyl cinnamal, glyceryl linoleate, glyceryl oleate, glyceryl linolenate, parfum/fragrance. (F.I.L. C46917/2). || 12 mois après ouverture. || 
13,72€ / L || 
3,43 € || 
Shampooing Arginine Resist X3 || Le flacon de 250ml || Origine : FRANCE || Enrichie en Arginine + Protéine la nouvelle formule Elsève offre une triple action : nourrit la racine, renforce les longueurs, le cheveu pousse plus résistant. Résultats : vos cheveux sont plus forts, plus résistants dès la racine. Ils sont beaux eten pleine santé ! || Appliquer sur cheveux mouillés, masser soigneusement sur l'ensemble du cuir chevelu pour stimuler la micro-circulation puis rincer. En cas de contact avec les yeux, les rincer immédiatement. || Aqua/water, sodium laureth sulfate, dimethicone, sodium chloride, coco-betaine, glycol distearate, guar hydroxypropyltrimonium chloride, cocamide mipa, sodium benzoate, hydroxypropyltrimonium hydrolyzed wheat protein, sodium cocoate, sodium hydroxide, arginine, salicylic acid, limonene, linalool, 2-oleamido-1,3-octadecanediol, carbomer, methyl cocoate, citric acid, hexylene glycol, hexyl cinnamal, glyceryl linoleate, glyceryl oleate, glyceryl linolenate, parfum/fragrance (FIL C48232/1). || 12 mois après ouverture. || 
14,52€ / L || 
3,63 € || 
Shampooing Boucles Sublimes || Le flacon de 250ml || Origine : FRANCE || Parce que les cheveux bouclés ou ondulés ont une structure en spirale, leurs écailles s'ouvrent plus facilement: Les boucles perdent définition et élasticité.                                                                Les Laboratoires de L'Oréalcréent ELSEVE BOUCLES SUBLIMES. Grâce à sa formule gorgée d'actifs hydratants, vos boucles deviennent rebondies, brillantes et sont protégées du dessèchement. || Appliquer sur cheveux mouillés, masser en douceur puis rincer. Pour plus de soin, utiliser les autres produits de le gamme ELSEVE BOUCLES SUBLIMES.  En cas de contact avec les yeux, les rincer immédiatement. || AQUA / WATER, SODIUM LAURETH SULFATE, DIMETHICONE COCAMIDOPROPYL BETAINE, DISTEARYL ETHER, SODIUM CHLORIDE, BEHENYL ALCOHOL, GLYCERIN, GUAR HYDROXYPROPYL TRIMONIUM CHLORIDE, COCAMIDE MIPA, SODIUM METHYLPARABEN, DMDM HYDANTOIN, HYDROXYPROPYLTRIMONIUMHYDROLYZED WHEAT PROTEIN, PPG-5-CETETH-20, P0LY0UATERNIUM-7, LIMONENE, LINALOOL, CARBOMER, LAURETH-2, HEXYL CINNAMAL, PARFUM / FRAGRANCE. (FIL. C19564/3). || Après ouverture à conserver pendant 12 mois || 
16,44€ / L || 
4,11 € || 
Shampooing Brillance || Le flacon de 250ml || Origine : FRANCE || Le complexe polymères-jojoba enrobe et nourrit la fibre sans l'alourdir.  Il agit comme un véritable soin lissage-brillance. Lissage parfait de la racine à la pointe. || Appliquer sur cheveux mouillés, masser en douceur puis rincer. En cas de projection dans les yeux, les rincer immédiatement. || aqua / water, sodium laureth sulfate, coco betaine, cetyl alcohol, hydroxystearyl cetyl ether, sodium chloride, CI 47005/acid yellow 3, guar hydroxypropyltrimonium chloride, cocamide mipa, sodium benzoate, sodium cocoate, sodium hydroxide, ppg-5-ceteth-20, jojoba wax peg-120 esters, salicylic acid, limonene, linalool, propylene glycol, carbomer, methyl cocoate, citric acid, hexyl cinnamal, parfum/fragrance. (FIL  C36516/1). || Se conserve 12 mois après ouverture. || 
15,40€ / L || 
3,85 € || 
Shampooing cheveux normaux à gras Antipelliculaire || Le flacon de 250ml || Origine : FRANCE || - Action rapide contre les pellicules persistantes                        - Action anti-récidive longue durée                                       - Élimine quasi-immédiatement les démangeaisons                           - Redonne force, brillance et beauté aux cheveux || Usage fréquent. Appliquer et masser en douceur le cuir chevelu. Rincer abondamment et recommencer si nécessaire. Formulé sur mesure pour les cheveux et cuir chevelu normaux à gras. Peut s'utiliser aussi souvent que vous le souhaitez. En cas de contact avec les yeux, les rincer immédiatement. || Aqua/water, sodium laureth sulfate, polysorbate 21, cocamidopropyl betaine, dimethicone, cetyl alcohol, Cl47005/acid yellow 3, Cl42090/blue1, hydroxystearyl cetyl ether, sodium chloride, sodium methylparaben, dmdm hydantoin, phenoxyethanol, ppg-5-ceteth-20, ethylparaben, polyquaternium-10, propylene glycol, propylparaben, isobutylparaben, piroctone olamine, carbomer, methylparaben, butylparaben, parfum/fragrance. (F.I.L. C20454/1). || Conservation 12 mois après ouverture. || 
17,92€ / L || 
4,48 € || 
Shampooing Color Vive Maxi Format || Le flacon de 400ml || Origine : FRANCE || Le Shampooing Soin Color Vive au Concentré Nutritif + filtres UVA/UVB est un shampooing soin protecteur spécialement conçu pour les cheveux colorés ou méchés: il lave en douceur, nourrit et protège la fibre capillaire des agressions extérieures. Résultat:Des cheveux colorés éclatants de santé et de couleur. || Appliquer sur cheveux mouillés, masser en douceur puis rincer. Pour plus de soin et de protection, utiliser en complément les autres soins de la gamme Elsèvecolor-vive. En cas de contact avec les yeux, les rincer immédiatement. || Aqua/water, sodium laureth sulfate, dimethicone, disodium cocoamphodiacetate, glycol distearate, propylene glycol, sodium chloride, guar hydroxypropyltrimonium chloride, tocopherol, sodium benzoate, sodium methylparaben, sodium hydroxide, ppg-5-ceteth-20, ethylparaben, ethylhexyl methoxycinnamate, salicylic acid, benzophenone-3, benzyl alcohol, benzyl salicylate, linalool, alpha-isomethyl ionone, carbomer, geraniol, butylphenyl methylpropional, citronellol, citric acid, hexyl cinnamal, parfum/fragrance. (F. I. L. C30408/1). || A utiliser dans les 12 mois après ouverture. || 
12,70€ / L || 
5,08 € || 
Shampooing Couleur & Hydratation EverPure || Le tube de 250ml || Origine : ALLEMAGNE || Sa formule sans sulfates offre un lavage d'une douceur prodigieuse. Riche en soin concentré hydratant, elle nourrit et relipide la fibre capillaire.Spécialement conçu pour les cheveux colorés et fragilisés, le système soin couleur sans sulfates EverPure préserve l'intégrité de la fibre et assure une protection optimale des cheveux colorés, limitant leur affadissement. || Appliquer sur cheveux mouillés une noisette de sa formule crème et masser délicatement en émulsionnant jusqu'à obtenir une mousse riche. Rincer abondamment. || Aqua/water, sodium cocoyl isethionate, sodium lauryl sulfoacetate, disodium laureth sulfosuccinate, sodium lauroyl sarcosinate, cocamidopropyl betaine, glycol distearate, C11-15 pareth-7, C12-13 pareth-23, C12-13 pareth-3, decyl glucoside, tocopherol, hydrogenated coconut acid, sodium chloride, sodium isethionate, sodium benzoate, sodium hydroxide, phenoxyethanol, peg-5-ceteth-20, peg-55 propylene glycol oleate, trideceth-12, polyquaternium-7, polyquaternium-10, limonene, benzoic acid, benzophenone-4, benzyl salicylate, linalool, benzyl alcohol, juniperus communis oil/juniperus communis fruit oil, amodimethicone, propylene glycol, carbomer, rosmarinus officinalis leaf oil/rosemary leaf oil, methylparaben, methylchloroisothiazolinone, methylisothiazolinone, citric acid, laureth-9, divinyl dimethicone copolymer, hexyl cinnamal, glycereth-26, glycerin, parfum/fragrance. (F.I.L. C50114/1). || 12 mois après ouverture. || 
35,24€ / L || 
8,81 € || 
Shampooing Couleur & Lissage EverPure || Le tube de 250ml || Origine : ALLEMAGNE || 
34,16€ / L || 
8,54 € || 
Shampooing Créateur de Matière Fibralogy || Le flacon de 250ml || Origine : FRANCE || 
17,68€ / L || 
4,42 € || 
Shampooing Énergie || Le flacon de 250ml || Origine : FRANCE || Gardez plus longtemps la sensation des cheveux fraîchement lavés !        Pollution, conditions de vie moderne, vos cheveux ont tendance à regraisser et à s'alourdir. Innovation des Laboratoires de L'Oréal, le Shampooing Energie retarde le regraissage des cheveux. Ils restent plus propres, plus longtemps. || Appliquer sur cheveux mouillés, masser soigneusement sur l'ensemble du cuir chevelu puis rincer. En cas de contact avec les yeux, les rincer immédiatement. || Aqua/water, sodium laureth sulfate, coco-betaine, dimethicone, cetyl alcohol, hydroxystearyl cetyl ether, cocamide mipa, sodium chloride, sodium benzoate, sodium cocoate, sodium hydroxide, PPG-5-ceteth-20, polyquaternium-10, salicylic acid, limonene,linalool, propylene glycol, 2-oleamido-1,3-octadecanediol, carbomer, citric acid, butylphenyl methylpropional, methyl cocoate, hexyl cinnamal, parfum/fragrance. (F.I.L. C46485/1). || 12 mois après ouverture. || 
13,72€ / L || 
3,43 € || 
Shampooing Force & Réparation EverForce || Le tube de 250ml || Origine : ALLEMAGNE || Spécialement conçu pour les cheveux fragiles et abîmés, le système soin réparateur sans sulfates EverForce préserve l'intégralité de la fibre et la restaure pour la rendre plus forte.Sa formule sans sulfates offre un lavage d'une douceur absolue. Riche en soin concentré vitalité, elle nourrit la fibre et injecte une force nouvelle à vos cheveux. Réparée et pleine de vie, votre chevelure révèle une nouvelle beauté. || Appliquer sur cheveux mouillés une noisette de sa formule crème et masser délicatement en émulsionnant jusqu'à obtenir un mousse riche. Rincer abondamment. En cas de contact avec les yeux, les rincer immédiatement. || Aqua, sodium cocoyl isethionate, sodium lauryl sulfoacetate, disodium laureth sulfosuccinate, cocamidopropyl betaine, sodium lauroyl sarcosinate, glycol distearate, c11-15 pareth-7, c12-13 pareth-23, c12-13 pareth-3, decyl glucoside, tocophérol, hydrogenated coconut acid, sodium chloride, sodium isethionate, sodium benzoate, sodium hydroxide, phenoxyethanol, ppg-5-ceteth-20, peg-55 propylène glycol oleate, trideceth-12, polyquaternium-7, polyquaternium-10, limonene, benzoic acid, benzyl salicylate, linalool, benzyl alcohol, juniperus communis oil/juniperus communis fruit oil, amodimethicone propylène glycol, 2-oleamido-1,3-octadecanediol, carbomer, rosmarinus officinalis leaf oil/rosemary leaf oil, methylparaben, methylchloroisothiazolinone, methylisothiazolinone, citric acid, laureth-9, divinyldimethicone/dimethicone copolymer, hexyl cinnamal, glycereth-26, glycerin, parfum (FIL C49168/1). || 12 mois après ouverture. || 
35,24€ / L || 
8,81 € || 
Shampooing fortifiant Anti-Casse || Les 2 flacons 250ml || Origine : FRANCE || Réparez vos cheveux abîmés avec le ciment naturel qu'ils ont perdu*. Abîmés, vos cheveux perdent le ciment naturel qui assure leur cohésion et leur résistance. Association de molécules brevetée par L'Oréal, le Ciment naturel du cheveux. Il cible leszones abîmées pour: 1. Combler les brèches: la fibre retrouve sa cohésion et sa résistance. 2. Sceller les écailles: la fibre retrouve une surface lisse et brillante. Résultats prouvés: jusqu'à -95% de casse au brossage**, * le ciment-Céramide est laréplique du ciment naturel du cheveu. ** test instrumental obtenus après utilisationdu sha mpoing + soin crème + lait thermo-actif vs shampooing classique. || Appliquer sur cheveux mouillés, masser en douceur puis rincer. Pour plus de soin, utiliser les autres produits de la gamme Elsève anti-casse.                En cas de contact avec les yeux, rincer immédiatement. || Aqua/ water, sodium laureth sulfate, dimethicone, disodium cocoamphodiacetate, sodium chloride, cetyl alcohol, hydroxystearyl cetyl ether, guar hydroxypropyltrimonium chloride, cocamide mipa, sodium methylparaben, dmdm hydantoin, sodium cocoate, sodium hydroxide, safflower glucoside, ppg, 5, ceteth, 20, limonene, linalool, benzyl salicylate, propylene glycol, 2, oleamido, 1, 3, octade, canediol, carbomer, citronellol, butylphenyl methylpropional, methyl cocoa, citrique acid, hexyl cinnamal, parfum/fragrance. (F. I. L. C29642/1). || A utiliser dans les 12 mois après ouverture. || 
15,66€ / L || 
7,83 € || 
Shampooing Huile extraordinaire Cheveux secs || Le flacon de 250ml || Origine : FRANCE || Un shampooing soin, au parfum enivrant, enrichie en 6 micro huiles de fleurs rares. Les cheveux secs retrouvent une matière sublime douce, brillante et fluide. Chaque fibre est gorgée d'une nutrition intense, de la racine à la pointe. || Appliquer sur cheveux mouillés, masser sur l'ensemble du cuir chevelu puis rincer. En cas de contact avec les yeux, les rincer immédiatement. || Aqua/water, sodium laureth sulfate, coco betaine, laureth-5 carboxylic acid, cocamide mipa, sodium chloride, CI19140/yellow 5, chamomilla recutita extract/matricaria flower extract, cocos nucifera oil/coconut oil, sodium benzoate, sodium hydroxide cocoate, peg-55 propylene glycol oleate, peg-60 hydrogenated castor oil, polyquaternium-10, salicylic acid, helianthus annuus seed oil/sunflower seed oil, xylose, nelumbium speciosum flower extract, linium usitatissimum flower extract, isostearyl neopentanoate, amodimethicone, propylene glycol, caprylic/capric triglycerides, caramel, gardenia tahitensis flower extract, rosa canina flower extract, bisabolol, methyl cocoate, citric acid, hexylene glycol, glycine soja oil/soybean oil, parfum/fragrance (FIL C165637/4). || 12 mois après ouverture. || 
17,68€ / L || 
4,42 € || 
Shampooing Lissage & Hydratation EverLiss || Le tube de 250ml || Origine : ALLEMAGNE || Spécialement conçu pour les cheveux frisottants et agressés, le système soin Anti-Frizz préserve l'intégrité de la fibre. Sans silicones. Sa formule n'alourdit pas la fibre.Incroyablement lissés et assouplis, vos cheveux retrouvent une matière soyeuse et légère, un toucher exceptionnel. || Appliquer sur cheveux mouillés une noisette de sa formule crème et masser délicatement en émulsionnant jusqu'à obtenir une mousse riche. Rincer abondamment. En cas de contact avec les yeux, les rincer immédiatement. || Aqua, cocamidopropyl betaine, sodium lauryl sulfoacetate, disodium laureth sulfosuccinate, sodium lauroyl sarcosinate, glycol distearate, sodium chloride, decyl glucoside, coco-betaine, sodium benzoate, sodium hydroxide, ppg-5-ceteth-20, peg-55 propylene glycol oleate,  polyquaternium-10, salicylic acid, helianthus annuus seed extract/sunflower seed extract, limonene, benzoic acid, linalool, benzyl salicylate, benzyl alcohol, propylène glycol, carbomer, citronellol, citric acid, hexyl cinnamal,parfum/fragrance (FIL C49180/1). || 12 mois après ouverture. || 
34,40€ / L || 
8,60 € || 
Shampooing Lissage & Réparation EverLiss || Le tube de 250ml || Origine : ALLEMAGNE || Sa formule sans sulfates offre un lavage d'une douceur prodigieuse. Riche en soin concentré hydratant, elle nourrit et détend la fibre pour prévenir l'apparition de frisottis. Incroyablement lissés, non alourdis, vos cheveux retrouvent une matière soyeuse, un toucher exceptionnel. Profondément réparés, ils sont éclatants de beauté. || Appliquer sur cheveux mouillés une noisette de sa formule crème et masser délicatement en émulsionnant jusqu'à obtenir une mousse riche. Rincer abondamment. En cas de contact avec les yeux, les rincer immédiatement. || Aqua/water, cocamidopropyl betaine, sodium lauryl sulfoacetate, disodium laureth sulfosuccinate, sodium lauroyl sarcosinate, glycol distearate, sodium chloride, decyl glucoside, coco-betaine, sodium benzoate, sodium hydroxide, ppg-5-ceteth-20, peg-55propylene glycol oleate, polyquaternium-10, salicylic acid, helianthus annuus seed extract/sunflower seed extract, limonene, benzoic acid, linalool, benzyl salicylate, benzyl alcohol, propylene glycol, carbomer, citronellol, citric acid, hexyl cinnamal, parfum/fragrance (FIL C49166/1). Sans sulfates. || 12 mois après ouverture. || 
35,24€ / L || 
8,81 € || 
Shampooing Liss-Caresse || Le flacon de 250ml || Origine : FRANCE || Lissage fibre à fibre : la formule à la Micro-Kératine pénètre instantanément pour lisser avec une précision parfaite chaque fibre, une à une. Résultat fluide : enrichie en extrait de Camélia, elle assouplit le cheveu pour lui donner un tombé fluide.Formule non-alourdissante. Toucher soyeux : la surface de chaque fibre est parfaitement unifiée, le toucher est d'une extrême douceur d'un soyeux incomparable. Résultats : une nouvelle sensation de lissage. Fibre à fibre, la chevelure est parfaitement lissée, fluide, légère et douce comme une caresse. || Appliquer sur cheveux mouillés, masser soigneusement sur l'ensemble du cuir chevelu puis rincer. En cas de contact avec les yeux, les rincer immédiatement. || Aqua/water, sodium laureth sulfate, sodium lauryl sulfate, cocamide mipa, glycol distearate, dimethicone, sodium chloride, sodium benzoate, hydroxypropyltrimonium hydrolyzed wheat protein, sodium cocoate, sodium hydroxide, phenoxyethanol, arginine, polyquatenium-53, salicylic acid, limonene, camellia oleifera seed oil, linalool, benzyl salicylate, benzyl alcohol, carbomer, serine, methyl cocoate, citric acid, glutamic acid, hexylene glycol, hexyl cinnamal, parfum/fragrance (FIL C52798/3). || 12 mois après ouverture. || 
17,68€ / L || 
4,42 € || 
Shampooing Liss-Intense || Le flacon de 250ml || Origine : FRANCE || Le Shampooing Liss-Intense se fond instantanément dans la matière du cheveuveu pour lassouplir et le détendre sur toute sa longueur. Nourrie et lissée, la chevelure est fluide et disciplinée.                               Vos cheveux se laissent lisser sans résistance, pour un effet anti-frizz longue durée. || Appliquer sur cheveux mouillés, masser en douceur puis rincer. Convient parfaitement pour une utilisation avant brushing.  En cas de projection dans les yeux, les rincer immédiatement. || Aqua/water, sodium laureth sulfate, coco-betaine, laureth-5 carboxylic acid, trimethylsilylamodimethicone, cocamide mipa, sodium chloride, Cl19140/ yellow 5, Cl14700/red 4, sodium methylparaben, dmdm hydantoin, sodium hydroxide, ppg-5-ceteth-20, peg-60 hydrogenated castor oil, polyquaternium-10, camelina sativa/camelina sativa seed oil, limonene, linalool, benzyl salicylate, alpha-isomethylionone, geraniol, butylphenyl methylpropional, citronellol, bht, laureth-2, hexyl cinnamal, amyl cinnamal,parfum/fragrance. (F.I.L. C20132/3). || 12 mois après ouverture. || 
13,72€ / L || 
3,43 € || 
Shampooing Multivitaminé 2 en 1 || Le flacon de 250ml || Origine : FRANCE || Innovation des Laboratoires de L'Oréal Paris, la nouvelle formule du shampooing Elsève Multivitaminé a été renforcée en vitamines pro-B5, PP et E*. Avec le shampooing Elsève Multivitaminé, vos cheveux deviennent visiblement plus brillants. || En cas de contact avec les yeux, les rincer immédiatement. || Aqua / water, sodium laureth sulfate, dimethicone, coco-betaine, cetyl alcohol, hydroxystearyl ether, sodium chloride, niacinamide, guar hydroxypropyltrimonium chloride, tocopheryl acetate, cocamide mipa, sodium benzoate, sodium methylparaben, sodiumcocoate, sodium hydroxyde, PPG-5-ceteth-20, magnesium gluconate, ethylparaben, salicylic acid, limonene, panthenol, benzyl benzoate, linalool, benzyl salicylate, propylene glycol, carbomer, citronellol, butylphenyl methylpropional, methyl cocoate, citric acid, hexyl cinnamal, parfum fragrance. (FIL C31680/1). Pro-B5, PP et E1. || A utiliser dans les 12 mois après ouverture. || 
13,72€ / L || 
3,43 € || 
Shampooing Nutri-Gloss || Le flacon de 250ml || Origine : FRANCE || Habillez vos cheveux d'une brillance miroir! L'Oréal Paris crée Elsève Nutri-Gloss à la protéine + perle. Vos cheveux sont plus doux et 3x plus brillants.*                                                                   *Test instrumental après utilisation du shampoing+ masque. || Appliquer sur cheveux mouillés, masser soigneusement sur l'ensemble du cuir chevelu puis rincer. En cas de contact avec les yeux, les rincer immédiatement. || Aqua/water, sodium laureth sulfate, sodium chloride, dimethicone, cocamidopropyl betaine, cyclodextrin, Cl17200/red 33, guar hydroxypropyltrimonium chloride, nacre powder, sodium benzoate, hydrolyzed wheat protein, hydrolyzed wheat starch, sodium hydroxide, PPG-5-ceteth-20, jojoba wax PEG-120 esters, salicylic acid, limonene, linalool, benzyl alcohol, alpha-isomethyl ionone, carbomer, butylphenyl methylpropional, citronellol, citric acid, hexyl cinnamal, parfum fragrance (F.I.L. C46279/1). || 12 mois après ouverture. || 
13,80€ / L || 
3,45 € || 
Shampooing Nutri-Gloss Maxi Format || Le flacon de 400ml || Origine : FRANCE || 
14,13€ / L || 
5,65 € || 
Shampooing Nutrition & Réparation EverRiche || Le tube de 250ml || Origine : ALLEMAGNE || Spécialement conçu pour les cheveux desséchés et sensibilisés, le Système Soin Nutrition sans sulfates EverRiche assure une nutrition et une réparation durables, tout en fluidité. Pleinement nourris et réparés, vos cheveux desséchés retrouvent une matière incroyablement soyeuse et un toucher exceptionnel. Ils sont fluides, faciles à coiffer et révèlent une brillance absolue. || Cheveux desséchés & sensibilisés. Appliquer sur cheveux mouillés sa formule crème et masser délicatement en émulsionnant jusqu'à obtenir une mousse riche. Rincer abondamment. En cas de contact avec les yeux, les rincer immédiatement. || Aqua/water, sodium cocoyl isethionate, sodium lauryl sulfoacetate, disodium laureth sulfosuccinate, sodium lauroyl sarcosinate, glycol distearate, cocamidopropyl betaine, decyl glucoside, hydrogenated coconut acid, sodium chloride, sodium isethionate, sodium benzoate, sodium hydroxide, ppg-5-ceteth-20, peg-55 propylene glycol oleate, trideceth-6, polyquaternium-7, polyquaternium-10, camelina sativa oil/camelina sativa seed oil, benzoic acid, linalool, amodimethicone, propylene glycol, carbomer,cetrimonium chloride, vitis vinifera seed oil/grape seed oil, methylchloroisothiazolinone, methylisothiazolinone, citric acid, prunus armeniaca kernel oil/apricot kernel oil, hexyl cinnamal, glycereth-26, glycerin, parfum/fragrance (FIL C158170/1). Sans sulfates* (*sans tensio-actifs sulfatés). || 12 mois après ouverture. || 
35,24€ / L || 
8,81 € || 
Shampooing reconstituant, Total repair 5 || Les 2 flacons de 250ml || Origine : FRANCE || 5 actions réparatrices : matière reconstituée, vitalité, douceur, résistance, brillance. Nouvelle formule renforcée en Actifs. La Pro-kératine répare la fibre, le cheveu est renforcé dans sa structure, il retrouve la résistance d'un cheveu neuf. Le Céramide, réplique du ciment intercellulaire, transforme, transforme la surface du cheveu en une matière régulière. || Appliquer sur cheveux mouillés, masser soigneusement sur l'ensemble du cuir chevelu puis rincer. En cas de contact avec les yeux, les rincer immédiatement. || Aqua/water, sodium laureth sulfate, coco-betaine, dimethicone, glycol distearate, sodium chloride, guar hydroxypropyltrimonium chloride, sodium benzoate, hydroxypropyltrimonium hydrolyzed wheat protein, sodium hydroxide, ppg-5-ceteth-20, arginine, salicylic acid, polyquaternium-7, limonene, linalool, benzyl salicylate, 2-oleamido-1,3-octadecanediol, carbomer, serine, butylphenylmethylpropion al, citric acid, glutamic acid, hexyl cinnamal, glyceryl linoleate, parfum/fragance (F.I.L. C46263/1). || 12 mois après ouverture. || 
12,64€ / L || 
6,32 € || 
Shampooing Re-Nutrition || Le flacon de 250ml || Origine : FRANCE || Les Laboratoires de L'Oréal ont intégré de la Gelée Royale pour la 1ère fois dans un shampooing formule crème qui gorge la fibre de nutriments essentiels.                                                                    La fibre est repulpée immédiatement, comme régénérée. Son parfum gourmand vous plonge dans une douceur olfactive pure. || Appliquer sur cheveux mouillés, masser en douceur puis rincer.  En cas de contact avec les yeux, les rincer immédiatement. || Aqua / water, sodium laureth sulfate, dimethicone, glycol distearate, disodium cocoamphodiacetate, sodium chloride, CI 15985 / yellow 6, CI 19140 / yellow 5, guar hydroxypropyltrimonium chloride, sodium benzoate, sodium methylparaben, sodium hydroxide, safflower glucoside, PPG-5- ceteth-20, arginine, ethylparaben, salicylic acid, benzyl benzoate, benzyl alcohol, linalool, carbomer, butylphenyl methylpropional, citric acid, coumarin, hexyl cinnamal, royal jelly / royal jelly extract, parfum / fragrance. (FIL C29620/1). || A utiliser dans les 12 mois après ouverture. || 
17,16€ / L || 
4,29 € || 
Shampooing Soin 2 en 1 Antipelliculaire || Le flacon de 250ml || Origine : FRANCE || - Action rapide contre les pellicules persistantes                        - Action anti-récidive longue durée                                       - Élimine quasi-immédiatement les démangeaisons                           - Redonne force, brillance et beauté aux cheveux || Appliquer et masser en douceur le cuir chevelu. Rincer abondamment et recommencer si nécessaire. Peut s'utiliser aussi souvent que vous le souhaitez. En cas de contact avec les yeux, les rincer immédiatement. || Aqua/water, sodium laureth sulfate, polysorbate 21, dimethicone, cocamidopropyl betaine, cetyl alcohol, Cl47005/acid yellow 3, Cl42090/blue1, guar hydroxypropyltrimonium chloride, hydroxystearyl cetyl ether, sodium benzoate, sodium hydroxide, peg-55propylene glycol oleate, salicylic acid, linalool, benzyl alcohol, propylene glycol, piroctone olamine, carbomer, geraniol, butylphenyl methylpropional, citronellol, citric acid, hexylene glycol, parfum/fragrance. (F.I.L. C36750/1). || 12 mois après ouverture. || 
18,20€ / L || 
4,55 € || 
Shampooing soin Color Vive || Le flacon de 250ml || Origine : FRANCE || Nouvelle formule avec élixir fixateur de couleur : fixe et prolonge la couleur, protège le cheveu et préserve l'éclat. Couleur intense longue tenue, cheveu protégé 80% de couleur préservée après 28 shampooing. || Appliquer sur cheveux mouillés, masser soigneusement sur l'ensemble  du cuir chevelu puis rincer. En cas de contact avec les yeux, les rincer immédiatement. || Aqua/water, sodium laureth sulfate, dimethicone, coco betaine, glycol distearate, sodium chloride, guar hydroxypropyltrimonium chloride, cocamide mea, tocopherol, sodium benzoate, sodium cocoate, sodium hydroxide, ethylhexyl methoxycinnamate, salicylic acid, poly(linseed oil), benzophenone-4, benzyl alcohol, benzyl salicylate, linalool, alpha isomethyl ionone, carbomer, geraniol, butylphenyl methylpropional, citronellol, methyl cocoate, citric acid, hexylene glycol, hexyl cinnamal, parfum (fil C54884/4). || 12 mois après ouverture. || 
12,76€ / L || 
3,19 € || 
Shampooing soin Liss Intense || Les 2 flacons de 250ml || Origine : FRANCE || Le Shampooing Liss-Intense se fond instantanément dans la matière du cheveu pour l'assouplir et le détendre sur toute sa longueur. Nourrie et lissée, la chevelure est fluide et disciplinée. Vos cheveux se laissent lisser sans résistance, pour un effet anti-frizz longue durée. || Appliquer sur cheveux mouillés, masser en douceur puis rincer. Convient parfaitement pour une utilisation avant brushing. En cas de projection dans les yeux, les rincer immédiatement. || Aqua/water, sodium laureth sulfate, coco-betaine, laureth-5 carboxylic acid, trimethylsilylamodimethicone, cocamide mipa, sodium chloride, Cl19140/ yellow 5, Cl14700/red 4, sodium methylparaben, dmdm hydantoin, sodium hydroxide, ppg-5-ceteth-20, peg-60 hydrogenated castor oil, polyquaternium-10, camelina sativa/camelina/ sativa seed oil, limonene, linalool, benzyl salicylate, alpha-isomethylionone, geraniol, butylphenyl methylpropional, citronellol, bht, laureth-2, hexyl cinnamal, amyl cinnamal,parfum/fragrance. (F.I.L. C20132/3). || 12 mois après ouverture. || 
15,66€ / L || 
7,83 € || 
Shampooing Sun Repair || Le flacon de 250ml || Origine : FRANCE || 
20,56€ / L || 
5,14 € || 
Shampooing Total Repair 5 || Le flacon de 250ml || Origine : FRANCE || Votre cheveu saffine, saffaiblit, devient plat, rêche et terne ? 5 probl  èmes, 1 solution, Elsève Total Repair 5 est la 1ère réparation totales des cheveux abîmés. Les Laboratoires de L'Oréal ont développé une formule à la Pro-Kératine et au Céramide pour une action re-constituante et re-surfaçante. Jour après jour, le cheveu est totalement réparé. || Appliquer sur cheveux mouillés, masser en douceur puis rincer. En cas de contact avec les yeux, les rincer immédiatement. || Aqua/water, sodium laureth sulfate, coco-betaine, dimethicone, glycol distearate, sodium chloride, guar hydroxypropyltrimonium chloride, sodium benzoate, hydroxypropyltrimonium hydrolyzed wheat protein, sodium hydroxide, PPG-5-ceteth-20, arginine, salicylic acid, polyquaternium-7, limonene, linalool, benzyl salicylate, 2-oleamido-1,3-octadecanediol, carbomer, serine, butylphenyl methylpropional, citric acid, glutamic acid, hexyl cinnamal, glyceryl linoleate, glyceryl oleate, glyceryl linolenate,parfum/fragrance. (F.I.L. C46263/1). || Se conserve 12 mois après ouverture. || 
13,40€ / L || 
3,35 € || 
Shampooing  Total Repair 5 Maxi Format || Le flacon 400ml || Origine : BELGIQUE || 5 actions réparatrices : matière reconstituée, vitalité, douceur, résistance, brillance. Nouvelle formule renforcée en Actifs. La Pro-kératine répare la fibre, le cheveu est renforcé dans sa structure, il retrouve la résistance d'un cheveu neuf. Le Céramide, réplique du ciment intercellulaire, transforme la surface du cheveu en une matière régulière et lisse. || Appliquer sur cheveux mouillés, masser soigneusement sur l'ensemble du cuir chevelu puis rincer. En cas de contact avec les yeux, les rincer immédiatement. || Aqua/water, sodium laureth sulfate, coco-betaine, dimethicone, glycol distearate, sodium chloride, guar hydroxypropyltrimonium chloride, sodium benzoate, hydroxypropyltrimonium hydrolyzed wheat protein, sodium hydroxide, ppg-5-ceteth-20, arginine, salicylic acid, polyquaternium-7, limonene, linalool, benzyl salicylate, 2-oleamido-1,3-octadecanediol, carbomer, serine, butylphenyl methylpropional, citric acid, glutamic acid, hexyl cinnamal, glyceryl linoleate, glyceryl oleate, glyceryl linolenate,parfum/fragrance. (F.I.L. C46263/1). || 12 mois après ouverture. || 
13,88€ / L || 
5,55 € || 
Shampooing Total Repair Extrême || Le flacon de 250ml || Origine : FRANCE || Enrichie en céramide, sa formule comble les fissures externes de la fibre et renforce son maillage protecteur de la racine jusqu'au dernier millimètre des pointes. || Appliquer sur cheveux mouillés, masser soigneusement sur l'ensemble du cuir chevelu puis rincer. En cas de contact avec les yeux, les rincer immédiatement. || Aqua, sodium laureth sulfate, coco betaine, dimethicone, glycol distearate, sodium chloride, lactic acid, sodium benzoate, sodium hydroxide, ppg-5-ceteth-20, salicylic acid, polyquaternium-6, limonene, linalool, benzyl salicylate, benzyl alcohol, 2-oleamido-1,3-octadecanediol, carbomer, butylphenyl methylpropional, citric acid, hexyl cinnamal, parfum. (FIL C55550/1). || 12 mois après ouverture. || 
17,52€ / L || 
4,38 € || 
Shampooing Traitant au Selenium S Actif Antipelliculaire || Le flacon de 250ml || Origine : FRANCE || - Action rapide contre les pellicules persistantes                        - Action anti-récidive longue durée                                       - Élimine quasi-immédiatement les démangeaisons                           - Redonne force, brillance et beauté aux cheveux || Usage fréquent. Appliquer et masser en douceur le cuir chevelu. Laisser pauser quelques instants. Rincer abondamment et recommencer si nécessaire. Formulé pour respecter les cheveux et le cuir chevelu. Peut s'utiliser aussi souvent que vous le souhaitez. En cas de contact avec les yeux, les rincer immédiatement. Contient du disulfure de sélénium, éviter le contact avec les yeux et la peau endommagée. || Aqua/water, sodium laureth sulfate, coco-betaine, dimethicone, distearyl ether, behenyl alcohol, sodium chloride, sodium methylparaben, sodium hypochlorite, sodium hydroxide, ppg-5-ceteth-20, sélénium sulfide, benzyl alcohol, carbomer, citric acid, butylphenyl methylpropional, laureth-2, hexyl cinnamal, parfum/fragrance. (F.I.L. C32105/2). || Conservation 12 mois après ouverture. || 
18,32€ / L || 
4,58 € || 
Shampooing et après-shampooing, usage fréquuent,cheveux normaux || Le flacon de 250ml || Origine : ITALIE || Enrichie en essence de pamplemousse, sa formule fortifie et tonifie la fibre dès la fibre dès la racine pour des cheveux résistants, frais et brillants toute la journée.Vos cheveux sont forts à l'intérieur, brillants à l'extérieur. Cheveux parfaitement démêlés, sans alourdissement. || En cas de contact avec les yeux, les rincer immédiatement. || Aqua/water, sodium laureth sulfate, glycol distearate, coco-betaine, dimethicone, sodium chloride, cocamide mipa, niacinamide, guar hydroxypropyltrimonium chloride, saccharum officinarum extract/sugar cane extract, sodium methylparaben, dmdm hydantoin, sodium cocoate, sodium hydroxide, camellia sinensis extract/camellia sinensis leaf extract, benzyl alcohol, linalool, pyrus malus extract/apple fruit extract, carbomer, pyridoxine HCI, citric acid, methyl cocoate, citrus grandis oil/grapefruit peel oil, citrus medica limonum peel extract/lemon peel extract, hexylene glycol, hexyl cinnamal, amyl cinnamal, parfum/fragrance, (FIL C43625/1). || 12 mois après ouverture. || 
14,20€ / L || 
3,55 € || 
Shampooing fortifiant, cheveux normaux regraissant vi       te, concentré actif de fruits renforcé || Le flacon de 250ml || Origine : FRANCE || Vous aimez vos cheveux juste après le shampooing, mais très vite ils regraissent ? FRUCTIS FRESH. 1) assainit le cheveu dès la racine 2) rééquilibre le cuir chevelu. Résultat: cuir chevelu purifié. Cheveux frais et légers. || En cas de projection dans les yeux, les rincer immédiatement. || Aqua / water, sodium laureth sulfate, glycol distearate, coco-betaine, sodium chloride, cocamide mipa, niacinamide, saccharum officinarum / sugar cane extract, sodium methylparaben, DMDM hydantoin, polyquaternium-10, dimethicone, camellia sinensis /camellia sinensis leaf extract, linalool, 2-oleamido-1, 3-octadecanediol, pyrus malus / apple fruit extract, carbomer, pyridoxine HCI, disodium cocoamphodiacetate, citric acid, methylparaben, butylphenyl methylpropional, citrus limonum / lemon peel extract, hexylene glycol, parfum / fragrance (fil C24864/1). || 
15,44€ / L || 
3,86 € || 
Shampooing fortifiant, Cheveux secs, Abîmés || Le flacon de 250ml || Origine : ITALIE || Les 3 huiles nutritives pénètrent chaque couche du cheveu et le nourrissent à l'intérieur. Nourris, réparés, fortifiés, vos cheveux sont plus souples, plus soyeux et plus lumineux. || En cas de contact avec les yeux, les rincer immédiatement. || Aqua/water, sodium laureth sulfate, disodium cocoamphodiacetate, sodium chloride, dimethicone, glycerin, glycol distearate, Cl19140/yellow 5, Cl15985/yellow 6, guar hydroxypropyltrimonium chloride, niacinamide, ribes nigrum oil/black currant seed oil, cocamide mipa, saccharum officinarum extract/sugar cane extract, sodium benzoate, sodium cocoate, olea europaea oil/olive fruit oil, salicylic acid, camellia sinensis extract/camellia sinensis leaf extract, benzyl alcohol, linalool, pyrus malus extract/apple fruit extract, pyridoxine hci, carbomer, persea gratissima oil/avocado oil, citric acid, butyrospermum parkii butter/shea butter, methyl cocoate, butylphenyl methylpropional, citrus medica limonum peel extract/lemon peel extract, hexyleneglycol, parfum/fragrance. (FIL C35106/1). || 12 mois après ouverture. || 
15,20€ / L || 
3,80 € || 
Shampooing fortifiant, Matière & densité || Le flacon de 250ml || Origine : FRANCE || Créez une superbe masse capillaire que vous pouvez voir, sentir et toucher. Chevelure plus abondante et plus épaisse au toucher souple, effet velours. Résultat : instantanément : vos cheveux sont plus épais, plus forts et plus beaux. Application après application : votre masse capillaire est plus dense, comme si vous aviez plus de cheveux. || En cas de contact avec les yeux, les rincer immédiatement. || Aqua/water sodium laureth sulfate, coco-betaine, sodium lauryl sulfate, sodium chloride, glycol distearate, niacinamide, alcohol denat., saccharum officinarum extract/sugar cane extract, hydroxypropyl guar hydroxypropyltrimonium chloride, sodium hydroxide, aminopropyl triethoxysilane, polyquaternium-30, camellia sinensis leaf extract, benzyl alcohol, linalool, punica granatum extract, 2-oleamido-1,3-octadecanediol, acrylates copolymer, pyrus malus extract/apple fruit extract, pyridoxine hci, citric acid, methylchloroisothiazolinone, methylisothiazolinone, citrus medica limonum peel extract/lemon peel extract, hexylene glycol, hexyl cinnamal, amyl cinnamal, parfum/fragrance (f.i.l. c163107/2). || 12 mois après ouverture. || 
15,44€ / L || 
3,86 € || 
shampooing fortifiant, rompt le cycle des pellicules, concentré actif de fruits renforcé || Le flacon de 250ml || Origine : FRANCE || Vous avez des pellicules et rien n'y fait : elles ne disparaissent jamais vraiment ? FRUCTIS ANTI-PELLICULAIRE 2EN1 ANTI-RÉCIDIVE. 1) élimine les pellicules 2) action anti-récidive 4 semaines. Résultat: sa formule au Zinc Pyrithione agit visiblementcontre les pellicules dès la 1ère application. Grâce à son action anti-récidive, elle prévient leur réapparition pendant 4 semaines. Cheveux parfaitement démêlés, sans alourdissement. || En cas de projection dans les yeux, les rincer immédiatement. || Aqua / water, sodium laureth sulfate, coco-betaine dimethicone, cetyl alcohol, hydroxystearyl cetyl ether, sodium chloride, niacinamide, cocamide mipa, saccharum officinarum / sugar cane extract, sodium methylparaben, DMDM hydantoin, sodium cocoate,phenoxyethanol, ethylparaben, polyquaternium-10, camellia sinensis / camellia sinensis leaf extract, zinc pyrithione, linalool, propylene glycol, 2  oleamido-1, 3  octadecanediol, propylparaben, isobutylparaben, pyrus malus / apple fruit extract, carbomer, pyridoxine HCI, citric acid, methylparaben, butylphenyl methylpropional, methyl cocoate, butylparaben, citrus limonum / Lemon peel extract, parfum / fragrance (fil C25732/1). || 
14,36€ / L || 
3,59 € || 
Shampooing fortifiant, rompt le cycle des pellicules, concentré actif de fruits renforcé || Le lot de 2 flacons de 250ml || Origine : FRANCE || 
12,60€ / L || 
6,30 € || 
Shampooing fortifiant, rompt le cycle des pellicules, concentré actif de fruits renforcé || Le lot de 2 flacons de 250ml || Origine : FRANCE || 
12,60€ / L || 
6,30 € || 
Shampooing fortifiant cheveux normaux || Le flacon de 250ml || Origine : ITALIE || Enrichie en essence de pamplemousse, sa formule fortifie et tonifie la fibre dès la racine pour des cheveux résistants, frais et brillants toute la journée.Vos cheveux sont forts à l'intérieur, brillants à l'extérieur. || En cas de contact avec les yeux, les rincer immédiatement. || Aqua/water, sodium laureth sulfate, coco-betaine, glycerin, glycol distearate, sodium chloride, niacinamide, cocamide mipa, saccharum officinarum extract/sugar cane extract, sodium benzoate, sodium cocoate, sodium hydroxide, ppg-5-ceteth-20, polyquaternium-10, salicylic acid, dimethicone, camellia sinensis extract/camellia sinensis leaf extract, benzyl alcohol, linalool, pyrus malus extract/apple fruit extract, carbomer, pyridoxine hci, citric acid, methyl cocoate, citrus grandis oil/grapefruitpeel oil, citrus medica limonum peel extract/lemon peel extract, hexyl cinnamal, amyl cinnamal, parfum/fragrance, (FIL C43752/1). || 12 mois après ouverture. || 
14,60€ / L || 
3,65 € || 
Shampooing fortifiant pure brillance, agent anti-calcaire || Le flacon de 250ml || Origine : ITALIE || Une formule 94% biodégradable contenant un agent anti-calcaire pour empêcher l'accumulation des dépôts calcaires sur les cheveux. Purifiés et 10x plus résistants ils brillent de toute leur force. || Usage fréquent. Appliquer sur cheveux mouillés, masser en douceur puis rincer. En cas de contact avec les yeux, les rincer immédiatement. || Aqua/water, ammonium lauryl sulfate, cocamidopropyl betaine, sodium chloride, niacinamide, saccharum officinarum extract/sugar cane extract, sodium benzoate, hydroxypropyl guar hydroxypropyltrimonium chloride, sodium hydroxide, salicylic acid, malpighia punicifolia/acerola fruit extract, camellia sinensis extract/camellia sinensis leaf extract, benzoic acid, linalool, caprylic/capric triglyceride, pyrus malus extract/apple fruit extract, pyridoxine HCl, citric acid, citrus medica limonum peel extract/lemon peel extract, hexylene glycol, hexyl cinnamal, parfum/fragrance. (FIL C44554/1). || 12 mois après ouverture. || 
14,24€ / L || 
3,56 € || 
Shampooing Pure Volume || Le flacon de 250ml || Origine : FRANCE || 
14,80€ / L || 
3,70 € || 
Shampooing sec pure volume || Spray 150ml || Origine : FRANCE || Rapide et pratique, il nettoie les cheveux, les texturise et leur redonne du volume pour 24h sans avoir à les relaver. || A utiliser sur cheveux secs. Bien agiter avant emploi. Maintenir le flacon en position verticale à 15 cm des cheveux et pulvériser généreusement en insistant sur les racines. Laisser agir 2 min puis brosser jusqu'à élimination de la poudre pour leurredonner du volume. Récipient sous pression. Ne pas percer ou brûler même après usage. Ne pas vaporiser vers une flamme ou un corps incandescent. Conserver à l'écart de toute flamme ou source d'étincelles ou d'ignition. Ne pas fumer. Conserver hors de la portée des enfants. Eviter de vaporiser vers les yeux ou sur une peau irritée et d'inhaler intentionnellement. Ne pas utiliser pour un usage autre que celui pour lequel le produit est destiné. Ne pas utiliser dans une atmosphère confinée. || Butane, alcohol denat, isobutane, oryza sativa starch/rice starch, propane, isopropyl myristate, dicocoylethyl hydroxyethylmonium methosulfate, stearalkonium hectorite, limonene, linalool, propylene glycol, propylene carbonate, citrus limonium oil/lemon seed oil, citral, hexyl cinnamal, parfum (FIL C51215/3). Formule sans silicone et sans colorant. || A protéger contre les rayons solaires et à ne pas exposer à une température supérieure à 50°C. || 
51,40€ / L || 
7,71 € || 
Shampooing, Million Gloss || Le flacon de 250ml || Origine : ALLEMAGNE || La nouvelle formule aux constituants capillaires liquides identiques à ceux du cheveu comble précisément les zones endommagées pour une réparation intense. Vos cheveux sont ternes, éteints, sans éclat ? Gliss Million Gloss : sa formule réparatrice contient de l'Élixir-Gloss concentré. Résultats prouvés : formule innovante qui scelle la brillance autour de la fibre capillaire. Éclat longue durée sans alourdir. Reflets éclatants comme millionisés. || Pour cheveux ternes, éteints, sans éclat. Conseils Professionnels Schwarzkopf : appliquez sur cheveux mouillés puis rincez soigneusement. À utiliser régulièrement. || 12 mois après ouverture. || 
17,00€ / L || 
4,25 € || 
Cheveux longs, cassants/fourchus, huile d'argan, shampooing  oléo nutrition || Le flacon de 250ml || Origine : ALLEMAGNE || Vos cheveux sont longs, cassants et fourchus ? La formule aux 7 huiles nutritives restructure les cheveux jusqu'aux pointes et les protège contre les fourches.Réduit les fourches jusqu'à 85% et apporte une brillance éclatante. Répare et nourrit les cheveux jusqu'aux pointes. Adapté à un usage quotidien. || Aqua, sodium laureth sulfate, disodium cocoamphodiacetate, laureth-2, PEG-40 hydrogenated castor oil, PEG-7 glyceryl cocoate, argania spinosa kernel oil, macadamia ternifolia seed oil, olea europaea fruit oil, prunus amygdalus dulcis oil, prunus armeniaca kernel oil, sclerocarya birrea seed oil, sesamum indicum seed oil, panthenol, laurdimonium hydroxypropyl hydrolyzed wheat protein, hydrolyzed keratin, sodium chloride, citric acid, peg-12 dimethicone, propylène glycol, sodium benzoate, peg-55 propylène glycol oleate, polyquaternium-10, parfum, salicylic acid, peg-14m, linalool, limonene, hexyl cinnamal, benzyl salicylate, citronellol, Cl 47005, Cl 15985. || 12 mois après ouverture. || 
16,04€ / L || 
4,01 € || 
Hair repair, asia liss, shampooing lissage parfait, cheveux rebelles, difficiles à lisser, lissage longue durée || Le flacon de 250ml || Origine : ALLEMAGNE || Le Shampooing Gliss Asia Liss aux extraits de Bambou et d'Orchidée lisse intensément la fibre capillaire et offre à vos cheveux un lissage longue durée. Répare la fibre capillaire. || Lavez la chevelure les mains à plat. Massez du bout des doigts puis rincez soigneusement. || Aqua, sodium laureth sulfate, disodium cocoamphodiacetate, sodium chloride, polyquaternium-10, citric acid, sodium benzoate, peg-7 glyceryl cocoate, peg-40 hydrogenated castor oil, parfum, laureth-2, salicylic acid, propylene glycol, panthenol, prunus armeniaca kernel oil, glycerin, peg-55 propylene glycol oleate, butylphenyl methylpropional, laurdimonium hydroxypropyl hydrolyzed wheat protein, linalool, hexyl cinnamal, benzyl alcohol, geraniol, citronellol, sodium acétate, hydrolyzed keratin, orchis mascula extract, bambusa vulgaris extract, Cl60730, Cl17200. || A utiliser dans les 12 mois après ouverture. || 
16,04€ / L || 
4,01 € || 
Hair repair, shampooing couleur protect, filtre UV, usage fréquent, pour cheveux colorés ou balayés || Le flacon de 250ml || Origine : ALLEMAGNE || Vos cheveux sont colorés ou balayés ? Le shampooing Gliss Color & Brillance au Cristal Liquéfié et au Complexe UV sublime vos cheveux d'un éclat intense.Protégée, votre chevelure resplendit d'une brillance éclatante. Couleur préservée et lumineuse. Brillance intense. || Lavez la chevelure les mains à plat. Massez du bout des doigts puis rincez soigneusement. Usage quotidien. || Aqua, sodium laureth sulfate, disodium cocoamphodiacetate, PEG-7 glyceryl cocoate, sodium chloride, citric acid, polyquaternium-10, sodium benzoate, laureth-2, parfum, propylene glycol, hydrogenated castor oil, salicylic acid, panthenol, PEG-55 propylene glycol oleate, benzophenone-4, laurdimonium hydroxypropyl hydrolyzed wheat protein, mica, linalool, limonene, benzyl salicylate, hexyl cinnamal, benzyl alcohol, hydrolyzed keratin, quartz, Cl77891. || A utiliser dans les 12 mois après ouverture. || 
16,04€ / L || 
4,01 € || 
Hair repair, shampooing soie liquide gloss, cheveux rebelles, rêches, sans éclat || Le flacon de 250ml || Origine : ALLEMAGNE || Innovation Schwarzkopf : alliance exclusive de la technologie Soie Liquide à un gloss capteur de lumière, la gamme Soie Liquide Gloss lisse et illumine les cheveux rêches et sans éclat. Son Système Scan Repair détecte et répare toutes les zones fragilisées du cheveu : en pleine santé, les cheveux révèlent alors une brillance éclatante. Le Shampooing Soie Liquide Gloss : grâce a sa formule inédite enrichie en Soie Liquide et en agent de brillance, le Shampooing Liquide Gloss lisse la fibre capillaire et apporte à vos cheveux une brillance éblouissante. Résultat : lisses et souples, vos cheveux sont doux comme de la soie et sublimés d'une brillance Gloss. || Lavez la chevelure les mains à plat. Massez du bout des doigts, puis rincez soigneusement. Pour une action renforcée, utilisez en complément l'Après-shampooing Soie Liquide Gloss. || Aqua, sodium laureth sulfate, disodium cocoamphodiacetate, sodium chloride, peg-7 glyceryl cocoate, citric acid, polyquaternium-10, sodium benzoate, parfum, hydrogenated castor oil, salicylic acid, panthenol, laurdimonium hydroxypropyl, hydrolyzed wheat protein, prunus armeniaca kernel oil, mica, hydrolyzed wheat protein, limonene, phenoxyethanol, hexyl cinnamal, coumarin, citronellol, linalool, hydrolyzed silk, sericin, Cl17200, Cl77891. || A utiliser dans les 12 mois après ouverture. || 
16,28€ / L || 
4,07 € || 
Shampooing, réparation ultra-ciblée, résistance et brillance, cheveux extrêmement abîmés, secs || Le flacon de 250ml || Origine : ALLEMAGNE || La nouvelle formule aux constituants capillaires liquides identiques à ceux du cheveu comble précisément les zones endommagées pour une réparation intense.Sa formule répare même les zones extrêmement abîmées. Jusqu'à 95% de cheveux cassés en moins. Pour plus de résistance et de brillance. || Appliquez sur cheveux mouillés en massant du bout des doigts et rincez soigneusement. || Aqua, sodium laureth sulfate, disodium cocoamphodiacetate, sodium chloride, PEG-12 dimethicone, polyquaternium-10, cocodimonium hydroxypropyl hydrolyzed keratin, hydrolyzed keratin, panthenol, citric acid, laureth-12, sodium benzoate, PEG-7 glycerylcocoate, parfum, propylene glycol, PEG-55 propylene glycol oleate, hydrogenated castor oil, PEG-14M, mica, hexyl cinnamal, linalool, limonene, sodium sulfate, CI77891. || 12 mois après ouverture. || 
14,48€ / L || 
3,62 € || 
Shampooing à l'huile précieuse nourrissante                       Cheveux secs, fourchus, sur-sollicités || Le flacon 250 ml || Origine : ALLEMAGNE || La nouvelle formule aux constituants capillaires liquides identiques à ceux du cheveu comble précisément les zones endommagées pour une réparation intense. Sa formule réparatrice est enrichie en huile précieuse nourrissante. Résultats : Nourrit intensément et renforce la fibre capillaire, pour des cheveux sublimés. Redonne souplesse & luminosité aux cheveux très secs, fourchus et sur-sollicités. || Pour cheveux secs, fourchus, sur-sollicités. || Aqua, sodium laureth sulfate, disodium cocoamphodiacetate, sodium chloride, peg-12 dimethicone, peg-7 glyceryl cocoate, argania spinosa kernel oil, hydrolyzed keratin, cocodimonium hydroxypropyl hydrolyzed keratin, panthenol, citric acid, laureth-2,polyquaternium-10, sodium benzoate, parfum, propylene glycol, peg-55 propylene glycol oleate, peg-40 hydrogenated castor oil, hydrogenated castor oil, PEG-14M, mica, hexyl cinnamal, linalool, limonene, sodium acetate, phenoxyethanol, Cl 77891, Cl 77491. || 12 mois après ouverture. || 
16,44€ / L || 
4,11 € || 
Shampooing Karite Cashmere, cheveux secs ou desséchés || Le flacon de 250ml || Origine : ALLEMAGNE || Le Shampooing Gliss Karité Cashmere enrichi en beurre de Karité nourrit la fibre capillaire et offre à vos cheveux souplesse et toucher cashmere. Soin intense. Souplesse et toucher cashmere.Sans alourdir. || Lavez la chevelure les mains à plat. Massez du bout des doigts puis rincez soigneusement. || Aqua, sodium laureth sulfate, disodium cocoamphodiacetate, peg-7 glyceryl cocoate, sodium chloride, citric acid, polyquaternium-10, glycol distearate, sodium benzoate, peg-40 hydrogenated castor oil, laureth-2, peg-12 dimethicone, laureth-4, parfum,hydrogenated castor oil, salicylic acid, propylene glycol, cocamidopropyl betaine, panthenol, peg-55 propylene glycol oleate, laurdimonium hydroxypropyl hydrolyzed wheat protein, benzyl salicylate, peg-14m, hexyl cinnamal, butylphenyl methylpropional, hydrolyzed keratin, linalool, limonene, mica, glycerin, benzyl alcohol, alpha-isomethyl ionone, butyrospermum parkii butter, Cl77891, Cl47005, Cl17200. || Conservation 12 mois après ouverture. || 
16,96€ / L || 
4,24 € || 
Shampooing, Biotine+ volume, Cheveux fins, Sans volume || Le flacon de 250ml || Origine : ALLEMAGNE || 
22,88€ / L || 
5,72 € || 
Shampooing, Cheveux colorés ou méchés || Le flacon de 250ml || Origine : ALLEMAGNE || 
21,00€ / L || 
5,25 € || 
Shampooing, Crystal brillance, Cheveux normaux, Ternes || Le falcon de 250ml || Origine : ALLEMAGNE || 
21,00€ / L || 
5,25 € || 
Shampooing, Mineral force, Cheveux fatigués, Fragilisés || Le falcon de 250ml || Origine : ALLEMAGNE || 
22,88€ / L || 
5,72 € || 
Shampooing, Omega repair, Cheveux abîmés, Secs || Le falcon de 250ml || Origine : ALLEMAGNE || 
21,00€ / L || 
5,25 € || 
Shampooing antipelliculaire traitement intensif pour pellicules sévères || Le flacon de 400ml || Origine : ETATS-UNIS AMERIQUE || 
22,13€ / L || 
8,85 € || 
Shampooing Force & Densité || Le flacon de 300ml || Origine : FRANCE || 
18,37€ / L || 
5,51 € || 
Shampooing 2 en 1 Force et Densité || Le flacon de 270ml || Origine : FRANCE || 
20,41€ / L || 
5,51 € || 
Shampooing antipelliculaire, anti-chute || Le flacon de 300ml || Origine : LUXEMBOURG || 
18,03€ / L || 
5,41 € || 
Shampooing antipelliculaire, apple fresh || Le flacon de 300ml || Origine : FRANCE || Protection antipelliculaire efficace avec formule Hydrazinc et combinée à notre technologie Scent Burst qui s'active au contact de l'eau. Notre formule HydraZinc agit sur la cause des pellicules dès la 1ère utilisation, élimine les pellicules visibles et résidus et aide à apaiser les sensations de sécheresse du cuir chevelu. || Agitez avant usage. Appliquez sur le cuir chevelu et massez des racines jusqu'aux pointes. Rincez et recommencez si nécessaire. Eviter tout contact avec les yeux. En cas de contact, rincer abondamment avec de l'eau. || Aqua, sodium lauryl sulfate, sodium laureth sulfate, glycol distearate, zinc carbonate, sodium chloride, sodium xylenesulfonate, zinc pyrithione, cocamidopropyl betaine, dimethicone, parfum, sodium benzoate, guar hydroxypropyltrimonium chloride, hydrochloric acid, magnésium carbonate hydroxide, hexyl cinnamal, magnésium nitrate, sodium polynaphthalene sulfonate, methylchloroisothiazolinone, Cl42090, Cl 19140, magnésium chloride, methylisothiazolinone. || 12 mois après ouverture. || 
18,37€ / L || 
5,51 € || 
Shampooing antipelliculaire, citrus fresh || Le flacon de 500ml || Origine : FRANCE || Ce shampooing fruité, avec un mélange d'extraits d'agrumes, lave votre cuir chevelu et vos cheveux gras, les laissant avec un look naturel et un parfum durable. Notre formule HydraZinc agit sur la cause des pellicules dès la 1ère utilisation, élimineles pellicules visibles et résidus et aide à apaiser les sensations de sécheresse du cuir chevelu. || Agitez avant usage. Appliquez sur le cuir chevelu et massez des racines jusqu'aux pointes. Rincez et recommencez si nécessaire. Eviter tout contact avec les yeux. En cas de contact, rincer abondamment avec de l'eau. || 12 mois après ouverture. || 
16,46€ / L || 
8,23 € || 
Shampooing antipelliculaire, classic, pour cheveux normaux || Le flacon de 500ml || Origine : FRANCE || Ce shampooing simple est spécialement formulé pour laver intensément votre cuir chevelu et vos cheveux, les laissant propres et revitalisés. Notre formule HydraZinc agit sur la cause des pellicules dès la 1ère utilisation, élimine les pellicules visibles et résidus et aide à apaiser les sensations de sécheresse du cuir chevelu. || Agitez avant usage. Appliquez sur le cuir chevelu et massez des racines jusqu'aux pointes. Rincez et recommencez si nécessaire. Eviter tout contact avec les yeux. En cas de contact, rincer abondamment avec de l'eau. || 12 mois après ouverture. || 
16,46€ / L || 
8,23 € || 
Shampooing antipelliculaire, lisse et soyeux || Le flacon de 300ml || Origine : FRANCE || 
18,20€ / L || 
5,46 € || 
Shampooing antipelliculaire, menthol fresh || Le flacon de 300ml || Origine : FRANCE || 
18,03€ / L || 
5,41 € || 
Shampooing antipelliculaire, pour cheveux gras, citrus fresh || Le flacon de 300ml || Origine : FRANCE || Protection antipelliculaire efficace avec formule Hydrazinc et combinée à notre technologie Scent Burst qui s'active au contact de l'eau. Notre formule HydraZinc agit sur la cause des pellicules dès la 1ère utilisation, élimine les pellicules visibles et résidus et aide à apaiser les sensations de sécheresse du cuir chevelu. || Agitez avant usage. Appliquez sur le cuir chevelu et massez des racines jusqu'aux pointes. Rincez et recommencez si nécessaire. Eviter tout contact avec les yeux. En cas de contact, rincer abondamment avec de l'eau. || Aqua, sodium lauryl sulfate, sodium laureth sulfate, glycol distearate, zinc carbonate, sodium chloride, sodium xylenesulfonate, zinc pyrithione, cocamidopropyl betaine, parfum, dimethicone, menthol, sodium benzoate, guar hydroxypropyltrimonium chloride, hydrochloric acid, magnésium carbonate hydroxide, hexyl cinnamal, limonène, benzyl salicylate, propylène glycol, citronellol, magnésium nitrate, citrus limon fruit extract, sodium polynaphthalene sulfonate, Cl 19140, methylchloroisothiazolinone,magnésium chloride, methylisothiazolinone, Cl 42090. || 12 mois après ouverture. || 
17,13€ / L || 
5,14 € || 
Shampooing antipelliculaire, pour homme, cheveux normauc || Le flacon de 300ml || Origine : FRANCE || 
17,13€ / L || 
5,14 € || 
Shampooing antipelliculaire, sensitive, à l'aloé vera || Le flacon de 500ml || Origine : FRANCE || Sa formule enrichie en agents de soin est spécialement conçue pour apporter un soin doux à votre cuir chevelu sensible en gardant vos cheveux doux au toucher. Notre formule HydraZinc agit sur la cause des pellicules dès la 1ère utilisation, élimine les pellicules visibles et résidus et aide à apaiser les sensations de sécheresse du cuir chevelu. || Agitez avant usage. Appliquez sur le cuir chevelu et massez des racines jusqu'aux pointes. Rincez et recommencez si nécessaire. Eviter tout contact avec les yeux. En cas de contact, rincer abondamment avec de l'eau. || Aqua, sodium lauryl sulfate, sodium laureth sulfate, glycol distearate, zinc carbonate, sodium chloride, dimethicone, sodium xylenesulfonate, zinc pyrithione, cocamidopropyl betaine, sodium benzoate, parfum, guar hydroxypropyltrimonium chloride, hydrochloric acid, magnésium carbonate hydroxide, linalool, magnésium nitrate, hexyl cinnamal, aloe barbadensis leaf juice, sodium polynaphthalenesulfonate, methylchloroisothiazolinone, magnésium chloride, methylisothiazolinone, ascorbic acid, citric acid, sodium sulfite, potassium sorbate. || 12 mois après ouverture. || 
16,46€ / L || 
8,23 € || 
Shampooing antipelliculaire, soin du cuir chevelu sec, huile d'amde douce || Le flacon de 300ml || Origine : FRANCE || Protection antipelliculaire efficace avec formule Hydrazinc et combinée à notre technologie Scent Burst qui s'active au contact de l'eau. Notre formule HydraZinc agit sur la cause des pellicules dès la 1ère utilisation, élimine les pellicules visibles et résidus et aide à apaiser les sensations de sécheresse du cuir chevelu. || Agitez avant usage. Appliquez sur le cuir chevelu et massez des racines jusqu'aux pointes. Rincez et recommencez si nécessaire. Eviter tout contact avec les yeux. En cas de contact, rincer abondamment avec de l'eau. || 12 mois après ouverture. || 
18,37€ / L || 
5,51 € || 
Shampooing antipelliculaire + après-shampooing, 2en1, classic, pour cheveux normaux || Le flacon de 450ml || Origine : FRANCE || Protection antipelliculaire efficace avec formule Hydrazinc et combinée à notre technologie Scent Burst qui s'active au contact de l'eau. Notre formule HydraZinc agit sur la cause des pellicules dès la 1ère utilisation, élimine les pellicules visibles et résidus et aide à apaiser les sensations de sécheresse du cuir chevelu. || Agitez avant usage. Appliquez sur le cuir chevelu et massez des racines jusqu'aux pointes. Rincez et recommencez si nécessaire. Eviter tout contact avec les yeux. En cas de contact, rincer abondamment avec de l'eau. || Aqua, sodium lauryl sulfate, sodium laureth sulfate, glycol distearate, zinc carbonate, sodium chloride, sodium xylenesulfonate, dimethicone, zinc pyrithione, cocamidopropyl betaine, parfum, sodium benzoate, guar hydroxypropyltrimonium chloride, hydrochloric acid, hexyl cinnamal, linalool, magnésium carbonate hydroxide, magnésium nitrate, sodium polynaphthalenesulfonate, methylchloroisothiazolinone, magnésium chloride, Cl 42090, methylisothiazolinone, Cl 17200. || 12 mois après ouverture. || 
18,29€ / L || 
8,23 € || 
Shampooing antipelliculaire + après shampooing 2 en 1 anti-démangeaisons || Le flacon de 270ml || Origine : FRANCE || 
20,56€ / L || 
5,55 € || 
Shampooing antipelliculaire + après shampooing 2 en 1 citrus fresh, pour cheveux gras || Le flacon de 270ml || Origine : FRANCE || Protection antipelliculaire efficace avec formule Hydrazinc et combinée à notre technologie Scent Burst qui s'active au contact de l'eau. Notre formule HydraZinc agit sur la cause des pellicules dès la 1ère utilisation, élimine les pellicules visibles et résidus et aide à apaiser les sensations de sécheresse du cuir chevelu. || Agitez avant usage. Appliquez sur le cuir chevelu et massez des racines jusqu'aux pointes. Rincez et recommencez si nécessaire. Eviter tout contact avec les yeux. En cas de contact, rincer abondamment avec de l'eau. || Aqua, sodium lauryl sulfate, sodium laureth sulfate, glycol distearate, zinc carbonate, sodium chloride, sodium xylenesulfonate, zinc pyrithione, cocamidopropyl betaine, dimethicone, parfum, menthol, sodium benzoate, guar hydroxypropyltrimonium chloride, hydrochloric acid, magnésium carbonate hydroxide, hexyl cinnamal, limonène, benzyl salicylate, propylène glycol, citronellol, magnésium nitrate, citrus limon fruit extract, sodium polynaphthalenesulfonate, cl19140, methylchloroisothiazolinone, magnésium chloride, methylisothiazolinone, cl42090. || 12 mois après ouverture. || 
20,56€ / L || 
5,55 € || 
Shampooing antipelliculaire + après shampooing 2 en 1 classic || Le flacon de 270ml || Origine : FRANCE || 
19,04€ / L || 
5,14 € || 
Shampooing antipelliculaire + après shampooing 2 en 1 sensitive || Le flacon de 270ml || Origine : FRANCE || 
20,41€ / L || 
5,51 € || 
Shampooing antipelliculaire anti-démangeaisons, eucalyptus || Le flacon de 300ml || Origine : FRANCE || 
18,03€ / L || 
5,41 € || 
Shampooing antipelliculaire classic cheveux normaux || Le flacon de 300ml || Origine : FRANCE || Protection antipelliculaire efficace avec formule HydraZinc et combinée à notre technologie Scent Burst qui sactive au contact de leau Notre formule HydraZinc agit sur la cause des pellicules dès la 1ère utilisation, élimine les pellicules visibleset résidus et aide à apaiser les sensations de sécheresse, de démangeaisons, et de tiraillements du cuir chevelu, laissant vos cheveux agréablement parfumés. || Agitez avant usage. Appliquez sur le cuir chevelu et massez des racines jusquaux pointes. Rincez et recommencez si nécessaire. Eviter tout contact avec les yeux. En cas de contact, rincer abondamment avec de leau. || Aqua, sodium lauryl sulfate, sodium laureth sulfate, glycoldistearate, zinc carbonate, sodium chloride, sodium xylenesulfonate, zinc pyrithione, cocamidopropyl betaine, dimethicone, parfum, sodium benzoate, guar hydroxypropyltrimonium chloride, hydrochloric acid, hexyl cinnamal, linalool, magnesium carbonate hydroxide, magnesium nitrate, sodium polynaphthalene sulfonate, methylchloroisothiazolinone, magnesium chloride, ci 42090, methylisothiazolinone, ci 17200. || 12 mois après ouverture. || 
17,13€ / L || 
5,14 € || 
Shampooing antipelliculaire réparation et soin || Le flacon de 300ml || Origine : FRANCE || Notre formule hydra zinc agit sur la cause des pellicules dès la 1ère utilisation. Elimine les pellicules visibles et résidus et aide à apaiser les sensations de sécheresse, de démangeaisons, et de tiraillements du cuir chevelu, laissant vos cheveuxagréablement parfumés. || Agitez avant usage. Appliquez sur le cuir chevelu et massez des racines jusqu'aux pointes. Rincez et recommencez si nécessaire. Eviter tout contact avec les yeux. En cas de contact, rincer abondamment avec de l'eau. || Aqua, sodium laureth sulfate, sodium lauryl sulfate, dimethicone, cocamide mea, zinc carbonate, glycol distearate, zinc pyrithione, sodium xylenesulfonate, cetyl alcohol, parfum, guar hydroxypropyltrimonium chloride, sodium chloride, hydrochloric acid, glycerin, magnesium sulfate sodium benzoate, linalool, magnesium carbonate hydroxide, butylphenyl methylpropional, limonène, hydroxyisohexyl 3-cyclohexene carboxaldehyde, benzyl alcohol, hexyl cinnamal, citronellol, magnesium nitrate, sodium hydroxide, tocopheryl acétate, sodium polynaphthalenesulfonate, paraffinum liquidum, cl 19140, cl 15510, methylchloroisothiazolinone, magnesium chloride, methylisothiazolinone. || 12 mois après ouverture. || 
18,17€ / L || 
5,45 € || 
Shampooing antipelliculaire sensitive || Le flacon de 300ml || Origine : FRANCE || Protection antipelliculaire efficace avec formule Hydrazinc et combinée à notre technologie Scent Burst qui s'active au contact de l'eau. Notre formule HydraZinc agit sur la cause des pellicules dès la 1ère utilisation, élimine les pellicules visibles et résidus et aide à apaiser les sensations de sécheresse du cuir chevelu. || Agitez avant usage. Appliquez sur le cuir chevelu et massez des racines jusqu'aux pointes. Rincez et recommencez si nécessaire. Eviter tout contact avec les yeux. En cas de contact, rincer abondamment avec de l'eau. || 12 mois après ouverture. || 
17,33€ / L || 
5,20 € || 
Tonique anti-chute || Le facon de 125ml || Origine : FRANCE || 
93,04€ / L || 
11,63 € || 
Traitement extra épaississant || Le flacon de 125ml || Origine : FRANCE || 
92,24€ / L || 
11,53 € || 
Cheveux longs, extrait de lin et lait d'amande douce, shampooing || Le flacon de 250ml || Origine : FRANCE || Pour hydrater et faire briller vos cheveux longs, Le Petit Marseillais a développé une recette enrichie en ingrédients simples sélectionnés pour leurs propriétés naturelles.Le lin est reconnu pour ses propriétés adoucissantes. Le lait d'amande douce,riche en lipides végétaux, apporte ses vertus nourrissantes. La texture crémeuse et onctueuse apporte soin et douceur à vos cheveux, sans les alourdir. || Appliquez le shampooing, massez le cuir chevelu en douceur puis rincez. || Aqua, sodium laureth sulfate, cocamidopropyl betaine, glycerin, dimethiconol, sodium chloride, disodium cocoamphodiacetate, lecithin, prunus amygdalus dulcis oil, linum usitatissimum seed extract, di-PPG-2 myreth-10 adipate, polyquaternium-10, panthenol, acrylates copolymer, cinnamic acid, levulinic acid, sodium levulinate, PEG-150 pentaerythrityl tetrastearate, PEG-6 caprylic/capric glycerides, propylene glycol, polyglyceryl-3 diisostearate, glyceryl caprylate, glyceryl stearate, TEA-dodecylbenzene sulfonate, carbomer, styrene/acrylates copolymer, xanthan gum, isopropyl alcohol, tetrasodium EDTA, sodium phytate, sodium hydroxide, sodium acetate, methylchloroisothiazolinone, methylisothiazolinone, sodium benzoate, parfum, butylphenyl methylpropional, hexyl cinnamal. || 12 mois après ouverture. || 
12,32€ / L || 
3,08 € || 
Cheveux normaux, extraits de pomme et d'olivier, shampooing || Le flacon de 250ml || Origine : FRANCE || Pour apporter force et éclat aux cheveux normaux, Le Petit Marseillais a associé des ingrédients naturels, simples et efficaces, inspirés d'authentiques recettes méditerranéennes.Vos cheveux sont fortifiés et brillants. Ils sont légers, faciles à coiffer et à démêler. Naturellement. || Aqua, sodium laureth sulfate, cocamidopropyl betaine, decyl glucoside, peg-12 dimethicone, olea europaea leaf extract, pyrus malus extract, parfum, hexyl cinnamal, peg-120 methyl glucose dioleate, polyquaternium-10, propylene glycol, sorbitol, sodiumchloride, dmdm hydantoin, sodium methylparaben, sodium propylparaben, citric acid, Cl19140, Cl42090. || 12 mois après ouverture. || 
10,76€ / L || 
2,69 € || 
Cheveux normaux regraissant vite, extraits naturels d'ortie et de citron || Le flacon de 250ml || Origine : FRANCE || Pour empêcher les cheveux de regraisser, Le Petit Marseillais a associé des ingrédients naturels, simples et efficaces, inspirés d'authentiques recettes méditerranéennes. || Brossez régulièrement vos cheveux pour les aérer et chasser la poussière qui les graisse et les ternit. || Aqua, Sodium Laureth Sulfate, Cocamidopropyl Betaine, PEG-12 Dimethicone, Citrus Medica Limonum Extract, Lamium Album extract, Zinc PCA, Parfum, Limonene, Linalool, Hexyl cinnamaldehyde, 2-(4-tert-butylbenzyl) propionaldehyde, PEG-120 Methyl GlucoseDioleate, Polyquaternium-10, Propylene Glycol, Sodium Chloride, DMDM Hydantoin, Sodium Methylparaben, Sodium Propylparaben, Citric Acid. Cl 19140. || 12 mois après ouverture. || 
12,16€ / L || 
3,04 € || 
Shampooing, Anti-Pelliculaire || Le flacon de 250ml || Origine : FRANCE || Association unique de 4 huiles essentielles : le thym pour ses propriétés assainissantes, le romarin pour ses vertus purifiantes, le citron pour l'excès de sébum et la camomille pour apaiser. L'équilibre naturel du cuir chevelu est respecté. Les pellicules visibles sont éliminées, les démangeaisons sont soulagées immédiatement. || Laissez poser 1 à 2 minutes avant de rincer. || Aqua, sodium laureth sulfate, cocamidopropyl betaine, sodium chloride, glycol distearate, glycerin, citric acid, anthemis nobilis flower oil, citrus medica limonum peel oil, pinus pinaster bark extract, rosmarinus officinalis leaf oil, thymus vulgaris flower/leaf oil, polyquaternium-10, myristyl alcohol, stearyl alcohol, carbomer, cetyl alcohol, etidronic acid, sodium hydroxide, piroctone olamine, sodium benzoate, cetrimonium chloride, parfum, benzyl salicylate, hexyl cinnamal, limonene, linalool. || 12 mois après ouverture. || 
14,20€ / L || 
3,55 € || 
Shampooing, Nutrition intense, Cheveux très secs, Frisés || Le flacon de 250ml || Origine : GRECE || Depuis des générations, les femmes méditerranéennes utilisent les huiles végétales pour prendre soin de leurs cheveux. Pour sa recette, Le Petit Marseillais s'est inspiré de leurs rituels de beauté et a sélectionné deux huiles : l'huile de karité, issue des noix broyée, réputée pour ses bienfaits nourrissants. L'huile d'argan, rare et précieuse, reconnue pour ses vertus adoucissantes et protectrices. Intensément nourris, vos cheveux sont réparés. Ils retrouvent douceur, souplesse et brillance. || Appliquez le shampooing, massez pour libérer une mousse onctueuse puis rincez. || Aqua, ammonium lauryl sulfate, glycerin, cocamidopropyl betaine, sodium chloride, citric acid, argania spinosa kernel oil, dicaprylyl ether, hydroxypropyl guar hydroxypropyltrimonium chloride, butyrospermum parkii oil, polyglyceryl-4 laurate/sebacate, polyglyceryl-6 caprylate/caprate, lauryl alcohol, glyceryl oleate, decyl glucoside, ammonium chloride, ammonium sulfate, sodium benzoate, benzoic acid, parfum, geraniol, hexyl cinnamal, benzyl salicylate, limonene, linalool, Cl 14700, Cl 19140. Sans paraben. Sans silicone. || 12 mois après ouverture. || 
12,68€ / L || 
3,17 € || 
Shampooing abricot, Cheveux normaux || Le flacon de 500ml || Origine : GRECE || Dans ce shampooing vous trouverez : un parfum ensoleillé : fruit jaune très apprécié en été, l'abricot révèle un parfum doux, gorgé de soleil. 5 00ml de douceur : avec sa base lavante d'origine végétale, ce shampooing laisse vos cheveux doux et brillants, tout simplement ! || Aqua, ammonium lauryl sulfate, glycerin, cocamidopropyl betaine, hydroxypropyl guar hydroxypropyltrimonium chloride, prunus armeniaca fruit extract, propylene glycol, glyceryl oleate, hydrogenated palm glycerides, citrate, lauryl alcohol, caprylyl/capryl glucoside, coco-glucoside, sodium chloride, ammonium chloride, ammonium sulfate, citric acid, tocopherol, sodium benzoate, parfum, limonene, hexyl cinnamal, Cl15985, Cl47005. Sans paraben, sans silicone. || 12 mois après ouverture. || 
11,84€ / L || 
5,92 € || 
Shampooing anti-pelliculaire, 4 huiles essentielles et menthe verte || Le flacon de 250ml || Origine : FRANCE || Le Petit Marseillais a sélectionné et assemblé des ingrédients du Sud reconnus pour leur efficacité naturelle.L'association unique de 4 huiles essentielles : de thym connue pour ses propriétés assainissantes, de romarin réputée pour ses vertus purifiantes, de citron reconnue pour aider à réguler le sébum, de camomille aux bienfaits apaisants avec de la menthe verte, ce shampooing procure une vraie sensation de fraîcheur et de légèreté. || Usage régulier. Laissez pauser 1 à 2 minutes avant de rincer. || Aqua, sodium, laureth sulfate, cocamidopropyl betaine, sodium chloride, citric acid, anthemis nobilis flower oil, citrus medica limonum peel oil, rosmarinus officinalis leaf oil, thymus vulgaris flower/leaf oil, mentha spicata flower/leaf/stem extract, glycerin, polyquaternium-10, acetic acid, hydrochloric acid, phosphoric acid, etidronic acid, sodium hydroxide, piroctone olamine, cetrimonium chloride, sodium benzoate, parfum, benzyl salicylate, limonene, Cl 19140, Cl 42090. Sans paraben. || 12 mois après ouverture. || 
12,28€ / L || 
3,07 € || 
Shampooing au miel, Cheveux normaux || Le flacon de 500ml || Origine : GRECE || Dans ce shampooing vous trouverez : de la gourmandise : apprécié pour sa douceur, le miel révèle un parfum riche et gourmand. 500ml de douceur : avec sa base lavante d'origine végétale, ce shampooing laisse vos cheveux doux et hydratés, tout simplement ! || Aqua, ammonium lauryl sulfate, glycerin, cocamidopropyl betaine, hydroxypropyl guar hydroxypropyltrimonium chloride, glyceryl oleate, hydrogenated palm glycerides citrate, mel, lauryl alcohol, coco-glucoside, caprylyl/capryl glucoside, ammonium chloride, citric acid, tocopherol, sodium benzoate, parfum, Cl17200, Cl47005. Sans paraben. Sans silicone. || 12 mois après ouverture. || 
11,84€ / L || 
5,92 € || 
Shampooing aux extraits d'argile blanche et de lait de jasmin, cheveu regraissant vite || Le flacon de 250ml || Origine : FRANCE || Pour des cheveux légers et propres plus longtemps Le Petit Marseillais a développé une recette enrichie en ingrédients simples, sélectionnés pour leurs propriétés naturelles.Les propriétés naturelles des ingrédients : l'argile blanche est reconnue pour ses vertus purifiantes et équilibrantes. Le lait de Jasmin est réputé pour ses propriétés hydratantes. Les racines sont purifiées et les longueurs sont hydratées. Vos cheveux restent beaux et propres plus longtemps. || Appliquez le shampooing, massez votre cuir chevelu en douceur, puis rincez. La texture crémeuse apporte soin et douceur aux longueurs sans les alourdir. || Aqua, sodium laureth sulfate, cocamidopropyl betaine, disodium cocoamphodiacetate, glycerin, helianthus annuus seed oil, jasminum officinale extract, zinc pca, lecithin, cocamide mea, polysorbate 20, sodium lauryl sulfate, glyceryl stearate, sodium chloride, acrylates copolymer, styrene/acrylates copolymer, polyquaternium-10, kaolin, polyglyceryl-3 diisostearate, disodium edta, citric acid, sodium glycolate, sodium benzoate, piroctone olamine, salicylic acid, parfum, butylphenyl methylpropional,hexyl cinnamal, citronellol. || 12 mois après ouverture. || 
12,28€ / L || 
3,07 € || 
Shampooing éclat couleur à l'huile de Carthame et à l'extrait naturel de Myrtille, Nourrit et renforce le cheveu || Le flacon de 250ml || Origine : FRANCE || Pour renforcer vos cheveux fragilisés par la coloration et prolonger l'éclat de votre couleur, Le Petit Marseillais a sélectionné des ingrédients du Sud reconnus pour leur efficacité naturelle.Intensément nourris, vos cheveux sont plus doux et leur protection naturelle est renforcée. Mieux protégée, votre couleur conserve son éclat plus longtemps. || Appliquez le shampooing, massez puis rincez. || Aqua, ammonium lauryl sulfate, glycerin, cocamidopropyl betaine, decyl glucoside, carthamus tinctorius seed oil, vaccinium myrtillus fruit extract, hydroxypropyl guar hydroxypropyltrimonium chloride, dimethicone, hydrogenated palm glycerides citrate,glyceryl oleate, lauryl alcohol, styrene/acrylates copolymer, coco-glucoside, ethylhexyl salicylate, acrylates/c10-30 alkyl acrylate crosspolymer, ammonium chloride, ammonium sulfate, sodium chloride, peg-150 distearate, citric acid, sodium benzoate, benzoic acid, parfum, geraniol, hexyl cinnamal, citronellol, linalool, benzyl salicylate, alpha-isomethyl ionone. Sans paraben. || 12 mois après ouverture. || 
12,96€ / L || 
3,24 € || 
Shampooing lait d'olive, Cheveux normaux || Le flacon de 500ml || Origine : GRECE || Enrichi en lait végétal, obtenu à partir de l'huile d'olives, ce shampooing crémeux laisse vos cheveux doux et démêlés tout simplement. || Aqua, sodium laureth sulfate, cocamidopropyl betaine, glycerin, dimethicone, c12-15 pareth-3, hydroxypropyl guar hydroxypropyltrimonium chloride, olea europaea fruit oil, guar hydroxypropyltrimonium chloride, levulinic acid, sodium levulinic, cinnamic acid, butyrospermum parkii butter, glyceryl caprylate, glyceryl stearate, lecithin, myristyl alcohol, stearyl alcohol, sodium lauryl sulfate, polyglyceryl-3 diisostearate, carbomer, sodium chloride, styrène/acrylates copolymer, xanthan gum, cetyl alcohol, sodium phytate, sodium hydroxide, citric acid, tocopherol, sodium benzoate, potassium sorbate, dmdm hydantoin, iodopropynyl butylcarbamate, mdm hydantoin, parfum, limonene, linalool. || 12 mois après ouverture. || 
11,64€ / L || 
5,82 € || 
Shampooing protection & réparation, Sève d'olivier et au lait d'acacia || Le flacon de 250ml || Origine : ITALIE || Pour nourrir et protéger vos cheveux abîmés et fragilisés, Le Petit Marseillais a développé une recette de soin unique. Une sélection de 2 ingrédients récoltés sous le soleil du bassin méditerranéen : l'extrait de sève d'olivier, liquide vital de l'arbre, reconnu pour sa résistance, l'acacia, arbuste dont les feuilles sont récoltées à la main dans le sud de la France, puis transformées en une onctueuse texture lait. Protégés et nourris de la racine jusqu'aux pointes, vos cheveux sont éclatants de santé. Ils sont plus beaux et plus doux. || Cheveux abîmés, fragilisés. Appliquez le shampooing, massez puis rincez. Sa texture crémeuse apporte soin et douceur à vos cheveux sans les alourdir et les laisse parfumés. || Aqua, ammonium lauryl sulfate, glycerin, cocamidopropyl betaine, acacia saligna leaf extract, olea europaea sap extract, amodimethicone, hydroxypropyl guar hydroxypropyltrimonium chloride, bis(c13-15 alkoxy) pg-amodimethicone, polyquaternium-39, polyquaternium-7, lauryl alcohol, c14-15 alcohols, isotridecyl alcohol, styrene/acrylates copolymer, zea mays starch, cocamide mea, ammonium chloride, ammonium sulfate, sodium chloride, xanthan gum, acrylates copolymer, sodium hydroxide, citric acid, sodium benzoate, parfum, benzyl salicylate, hexyl cinnamal, linalool, ci 15985, ci 19140. || 12 mois après ouverture. || 
12,32€ / L || 
3,08 € || 
Shampooing reflets bruns à l'extrait de henné et à l'huile de    noix, cheveux châtains à bruns || Le flacon de 250ml || Origine : FRANCE || Découvrez son parfum aux notes chaudes et gourmandes et sa texture crémeuse qui apporte soin et douceur à vos cheveux. Vos cheveux sont nourris. Leurs reflets sont beaux, lumineux et ravivés. Pour raviver vos reflets et apporter un soin nourrissant àvos cheveux, Le Petit Marseillais a développé une recette arec des ingrédients sélectionnés pour leurs propriétés naturelles. Les propriétés naturelles des ingrédients : le henné est traditionnellement utilisé pour raviver les reflets des cheveux bruns. L'huile de noix est reconnue pour ses vertus nourrissantes. || Appliquez le shampooing, massez en douceur puis rincez. || Aqua, sodium laureth sulfate, cocamidopropyl betaine, decyl glucoside, indigofera tinctoria leaf extract, juglans regia seed oil, panthenol, butylene glycol, glycol distearate, glycerin, peg/ppg acetate, peg/ppg allyl ether acetate, carbomer, hydroxypropyl guar hydroxypropyltrimonium chloride, lactic acid, laureth-2, coconut acid, laureth-4, peg/ppg-120/10, trimethylolpropane trioleate, peg/ppg-15/15 dimethicone, disodium edta, citric acid, sodium hydroxide, sodium benzoate, parfum, butylphenylmethylpropional, coumarin, limonene, linalool, Cl14700, Cl19140, Cl42090. || 12 mois après ouverture. || 
13,40€ / L || 
3,35 € || 
Shampooing Reflets dorés à la camomille et au blé                cheveux blonds à châtains clairs || Le flacon de 250ml || Origine : FRANCE || Pour raviver vos reflets blonds et apporter un soin hydratant à vos cheveux, Le Petit Marseillais a développé une recette avec des ingrédients sélectionnés pour leurs propriétés naturelles. Les propriétés naturelles des ingrédients : la camomille esttraditionnellement utilisée pour illuminer les reflets des cheveux blonds. L'huile de germe de blé est reconnue pour ses propriétés nourrissantes et adoucissantes. Vos cheveux sont hydratés. Illuminés, ils se parent de beaux reflets dorés et naturels. || Appliquez le shampooing, faites mousser et massez le cuir chevelu en douceur puis rincez. || Aqua, sodium laureth sulfate, cocamidopropyl betaine, decyl glucoside, laureth-2, peg/ppg-120/10 trimethylolpropane trioleate, chamomilla recutita extract, triticum vulgare germ oil, panthenol, propylene glycol, glycol distearate, glycerin, peg/ppg acetate, peg/ppg allyl ether acetate, carbomer, hydroxypropyl guar hydroxypropyltrimonium chloride, lactic acid, laureth-4, peg/ppg-15/15 dimethicone, coconut acid, disodium edta, citric acid, sodium hydroxide, sodium benzoate, parfum, linalool, butylphenyl methylpropional, CI19140, CI15985. || 12 mois après ouverture. || 
12,24€ / L || 
3,06 € || 
Shampooing soin au lait de karité et au miel || Le flacon de 250ml || Origine : FRANCE || Pour des cheveux nourris et réparés, Le Petit Marseillais a développé une recette enrichie en ingrédients simples, sélectionnés pour leurs propriétés naturelles.Les propriétés naturelles des ingrédients : le lait de karité, riche en lipides végétaux,est reconnu pour ses vertus hydratantes, le miel est réputé pour ses propriétés nourrissantes et adoucissantes. || Appliquez le shampooing, massez en douceur puis rincez. Découvrez le plaisir de son parfum riche et de sa texture onctueuse. || Aqua, sodium laureth sulfate, disodium cocoamphodiacetate, glycerin, glycol distearate, dimethicone, citric acid, butyrospermum parkii, mel, cocamidopropyl betaine, hydroxypropyl guar hydroxypropyltrimonium chloride, salicylic acid, lecithin, glyceryl stearate, myristyl alcohol, polyglyceryl-3 diisostearate, stearyl alcohol, C12-15 pareth-3, coco-glucoside, carbomer, cetyl alcohol, guar hydroxypropyltrimonium chloride, sodium chloride, sodium hydroxide, dmdm hydantoin, iodopropynyl butylcarbamate, methylisothiazolinone, sodium benzoate, parfum, alpha-isomethyl ionone, benzyl salicylate, butylphenyl methylpropional, coumarin, hexyl cinnamal, Cl17200, Cl19140. Sans paraben. || 12 mois après ouverture. || 
12,04€ / L || 
3,01 € || 
Shampooing, cheveux normaux, lait végétal, 100% naturel || Le flacon de 250ml || Origine : FRANCE || Le shampooing Garnier Ultra Doux associe le lait végétal hydratant reconnu pour ses propriétés hydratantes à une texture onctueuse et légère qui n'alourdit pas vos cheveux.Véritable recette de souplesse pour les cheveux normaux et cuirs chevelus secs. Pour Ultra DOUX, Garnier a sélectionné et optimisé des agents lavants d'origine végétale dans une formule unique qui apporte douceur et respect au cheveu. || En cas de contact avec les yeux, les rincer immédiatement. || Aqua/water, sodium laureth sulfate, dimethicone, glycerin, coco-betaine, sodium chloride, cetyl alcohol, hydroxystearyl cetyl ether, guar hydroxypropyltrimonium chloride, sodium benzoate, sodium hydroxide, ppg-5-ceteth-20, salicylic acid, limonene, propylene glycol, carbomer, butyrospermum parkii butter/shea butter, citric acid, coumarin, parfum / fragrance (FIL C32758/1). Sans paraben. || 12 mois après ouverture. || 
13,40€ / L || 
3,35 € || 
Shampooing à la camomille et miel de fleurs || Le flacon de 400ml || Origine : FRANCE || Pour les cheveux blonds, Garnier Ultra Doux associe la Camomille reconnue pour ses propriétés éclaircissantes et adoucissantes au Miel de Fleurs réputé pour ses vertus nourrissantes.Résultat : illuminés comme au retour de vacances, vos cheveux se parent de beaux reflets très naturels et ont un éclat incomparable. Finis les blonds ternes, votre chevelure est incroyablement brillante et lumineuse. Parfaitement soignés sans être alourdis, les cheveux blonds retrouvent souplesse et douceur au toucher. || En cas de contact avec les yeux, les rincer immédiatement. || Aqua/water, sodium laureth sulfate, disodium cocoamphodiacetate, glycerin, sodium chloride, disodium laureth sulfosuccinate, Cl19140/yellow 5, chamomilla recutita extract/matricaria flower extract, cocamidopropyl betaine, cocamide mipa, sodium benzoate, sodium glycolate, sodium hydroxide, peg-55 propylene glycol oleate, polyquaternium-10, salicylic acid, mel/honey, linalool, benzyl alcohol, propylene glycol, isopropanolamine, caramel, citric acid, butylphenyl methylpropional, hexylene glycol, hexyl cinnamal, glyceryl laurate, parfum/fragrance (FIL C46036/1). Sans paraben et sans silicone. || 12 mois après ouverture. || 
12,50€ / L || 
5,00 € || 
Shampooing à la mangue et fleur de tiaré, cheveux secs, abîmés, extraits naturels || Le flacon de 250ml || Origine : FRANCE || Nourris, vos cheveux sont comme repulpés, réparés jusquaux pointes. Ils retrouvent toute leur souplesse et leur vitalité. Ils sont brillants, doux au toucher, comme satinés.Véritable recette de nutrition et réparation pour les cheveux secs, abîmés,le shampooing Garnier Ultra Doux associe la mangue reconnue pour ses vertus nourrissantes et réparatrices, à la Fleur de Tiaré réputée pour ses propriétés adoucissantes et satinantes, dans une formule onctueuse sans silicone qui n'alourdit pas vos cheveux. || En cas de contact avec les yeux, les rincer immédiatement. || Aqua/water, sodium laureth sulfate, coco-betaine, glycerin, glycol distearate, propylene glycol, sodium chloride, Cl19140/yellow 5, Cl17200/red 33, cocos nucifera oil/coconut oil, sodium benzoate, sodium hydroxide, polyquaternium-10, salicylic acid,limonene, benzyl alcohol, benzyl salicylate, linalool, mangifera indica seed oil/mango seed oil, carbomer, gardenia tahitensis flower, citric acid, coumarin, hexylene glycol, hexyl cinnamal, parfum/fragrance. (FIL C36464/1). Formulé sans paraben et sans silicone. || 12 mois après ouverture. || 
12,72€ / L || 
3,18 € || 
Shampooing au lait de vanille, cheveux longs || Le flacon de 250ml || Origine : FRANCE || Résultat : démêlés des racines jusqu'aux pointes, vos cheveux sont plus beaux et extrêmement doux au toucher.Véritable recette de démêlage pour les cheveux longs, le shampooing Garnier Ultra Doux 2 en 1 associe la vanille, reconnue pour sa grande douceur et son parfum délicieux, à une texture douce et crémeuse qui n'alourdit pas vos cheveux. || Aqua/water, sodium laureth sulfate, dimethicone, coco-betaine, glycerin, sodium chloride, cetyl alcohol, hydroxystearyl cetyl ether, guar hydroxypropyltrimonium chloride, sodium benzoate, sodium hydroxide, ppg-5-ceteth-20, salicylic acid, limonene, linalool, vanilla planifolia extract/vanilla planifolia fruit extract, propylene glycol, carbomer, carica papaya extract/papaya fruit extract, citronellol, citric acid, hexyl cinnamal, parfum/fragrance. (FIL C49040/1). Sans paraben. || 12 mois après ouverture. || 
13,00€ / L || 
3,25 € || 
Shampooing doux biodégradable à l'amande douce et fleur de lotus || Le flacon de 250ml || Origine : FRANCE || Les cheveux de toute la famille, même les plus délicats, sont doux, brillants et éclatants de santé. Sa formule 97% biodégradable contribue à respecter l'environnement.Véritable recette de douceur et de protection pour toute la famille, le shampooingGarnier Ultra Doux associe l'amande douce reconnu pour ses propriétés adoucissantes, à la fleur de Lotus réputée pour sa délicatesse, dans une texture légère qui n'alourdit pas les cheveux. || En cas de contact avec les yeux, les rincer immédiatement. || Aqua/water, ammonium lauryl sulfate, cocamidopropyl betaine, sodium chloride, sodium benzoate, hydroxypropyl guar hydroxypropyltrimonium chloride, sodium hydroxide, salicylic acid, polysorbate 20, nelumbo nucifera flower extract, benzoic acid, linalool, citric acid, coumarin, prunus amygdalus dulcis oil/sweet almond oil, hexylene glycol, parfum/fragrance. (FIL C45532/1). Sans paraben, sans silicone, sans colorant. || 12 mois après ouverture. || 
12,92€ / L || 
3,23 € || 
Shampooing merveilleux, Huiles d'argan et camélia, pour cheveux secs || Le flacon de 250ml || Origine : FRANCE || Nourris en profondeur, vos cheveux retrouvent une souplesse et une douceur incomparables. Ils redeviennent brillants et resplendissent de beauté. Dans sa nouvelle recette de soin pour les cheveux secs, Garnier Ultra Doux associe 2 huiles précieuses aux vertus merveilleuses. Héritée des secrets de beauté des femmes marocaines, l'huile d'argan, aux propriétés hautement nutritives se mêle à l'huile de camélia, réputée pour apporter éclat et douceur à vos cheveux. || En cas de contact avec les yeux, les rincer immédiatement. || Aqua/water, sodium laureth sulfate, coco-betaine, cocamide mipa, sodium chloride, sodium benzoate, sodium cocoate, sodium hydroxide, ppg-5-ceteth-20, peg-55 propylene glycol oleate, peg-60 hydrogenated castor oil, argania spinosa oil/argania spinosakernel oil, polyquaternium-10, salicylic acid, limonene, camellia oleifera seed oil, linalool, benzyl alcohol, amodimethicone, propylene glycol, geraniol, citronellol, methyl cocoate, citric acid, laureth-5 carboxylic acid, hexyl cinnamal, parfum/fragrance (FIL C55019/2). Formulé sans paraben. || 12 mois après ouverture. || 
13,80€ / L || 
3,45 € || 
Shampooing purifiant, Cheveux à tendance grasse || Le flacon de 250ml || Origine : FRANCE || Le shampooing associe les bienfaits de l'argile douce au cédrat reconnu pour son action purifiante et rafraichissante. Sa formule ultra douce et légère respecte le cuir chevelu. || En cas de projection dans les yeux, les rincer immédiatement. || Aqua/water, ammonium lauryl sulfate, sodium laureth sulfate, kaolin, sodium chloride, glycerin, Cl19140/yellow 5, Cl42090/blue 1, sodium benzoate, sodium hydroxide, salicylic acid, limonene, benzoic acid, linalool, benzyl salicylate, benzyl alcohol,alpha-isomethyl ionone, acrylates copolymer, citric acid, citrus medica vulgaris fruit extract, hexylene glycol, hexyl cinnamal, parfum/fragrance (FIL C53141/1). Formulé sans paraben. || 12 mois après ouverture. || 
12,96€ / L || 
3,24 € || 
Shampooing reconstituant, Cheveux fragiles cassants || Le flacon de 250ml || Origine : POLOGNE || Mieux nourris, mieux protégés et réparés jusqu'aux pointes, vos cheveux sont renforcés. Ils sont plus résistants et plus brillants vraiment plus faciles à coiffer. Garnier Ultra Doux crée sa nouvelle recette reconstituante spécialement conçue pour les cheveux fragiles, cassants. Elle associe 3 trésors issus de la ruche : la gelée royale réparatrice, la propolis protectrice et le miel nourricier. || Attention à ne pas avaler. Ne pas laisser à la portée des enfants. En cas de contact avec les yeux, les rincer immédiatement. || 12 mois après ouverture. || 
14,36€ / L || 
3,59 € || 
Shampooing sec à la vanille || Le spray de 150ml || Origine : FRANCE || 
49,07€ / L || 
7,36 € || 
Shampooing soleil, à l'huile de Monïo || Le flacon de 250ml || Origine : POLOGNE || Garnier Ultra Doux crée une recette de soin délicieusement ensoleillée, idéale pour garder des cheveux sublimes tout l'été. L'huile de Monoï, réputée pour ses puissantes vertus nourrissantes, réparatrices et protectrices, se mêle au Néroli, huile précieuse de la fleur d'oranger, reconnue pour son arôme floral exquis et ses propriétés relaxantes. || Attention à ne pas avaler. Ne pas laisser à la portée des enfants. En cas de contact avec les yeux, les rincer immédiatement. || 12 mois après ouverture. || 
14,36€ / L || 
3,59 € || 
Shampooing vitalité aux 5 plantes || Le flacon de 250ml || Origine : FRANCE || Sa texture gel fondante respecte vos cheveux sans les alourdir. Son parfum délicat aux notes vertes et fraîches vous procure une sensation de bien-être. || En cas de contact avec les yeux, les rincer immédiatement. || Aqua, sodium laureth sulfate, citric acid, cocamidopropyl betaine, ammonium hydroxide, sodium chloride, eucalyptus globulus extract/eucalyptus globulus leaf extract, sodium benzoate, sodium hydroxide, polyquaternium-10, salicylic acid, limonene, camelia sinensis leaf extract, lamium album flower/leaf/sterm extract, linalool, lippia citriodora leaf extract, citrus medica limonum extract/lemon fruit extract, citral, hexylene glycol, hexyl cinnamal, glycerin, parfum (FIL C52099/3). || 12 mois après ouverture. || 
13,00€ / L || 
3,25 € || 
S.O.S.Help Me!, Shampooing réparateur || Le flacon de 400ml || Origine : ROYAUME UNI || SOS Help Me ! Shampooing réparateur. Formule ultra hydratante qui nourrit et répare les cheveux secs et abimés. A base d'extraits d'encens et de protéines de karité.Les cheveux deviennent ainsi soyeux et lumineux. || Appliquer le shampooing sur cheveux mouillés et masser doucement. Rincer soigneusement. Eviter le contact avec les yeux, si cela se produit, rincer abondamment à l'eau. || Aqua (water), ammonium lauryl sulfate, sodium laureth sulfate, cocamidopropyl betaine, decyl glucoside, ammonium chloride, parfum (fragrance), dipropylene glycol, sodium chloride, glycol distearate, butyrospermum parkii (shea butter), laureth-4, menthol polyquaternium-39, boswellia serrata (olibanum) extract, tetrasodium edta, citric acid, magnesium nitrate, benzyl alcohol, glycerin, formic acid, methylparaben, magnesium chloride, methylchloroisothiazolinone, propylparaben, methylisothiazolinone. || 12 mois après ouverture. || 
15,43€ / L || 
6,17 € || 
Shampooing, Booster de couleur || Le flacon de 400ml || Origine : ROYAUME UNI || Shampooing Blondes Have More Fun, une formule enrichie en camomille et citron, pour booster et préserver l'intensité de votre blond jour après jour. || Appliquer le shampooing sur cheveux mouillés et masser doucement. Rincer soigneusement. Eviter le contact avec les yeux. Si cela se produit, rincer abondamment à l'eau. || Aqua (water), sodium laureth sulfate, ammonium lauryl sulfate, sodium chloride, cocamidopropyl betaine, coco-glucoside, chamomilla recutita (matricaria) flower/leaf extract, silk amino acids, lauryl alcohol, C10-40 isoalkylamidopropylethyldimonium ethosulfate, dicaprylyl ether, parfum (fragrance), citral, limonene, linalool, tetrasodium edta, dipropylene glycol, propylene glycol, citric acid, magnesium nitrate, magnesium chloride, imidazolidinyl urea, benzyl alcohol, benzoic acid, methylchloroisothiazolinone, methylisothiazolinone, methylparaben, Cl19140 (yellow 5). || 12 mois après ouverture. || 
20,57€ / L || 
6,17 € || 
Shampooing, Booster de volume || Le flacon de 400ml || Origine : ROYAUME UNI || Vous allez apprécier les bulles énergisantes enrichies en protéines de ce shampooing. Il renforcera et apportera du volume à vos cheveux. Vous allez l'adorer ! || Appliquer le shampooing sur cheveux mouillés et masser doucement. Rincer soigneusement. Eviter le contact avec les yeux, si cela se produit, rincer abondamment à l'eau. || Aqua (water), sodium laureth sulfate, ammonium lauryl sulfate, sodium chloride, cocamidopropyl betaine, coco-glucoside, hydroxypropyltrimonium hydrolyzed corn starch, laurdimonium hydroxypropyl hydrolyzed soy protein, panthenol, laureth-4, parfum (fragrance), butylphenyl methylpropional, limonene, glycol distearate, glycerin, tetrasodium edta, citric acid, magnesium nitrate, magnesium chloride, phenoxyethanol, benzyl alcohol, methylchloroisothiazolinone, methylisothiazolinone. || 12 mois après ouverture. || 
20,57€ / L || 
6,17 € || 
Shampoing, Aussome volume || Le flacon de 300ml || Origine : FRANCE || Notre formule unique, à l'extrait de houblon d'Australie, donne du corps et de l'ampleur aux cheveux des racines jusqu'aux pointes. || Ouvrir la bouteille. Masser profondément le cuir chevelu et les pointes avec le shampoing. Rincer. Pour des résultats énormes, compléter par l'après-shampoing Aussie Aussome Volume. || 12 mois après ouverture. || 
24,00€ / L || 
7,20 € || 
Shampoing, Colour mate || Le flacon de 300ml || Origine : FRANCE || Notre formule spéciale à l'extrait de pêche sauvage d'Australie, nettoie en douceur pour aider à protéger les cheveux abîmés par les produits chimiques et à les garder éclatants. || Mouiller et masser profondément le cuir chevelu et les racines. Rincer. Pour de meilleurs résultats, utiliser l'après-shampoing Colour Mate. || 12 mois après ouverture. || 
24,00€ / L || 
7,20 € || 
Shampoing, Frizz miracle || Le flacon de 300ml || Origine : FRANCE || Notre formule à l'extrait de feuilles d'eucalyptus bleu d'Australie aide à contrôler l'électricité statique et les frisottis laissant les cheveux lisses et brillants. || Mouiller les cheveux et masser le cuir chevelu et les racines. Rincer. Miracle, si vous être sévèrement atteinte de frisottis. Continuer avec l'après-shampoing Aussie Frizz. || 12 mois après ouverture. || 
24,00€ / L || 
7,20 € || 
Shampoing, Luscious long || Le flacon de 300ml || Origine : FRANCE || Notre collection Luscious Long avec un mélange Blue Mountain d'Australie aide à apporter douceur et satiné aux cheveux longs. Et contrôle tous les petits cheveux rebelles. || Ramassez-moi cette crinière et gorgez-la d'eau. Bien masser le cuir chevelu et les racines avec le shampoing. N'oubliez pas de rincer. Et pour un résultat complètement dingue, utilisez aussi l'après-shampoing Aussie Luscious Long. || 12 mois après ouverture. || 
24,00€ / L || 
7,20 € || 
Shampoing, Miracle moist || Le flacon de 300ml || Origine : FRANCE || Notre formule spéciale à l'extrait d'huile de noix de macadamia d'Australie aide à hydrater et adoucir les cheveux. || Mouiller abondamment les cheveux. Masser profondément le cuire chevelu et les pointes avec le shampoing. Rincer. Pour de meilleurs résultats, il y a aussi l'après-shampoing Aussie Miracle Moist. || 12 mois après ouverture. || 
24,00€ / L || 
7,20 € || 
Shampoing, Miracle shine || Le flacon de 300ml || Origine : FRANCE || Inspirée par d'anciens secrets de beauté australiens, cette formule de brillance micracle vous permettra, à vous et à vos cheveux, de briller de manière sensationnelle. Les perles scintillent et le ginseng est connu pour booster l'énergie. || Mouiller les cheveux. Laisser le miracle s'accomplir en massant. Rincer. Passer à l'après-shampoing Miracle Shine. || Aqua, sodium laureth sulfate, sodium lauryl sulfate, glycol distearate, dimethicone, cocamidopropyl betaine, sodium citrate, cocamide mea, sodium xylenesulfonate, parfum, citric acid, sodium benzoate, sodium chloride, glycerin, tetrasodium edta, guarhydroxypropyltrimonium chloride, linalool, benzyl salicylate, hexyl cinnamal, sodium oxide, butylene glycol, magnesium nitrate, panax ginseng root extract, margarita powder, alcohol denat, methylchloroisothiazolinone, magnesium chloride, methylisothiazolinone. || 12 mois après ouverture. || 
24,00€ / L || 
7,20 € || 
Shampooing sec, Blush || La bombe de 200ml || Origine : ROYAUME UNI || Quelques vaporisations suffisent pour revitaliser instantanément vos cheveux et absorber l'excès de sébum. Vos cheveux sont plus propres et plus frais et retrouvent volume et texture. || Bien secouer avant chaque utilisation. Vaporiser à 30 cm vers les racines. Masser du bout des doigts. Bien brosser puis coiffer comme d'habitude. Récipient sous pression. Ne pas percer ou brûler même après usage. Ne pas vaporiser vers une flamme ou un corps incandescent. Conserver à l'écart des sources d'ignition. Ne pas fumer près du produit. Eviter de pulvériser dans les yeux. Garder hors de la portée des enfants. Produit non destiné à l'hygiène intime. Employer uniquement comme indiqué. La concentration ou l'inhalation abusive et intentionnellement du contenu peut être nocive ou fatale. || Protéger contre les rayons du soleil et à ne pas exposer à une température supérieure à 50°C. || 
25,10€ / L || 
5,02 € || 
Shampooing sec, Original || La bombe 200ml || Origine : ROYAUME UNI || Quelques vaporisations suffisent pour revitaliser instantanément vos cheveux et absorber l'excès de sébum. Vos cheveux sont plus propres et plus frais et retrouvent volume et texture. || Bien secouer avant chaque utilisation. Vaporiser à 30 cm vers les racines. Masser du bout des doigts. Bien brosser puis coiffer comme d'habitude. Récipient sous pression. Ne pas percer ou brûler même après usage. Ne pas vaporiser vers une flamme ou un corps incandescent. Conserver à l'écart des sources d'ignition. Ne pas fumer près du produit. Eviter de pulvériser dans les yeux. Garder hors de la portée des enfants. Produit non destiné à l'hygiène intime. Employer uniquement comme indiqué. La concentration ou l'inhalation abusive et intentionnelle du contenu peut être nocive ou fatale. || A protéger contre les rayons du soleil et ne pas exposer à une température supérieure à 50°C. || 
26,75€ / L || 
5,35 € || 
Shampooing sec, xxl volume || Le spray de 200ml || Origine : ROYAUME UNI || Le shampooing sec Batiste XXL Volume absorbe l'excès de sébum et rafraîchit les cheveux, sans nécessiter d'eau. En quelques secondes les cheveux retrouvent un volume glamour, avec une incroyable sensation de propreté. || Bien secouer avant chaque utilisation. Vaporiser à 30 cm vers les racines. Masser du bout des doigts. Bien brosser, puis coiffer comme d'habitude. Récipient sous pression. Ne pas percer ou brûler même après usage. Ne pas vaporiser vers une flamme ouun corps incandescent. Tenir à l'écart de toute source d'étincelles. Ne pas fumer. Eviter de vaporiser dans les yeux. Tenir hors de portée des enfants. Ne pas appliquer sur une plaie ouverte ou une peau irritée. Ne pas utiliser pour l'hygiène intime.Ne pas utiliser pour un autre usage que celui pour lequel le produit est destiné. La concentration ou l'inhalation abusive et intentionnelle du contenu peut être nocive ou fatale. || Butane, isobutane, propane, oryza sativa (rice) starch, alcohol denat, silica, talc, parfum (fragrance), limonene, linalool, distearyldimonium chloride, cetrimonium chloride. || A protéger contre les rayons solaires et à ne pas exposer à une température supérieure à 50°C. || 
24,95€ / L || 
4,99 € || 
Shampooing sec brit || Le spray de 200ml || Origine : ROYAUME UNI || Ce shampooing sec Batiste absorbe l'excès de sébum et rafraîchit les cheveux, sans nécessiter d'eau. En quelques secondes les cheveux retrouvent leur vitalité, gagnent en volume, avec une agréable sensation de propreté et de fraîcheur. || Bien secouer avant chaque utilisation. Vaporiser à 30 cm vers les racines. Masser du bout des doigts. Bien brosser, puis coiffer comme d'habitude. Récipient sous pression. Ne pas percer ou brûler même après usage. Ne pas vaporiser vers une flamme ouun corps incandescent. Tenir à l'écart de toute source d'étincelles. Ne pas fumer. Eviter de vaporiser dans les yeux. Tenir hors de portée des enfants. Ne pas appliquer sur une plaie ouverte ou une peau irritée. Ne pas utiliser pour l'hygiène intime.Ne pas utiliser pour un autre usage que celui pour lequel le produit est destiné. La concentration ou l'inhalation abusive et intentionnelle du contenu peut être nocive ou fatale. || Butane, isobutane, propane, oryza sativa (rice) starch, alcohol denat, parfum (fragrance), butylphenyl methylpropional, hydroxyisohexyl 3-cyclohexene carboxaldehyde, distearyldimonium chloride, cetrimonium chloride. || A protéger contre les rayons solaires et à ne pas exposer à une température supérieure à 50°C. || 
25,00€ / L || 
5,00 € || 
Shampooing sec Dark & Brunette || Le spray de 200ml || Origine : ROYAUME UNI || Le shampooing sec Batiste pour cheveux bruns et foncés est la solution idéale entre 2 shampooings. Quelques vaporisations suffisent pour revitaliser vos cheveux et absorber l'excès de sébum. Vos cheveux sont plus et plus frais et retrouvent volume ettexture. Sa poudre colorée ravive les cheveux foncés et aide à masquer les racines des cheveux colorés. || Bien secouer avant chaque utilisation. Vaporiser à 30 cm vers les racines. Masser du bout des doigts. Bien brosser, puis coiffer comme d'habitude. Sur les vêtements, les traces éventuelles de couleurs s'éliminent facilement à l'eau et au savon. Récipient sous pression.  Ne pas percer ou brûler, même après usage. Ne pas vaporiser vers une flamme ou un corps incandescent. Conserver à l'écart des sources d'ignition. Ne pas  fumer près du produit. Eviter de pulvériser dans les yeux. Garder hors de la portée des enfants. Produit non destiné à l'hygiène intime. Employer uniquement comme indiqué. La concentration ou l'inhalation abusive et intentionnelle du contenu peut être nocive ou fatale. || Butane, isobutane, propane, oryza sativa (rice) starch, alcohol denat, parfum (fragrance), limonene, linalool, distearyl dimonium chloride, cetrimonium chloride, CI77491, CI77492, CI77499 (iron oxides). || Protéger contre les rayons du soleil et ne pas exposer à une température supérieure à 50°C. || 
27,25€ / L || 
5,45 € || 
Shampooing cheveux gras, Vinaigre de romarin || Le flacon de 250ml || Origine : FRANCE || 
26,56€ / L || 
6,64 € || 
Shampooing cheveux gras, Vinaigre de romarin || Le flacon de 250ml || Origine : FRANCE || 
26,56€ / L || 
6,64 € || 
Shampooing extra-doux, usage quotidien, protéines de blé, cosmétique bio || Le flacon de 1l || Origine : FRANCE || Ce shampooing Extra-Doux, riche en protéines de blé, apporte douceur et brillance à tous les types de cheveux, il les fortifie et facilite leur démêlage. Sa formule ultra-douce au pH équilibré, permet un usage quotidien. || Aqua, lavandula angustifolia extract*, ammonium lauryl sulfate, sodium cocoamphoacetate, parfum, cocamidopropyl betaine, phospholipids, glycolipids, soybean (glycine soja) oil, soybean sterols, vinegar, glycerin, lavandula angustifolia extract, rosmarinus officinalis leaf extract, salvia officinalis leaf extract, thymus vulgaris extract, xanthan gum, hydrolyzed wheat protein, sodium benzoate, sodium chloride, phytic acid, benzyl alcohol, potassium sorbate, yogourt extract, lactic acid, limonene,linalool. *Ingrédients issus de l'agriculture biologique. 27% du total des ingrédients sont issus de l'agriculture biologique. 99% du total des ingrédients sont d'origine naturelle. Garanti sans paraben et sans phenoxyethanol. || A utiliser dans les 12 mois après ouverture. || 
13,44€ / L || 
13,44 € || 
Shampooing extra-doux, usage quotidien, protéines de blé, cosmétique bio || Le flacon de 1l || Origine : FRANCE || Ce shampooing Extra-Doux, riche en protéines de blé, apporte douceur et brillance à tous les types de cheveux, il les fortifie et facilite leur démêlage. Sa formule ultra-douce au pH équilibré, permet un usage quotidien. || Aqua, lavandula angustifolia extract*, ammonium lauryl sulfate, sodium cocoamphoacetate, parfum, cocamidopropyl betaine, phospholipids, glycolipids, soybean (glycine soja) oil, soybean sterols, vinegar, glycerin, lavandula angustifolia extract, rosmarinus officinalis leaf extract, salvia officinalis leaf extract, thymus vulgaris extract, xanthan gum, hydrolyzed wheat protein, sodium benzoate, sodium chloride, phytic acid, benzyl alcohol, potassium sorbate, yogourt extract, lactic acid, limonene,linalool. *Ingrédients issus de l'agriculture biologique. 27% du total des ingrédients sont issus de l'agriculture biologique. 99% du total des ingrédients sont d'origine naturelle. Garanti sans paraben et sans phenoxyethanol. || A utiliser dans les 12 mois après ouverture. || 
13,44€ / L || 
13,44 € || 
Shampooing usage fréquent, soluté de yoghourt, cosmétique bio || Le flacon de 250ml || Origine : FRANCE || Le shampooing Cattier au soluté de yogourt et aux huiles essentielles, à la texture onctueuse et à la mousse légère, apporte souplesse, douceur et brillance à tous les types de cheveux. Sa formule ultra douce au pH équilibré permet un usage fréquent.Riche en protéines de blé, il nourrit et fortifie les cheveux dès la racine et facilite leur démêlage. || Aqua, lavandula angustifolia extract*, ammonium lauryl sulfate, sodium cocoamphoacetate, parfum, cocamidopropyl betaïne, phospholipids, glycolipids, soybean (glycine soja) oil, soybean sterols, acl : 4730474 vinegar, glycerin, lavandula angustifoliaextract, rosmarinus officinalis leaf extract, salvia officinalis leaf extract, thymus vulgaris extract, xanthan gum, hydrolyzed wheat protein, sodium benzoate, sodium chloride, phytic acid, benzyl alcohol, potassium sorbate, yogurt extract, lactic acid, limonene, linalool. *Ingrédients issus de l'agriculture biologique. 27% du total des ingrédients sont issus de l'agriculture biologique. 99% du total des ingrédients sont d'origne naturelle. Garanti sans paraben et sans phénoxyethanol. || A utiliser dans les 12 mois après ouverture. || 
26,56€ / L || 
6,64 € || 
Shampooing usage fréquent, soluté de yoghourt, cosmétique bio || Le flacon de 250ml || Origine : FRANCE || Le shampooing Cattier au soluté de yogourt et aux huiles essentielles, à la texture onctueuse et à la mousse légère, apporte souplesse, douceur et brillance à tous les types de cheveux. Sa formule ultra douce au pH équilibré permet un usage fréquent.Riche en protéines de blé, il nourrit et fortifie les cheveux dès la racine et facilite leur démêlage. || Aqua, lavandula angustifolia extract*, ammonium lauryl sulfate, sodium cocoamphoacetate, parfum, cocamidopropyl betaïne, phospholipids, glycolipids, soybean (glycine soja) oil, soybean sterols, acl : 4730474 vinegar, glycerin, lavandula angustifoliaextract, rosmarinus officinalis leaf extract, salvia officinalis leaf extract, thymus vulgaris extract, xanthan gum, hydrolyzed wheat protein, sodium benzoate, sodium chloride, phytic acid, benzyl alcohol, potassium sorbate, yogurt extract, lactic acid, limonene, linalool. *Ingrédients issus de l'agriculture biologique. 27% du total des ingrédients sont issus de l'agriculture biologique. 99% du total des ingrédients sont d'origne naturelle. Garanti sans paraben et sans phénoxyethanol. || A utiliser dans les 12 mois après ouverture. || 
26,56€ / L || 
6,64 € || 
Shampooing, Huiles de soin || Le flacon de 250ml || Origine : FRANCE || Dove Oil Nutrition associe des huiles de soin légères, extraites de l'amande douce et de la noix de coco. Elles sont connues pour renforcer la fibre capillaire et pour nourrir les cheveux. || Aqua, sodium laureth sulfate/sodium C12-13 pareth sulfate, cocamidopropyl betaine, glycerin, sodium chloride, dimethiconol, parfum, glycol distearate, carbomer, guar hydroxypropyltrimonium chloride, cocos nucifera oil, prunus amygdalus dulcis oil, sodium laureth sulfate, tea dodecylbenzenesulfonate, disodium edta, triethanolamine, peg-45m, mica, citric acid, sodium hydroxide, ppg-12, dmdm hydantoin, sodium benzoate, tea-sulfate, methylchloroisothiazolinone, methylisothiazolinone, amyl cinnamal,benzyl alcohol, benzyl salicylate, butylphenyl methylpropional, citronellol, hexyl cinnamal, hydroxycitronellal, limonene, linalool, CI 17200, CI 19140, CI 42090, CI 77891. || 12 mois après ouverture. || 
14,36€ / L || 
3,59 € || 
Shampooing 2 en 1, tous types de cheveux || Le flacon de 250ml || Origine : FRANCE || Le sérum nutritif forme une protection autour de la fibre capillaire pour la protéger des dégâts causés par les agressions quotidiennes et préserver son équilibre naturel sans les alourdir.Pratique, la technologie 2en1 lave et prend soin de vos cheveux en un seul geste. || Aqua, sodium laureth sulfate (A)/sodium C12-13 pareth sulfate (B)*, cocamidopropyl betaine, sodium chloride, dimethiconol, parfum, glycol distearate, glycerin, carbomer, sodium hydroxide, guar hydroxypropyltrimonium chloride, sodium laureth sulfate (B)*, dmdm hydantoin, TEA-dodecylbenzenesulfonate, amodimethicone, PPG-12, citric acid, disodium EDTA, PEG-45M, MICA, sodium benzoate, TEA-sulfate, triethanolamine, trideceth-12, cetrimonium chloride, methylchloroisothiazolinone, methylisothiazolinone, amyl cinnamal, benzyl alcohol, benzyl salicylate, butylphenyl methylpropional, citronellol, hexyl cinnamal, hydroxycitronellal, limonene, linalool, Cl15985, Cl19140, Cl77891. *Voir le code de production. || 12 mois après ouverture. || 
13,80€ / L || 
3,45 € || 
Shampooing expert cheveux courts, à l'aloe vera hydratante, hydrate sans alourdir et facilite le coiffage || Le flacon de 750ml || Origine : FRANCE || Sa formule sans silicone, sans paraben et enrichie en Aloé Vera, élimine en douceur tous les résidus de produits coiffants et hydrate vos cheveux sans les alourdir jour après jour. || Appliquez quotidiennement le shampooing sur cheveux mouillés, massez doucement et rincez à l'eau tiède. n cas de contact avec les yeux, les rincer immédiatement E. || Aqua/water, sodium laureth sulfate, citric acid, coco-betaine, sodium chloride, ammonium hydroxide, Cl 17200/red 33, Cl 42090/blue 1, linalool, geraniol, aloe barbadensis/aloe barbadensis leaf juice, salicylic acid, sodium benzoate, sodium hydroxide,limonene, citronellol, hexylene glycol, polyquaternium-10, hexyl cinnamal, benzyl alcohol, parfum/fragrance. (FIL C164344/2). || 12 mois après ouverture. || 
9,88€ / L || 
7,41 € || 
Shampooing professionnel, brillance & vitalité, cheveux ternes, vitamine B3 pure || Le flacon de 750ml || Origine : FRANCE || Ma passion, mon métier: sublimer vos cheveux. C'est pourquoi aujourd'hui, je mets tout mon savoir-faire au service de votre beauté. Je vous accompagne avec ma 1ère gamme de shampooings et après-shampooings soins au format professionnel, testée dans mon centre technique, pour retrouver la qualitésalon chez vous. J'utilise Expert Brillance pour les femmes aux cheveux ternes. Sa formule sans silicone, enrichie en vitamine B3 pure, a été conçue pour apporter vitalité et brillance à vos cheveux. Laissez-vous prendre en charge par un professionnel pour une chevelure éclatante et lumineuse. || Appliquez sur cheveux mouillés, massez doucement et rincez abondamment à l'eautiède. Pour encore plus d'efficacité et de soin, utilisez l'après-shampooing soin Expert Brillance. En cas de contact avec les yeux, les rincer immédiatement. || Aqua/ Water, sodium laureth sulfate, sodium chloride, coco betaine, CI 14700/r ed 4, CI 47005/acid yellow 3, cocamide mea, linalool, geraniol, caramel, niacinamide, mangifera indica extract/mango fruit extract, sodium benzoate, sodium methylparaben,salicylic acid, sodium hydroxide, limonene, citric acid, hexylene glycol, polyquaternium-10, ethylparaben  hexyl cinnamal, parfum/fragrance. (F. I.L. C36537/1). || A utiliser dans les 12 mois après ouverture. || 
9,55€ / L || 
7,16 € || 
Shampooing professionnel, Cheveux épais, très ou frisés || Le flacon de 750ml || Origine : FRANCE || Expert nutrition pour les cheveux épais, très secs ou frisés. Sa formule sans silicone, enrichie en beurre de karité et en huile de coco, a été conçue pour nourrir intensément vos cheveux. || Appliquez sur cheveux mouillés, massez doucement et rincez abondamment à l'eau tiède. En cas de contact avec les yeux, les rincer immédiatement. || Aqua / water, sodium laureth sulfate, disodium cocoamphodiacetate, glycol distearate, CI 198140/yellow 5, CI 14700/red 4, cocamide mea, carbomer, sodium benzoate, sodium chloride, salicylic acid, cocos nucifera oil/coconut oil citric acid, polyquaternium-10, hexylene glycol, hexyl cinnamal, butyrospermum parkii butter/shea butter, benzyl alcohol, benzyl salicylate, parfum/fragrance (F.I.L. C51262/1). || 12 mois après ouverture. || 
9,96€ / L || 
7,47 € || 
Shampooing professionnel, Expert protection 230°c || Le flacon de 750ml || Origine : FRANCE || AQUA / WATER ? SODIUM LAURETH SULFATE ? COCO-BETAINE ? GLYCOL DISTEARATE ? SODIUM CHLORIDE ? COCAMIDE MEA ? LINALOOL ? SODIUM BENZOATE ? SALICYLIC ACID ? ARGININE ? SERINE ? SODIUM HYDROXIDE ? XYLOSE ? GUAR HYDROXYPROPYLTRIMONIUM CHLORIDE ? HYDROXYPROPYLTRIMONIUM HYDROLYZED WHEAT PROTEIN ? CITRIC ACID ? GLUTAMIC ACID ? HEXYLENE GLYCOL ? HEXYL CINNAMAL ? BENZYL SALICYLATE ? BENZYL ALCOHOL ? PARFUM / FRAGRANCE ? || 
9,73€ / L || 
7,30 € || 
Shampooing professionnel, lissage salon, anti-frizz, cheveux difficiles à lisser || Le flacon de 750ml || Origine : FRANCE || Sa formule sans silicone, enrichie en lait hydratant, a été conçue pour détendre vos cheveux et discipliner les frisottis. || Appliquez sur cheveux mouillés, massez doucement et rincez abondamment à l'eau tiède. En cas de contact avec les yeux, les rincer immédiatement. || Aqua / water, sodium laureth sulfate, coco-betaine, sodium chloride, glycol distearate, cocamide MEA, linalool, carbomer, elaeis guineensis oil / palm oil, sodium benzoate, sodium methylparaben, salicylic acid, sodium hydroxide, guar hydroxypropyltrimonium chloride, citric acid, hexylene glycol, ethylparaben, hexyl cinnamal, butylphenyl methylpropional, benzyl salicylate, benzyl alcohol, parfum / fragrance. (F.I.L. C36445/1). || 12 mois après ouverture. || 
9,73€ / L || 
7,30 € || 
Shampooing professionnel, nutrition intense, beurre de karité, cheveux secs, rêches || Le flacon de 750ml || Origine : FRANCE || Sa formule sans silicone, enrichie en beurre de karité, a été conçue pour apporter une nutrition intense à vos cheveux.Laissez-vous prendre en charge par un professionnel pour une chevelure souple et soyeuse. || Appliquez sur cheveux mouillés, massez doucement et rincez abondamment à l'eau tiède. En cas de contact avec les yeux, les rincer immédiatement. || Aqua/water, sodium laureth sulfate, coco-betaine, sodium chloride, glycol distearate, Cl17200/red 33, cocamide mea, caramel, carbomer, sodium benzoate, sodium methylparaben, salicylic acid, sodium hydroxide, coumarin, limonene, guar hydroxypropyltrimonium chloride, citric acid, hexylene glycol, ethylparaben, butyrospermum parkii butter/shea butter, parfum/fragrance. (F.I.L. C40191/1). || 12 mois après ouverture. || 
9,47€ / L || 
7,10 € || 
Shampooing professionnel, protection & éclat, cheveux colorés || Le flacon de 750ml || Origine : FRANCE || Sa formule sans silicone, enrichie en anti-oxydant protecteur, a été conçue pour protéger vos cheveux et sublimer l'éclat de votre couleur.Laissez-vous prendre en charge par un professionnel pour une couleur éclatante, pour longtemps. || Appliquez sur cheveux mouillés, massez doucement et rincez abondamment à l'eau tiède. En cas de contact avec les yeux, les rincer immédiatement. || Aqua/water, sodium laureth sulfate, coco-betaine, sodium chloride, glycol distearate, Cl17200/red 33, cocamide mea, carbomer, euterpe oleracea pulp powder, sodium benzoate, sodium methylparaben, salicylic acid, sodium hydroxide, limonene, guar hydroxypropyltrimonium chloride, citric acid, hexylene glycol, ethylparaben, hexyl cinnamal, parfum/fragrance. (F.I.L. C36443/1). || 12 mois après ouverture. || 
9,55€ / L || 
7,16 € || 
Shampooing professionnel, restaure & renforce, cheveux abîmés, cassants || Le flacon de 750ml || Origine : FRANCE || Sa formule sans silicone, enrichie en céramide reconstituant, a été conçue pour fortifier et réparer les cheveux. || Appliquez sur cheveux mouillés, massez doucement et rincez abondamment à l'eau tiède. En cas de contact avec les yeux, les rincer immédiatement. || Aqua/water, sodium laureth sulfate, coco-betaine, sodium chloride, glycol distearate, Cl17200/red 33, cocamide mea, carbomer, sodium benzoate, sodium methylparaben, salicylic acid, sodium hydroxide, 2-oleamido-1,3-octadecanediol, guar hydroxypropyltrimonium chloride, citric acid, hexylene glycol, ethylparaben, hexyl cinnamal, butylphenyl methylpropional, parfum/fragrance. (F.I.L. C40212/1). || 12 mois après ouverture. || 
9,47€ / L || 
7,10 € || 
Cuir chevelu irrité, antipelliculaire, usage fréquent, shampooing || Le flacon de 300ml || Origine : FRANCE || Apaise le cuir chevelu dès les premières utilisations. Véritable soin apaisant le shampooing antipelliculaire Neutralia soulage dès les premières utilisations les irritations et démangeaisons liées a l'état pelliculaire. Testé dermatologiquement, depH neutre, anti calcaire, il respecte l'hydratation naturelle de votre cuir chevelu, et peut être utilisé aussi souvent que vous le souhaitez. || Pour optimiser l'action antipelliculaire, appliquez sur cheveux mouillés avec un léger massage, laissez agir 5 minutes sur le cuir chevelu, puis rincez abondamment. || AQUA / WATER, SODIUM LARETH SULFATE, PEG-200 HYDROGENATED GLYCERYL PALMATE, LAURETH-5 CARBOXYLIC ACID, GLYCERIN, GLYCOL DISTEARATE, HEXYLENE GLYCOL, SODIUM CHLORIDE, SODIUM HYDROXIDE, PEG-7 GLYCERYL COCOATE, ETHYLPARABEN, POLYQUATERNIUM-10, SALICYLICACID, BENZOIC ACID, PROPYLPARABEN, ISOBUTYLPARABEN, PIROCTONE OLAMINE, CARBOMER, TARTARIC ACID, DISODIUM COCOAMPHODIACETATE, METHYLPARABEN, BUTYLPARABEN, PARFUM / FRAGRANCE. (FIL C17207/2). || 12 mois après ouverture. || 
16,03€ / L || 
4,81 € || 
Shampooing équilibre, douceur totale, cheveux normaux || Le flacon de 300ml || Origine : FRANCE || Purifie et redonne légèreté et volume aux cheveux. Ce shampooing Neutraliaest spécialement formulé pour éliminer les impuretés de vos cheveux avec extrême douceur. Parfaitement propres, aérés, vos retrouvent légèreté, volume et vitalité. || AQUA / WATER, SODIUM LAURETH SULFATE, LAURETH-5 CARBOXYLIC ACID, COCAMIDE MIPA, CETEARETH-60 MYRISTYL GLYCOL, SODIUM CHLORIDE, HEXYLENE GLYCOL, SODIUM HYDROXIDE, SODIUM METHYLPARABEN, DMDM HYDANTOIN, POLYQUATERNIUM-10, PARFUM / FRAGRANCE. (FL C196032). || 12 mois après ouverture. || 
16,03€ / L || 
4,81 € || 
Shampooing baume, Monoî de tahiti ao || Le tube de 150ml || Origine : FRANCE || Le shampooing baume contient du Monoï de Tahiti reconnu pour réparer et lisser les cheveux secs et abîmés. Sa base lavante douce sans savon respecte le cuir chevelu. || Appliquez sur cheveux humides, faites mousser pour nettoyer puis rincez. Ne pas avaler. Eviter le contact avec les yeux. En cas de contact, rincer abondamment à l'eau claire. || Aqua, magnesium laureth sulfate, laureth-4, laureth-2, disodium cocoamphodiacetate, magnesium sulfate, peg-90 glyceryl isostearate, parfum, cocos nucifera (coconut) oil, gardenia tahitensis flower extract, polyquaternium-10, sodium cocoyl, hydrolyzedwheat protein, tocopherol, peg-4 distearyl ether, sodium laureth sulfate, distearyl ether, dicaprylyl ether, propylene glycol, sodium acetate, sodium citrate, isopropyl alcohol, sodium chloride, citric acid, potassium sorbate, formaldehyde, sodium benzoate, methylisothiazolinone, benzyl salicylate, amyl cinnamal, linalool, geraniol. || 12 mois après ouverture. Eviter l'exposition prolongée à la chaleur et à la lumière. || 
53,47€ / L || 
8,02 € || 
Shampooing, hydrate et répare || Le tube de 250ml || Origine : ROYAUME UNI || Répare les cheveux à l'aspect et au toucher abîmés, nourrissant les mèches avec une formule hydratante légère pour restaurer douceur et brillance. || Appliquez le shampooing sur cheveux mouillés, faites mousser et rincez bien. || Aqua, sodium laureth sulfate, sodium lauryl sulfate, cocamidopropyl betaine, glycol distearate, cetyl alcohol, parfum, cocamide mea, sodium chloride, silicone, quaternium-18, guar hydroxypropyltrimonium chloride, benzyl alcohol, trideceth-6, disodiumedta, malic acid, trideceth-12, glycine, plukenetia volubilis seed oil, ppg-9, stearoxypropyl dimethylamine, c14-28 isoalkyl acid, sodium hydroxide, c14-28 alkyl acid, methylchloroisothiazolinone, stearyl alcohol, methylisothiazolinone, tocopherol,hexyl cinnamal, limonene, linalool, citronellol. || 12 mois après ouverture. || 
33,60€ / L || 
8,40 € || 
Shampooing, lave et ajoute de l'hydratation aux cheveux naturellement bouclés, définit et sublime les boucles || Le flacon de 250ml || Origine : ALLEMAGNE || Définit et sublime les boucles pour un coiffage instantanément plus facile qui dure jusqu'à 24 heures. || Peut être utilisé sur cheveux colorés. Appliquez le shampooing sur cheveux mouillés, faites mousser et rincez bien. || Aqua, sodium laureth sulfate, sodium lauryl sulfate, glycol distearate, dimethicone, cetyl alcohol, betaine, laureth-23, laureth-3, cocamide mea, polyquaternium-47, simmondsia chinensis, tocopheryl acetate, glycine, cocamidopropyl betaine, sodium hydroxide, methylchloroisothiazolinone, methylisothiazolinone, sodium xylenesulfonate, malic acid, benzyl alcohol, guar hydroxypropyltrimonium chloride, sodium chloride, disodium edta, parfum. || 12 mois après ouverture. || 
34,60€ / L || 
8,65 € || 
Shampooing, Volume matière || Le flacon de 500ml || Origine : UNION EUROPEENNE || Prépare les cheveux fins à un style volumineux. Les lave en douceur pour un toucher naturellement doux. || Appliquez sur cheveux mouillés, faites mousser, rincez bien. || 12 mois après ouverture. || 
28,42€ / L || 
14,21 € || 
Shampooing éclaircissant pour toutes les blondes || Le tube de 250ml || Origine : FRANCE || Formule douce au citron et à la camomille, éclaircit visiblement pour un blond étincelant et ensoleillé. Redonne aux cheveux un aspect et un toucher sain. Sans ammoniaque ni peroxyde. || Appliquez sur cheveux mouillés, faites mousser, rincez bien. Utilisez quotidiennement pour de meilleurs résultats. Attention : pour usage externe uniquement. Eviter le contact avec le yeux. Si cela se produit, rincer immédiatement et abondamment avecde l'eau. || Aqua, sodium laureth sulfate, sodium lauryl sulfate, lactic acid, glycol distearate, cetyl alcohol, betaine, chamomilla recutita flower extract, citrus medica limonum peel extract, curcuma longa root extract, crocus sativus flower extract, helianthusannuus seed extract, vitis vinifera juice extract, vitis vinifera seed extract, benzyl alcohol, cocamidopropyl betaine, glycine, guar hydroxypropyltrimonium chloride, cocamide mea, peg-40 hydrogenated castor oil, sodium hydroxyde, glycerin, alcohol,butylene glycol, sodium chloride, propylene glycol, sodium xylenesulfonate, malic acid, tocopherol, disodium edta, methylchloroisothiazolinone, methylisothiazolinone, parfum, acid yellow 3, limonene, butylphenyl methylpropional, linalool, hexyl cinnamal. || 12 mois après ouverture. || 
34,60€ / L || 
8,65 € || 
Shampooing gloss-brillance, cheveux châtains et bruns || Le tube de 250ml || Origine : FRANCE || Formule illuminatrice avec complexe infusion de brillance, apporte aux cheveux un bain de brillance pour un effet gloss longue durée. Sans dépôt de colorants. || Pour tous les châtains et bruns. Appliquer sur cheveux mouillés, faites mousser, rincer bien. || Aqua, sodium laureth sulfate, sodium lauryl sulfate, cocamidopropyl betaine, cocamide MEA, hydrolyzed silk, olea europaea fruit oil, amodimethicone, benzyl alcohol, polyquaternium-10, cetrimonium chloride, trideceth-12, disodium EDTA, malic acid, sodium chloride, glycine, PPG-9, methylchloroisothiazolinone, methylisothiazolinone, butylphenyl methylpropional, hydroxyisohexyl 3-cyclohexene carboxaldehyde, coumarin, parfum, Cl 60730. || 12 mois après ouverture. || 
34,60€ / L || 
8,65 € || 
shampooing hydrate+répare pour cheveux secs et abîmés || Le flacon de 500ml || Origine : FRANCE || Formule hydratante à l'huile d'Inca inchi riche en oméga 3, répare les cheveux à l'aspect et au toucher abîmés, nourrissant les mèches pour restaurer douceur et brillance. || Appliquez le shampooing sur cheveux mouillés, faites mousser et rincez bien. || 12 mois après ouverture. || 
27,60€ / L || 
13,80 € || 
Shampooing lisse idéal à la kératine, lutte contre les frisottis et l'humidité || Le tube de 250ml || Origine : ALLEMAGNE || Lutte contre les frisottis et l'humidité pour un style lisse impeccable. Il lisse et adoucit la fibre, et aligne les cheveux frisottants pour un résultat lissage instantanément plus facile qui dure jusqu'à 24 heures. || Appliquez le shampooing sur cheveux mouillés, faites mousser et rincez bien. Peut être utilisé sur cheveux colorés. || Aqua, sodium laureth sulfate, sodium lauryl sulfate, glycol distearate, dimethicone, cocamidopropyl betaine, cetyl alcohol, betaine, cocamide mea, glyceryl oleate, parfum, guar hydroxypropyltrimonium chloride, benzyl alcohol, sodium chloride, disodium edta, malic acid, laureth-23, laureth-4, glycine polyquaternium-7, tocopheryl acetate, simmondsia chinensis seed oil, hydrolyzed keratin, ppg-9, methylchloroisothiazolinone, sodium hydroxide, methylisothiazolinone, linalool, hexyl cinnamal, butylphenyl methylpropional, limonene. || 12 mois après ouverture. || 
34,60€ / L || 
8,65 € || 
shampooing nutrition Blonde Sheer || Le flacon de 500ml || Origine : UNION EUROPEENNE || Formule hydratante à l'huile de jojoba, au tournesol et au thé blanc, adoucit les mèches tout en éliminant les résidus qui obscurcissent et ternissent le cheveu. Illumine les reflets blonds. || Appliquez le shampooing sur cheveux mouillés, faites mousser et rincez bien. || 12 mois après ouverture. || 
28,42€ / L || 
14,21 € || 
Shampooing nutrition illumine les reflets de tous les blonds     clairs || Le tube de 250ml || Origine : FRANCE || Formule hydratante à l'huile de jojoba, au tournesol et au thé blanc, adoucit les mèches tout en éliminant les résidus qui obscurcissent et ternissent le cheveu. Illumine tous les reflets blonds. Sans dépôt de colorants. || Appliquez sur cheveux mouillés, faites mousser, rincez bien. || Aqua, sodium laureth sulfate, sodium lauryl sulfate, glycol distearate, dimethicone, cetyl alcohol, betaine, cocamide mea, glyceryl oleate, cocamidopropyl betaine, parfum, polyquaternium-10, benzyl alcohol, disodium edta, malic acid, laureth-4, laureth-23, sodium xylenesulfonate, sodium chloride, glycine, helianthus annuus seed oil, simmondsia chinensis seed oil, caramel, stearamidopropyl dimethylamine, propylene glycol, C14-28 iso alkyl acid, C14-28 alkyl acid, methylchloroisothiazolinone, stearyl alcohol, methylisothiazolinone, camellia sinensis leaf extract, butylphenyl methylpropional, limonene, hexyl cinnamal, linalool. || 12 mois après ouverture. || 
34,60€ / L || 
8,65 € || 
Shampooing nutrition protection couleur pour châtains et bruns. || Le flacon de 500ml || Origine : UNION EUROPEENNE || Formule hydratante aux éclats de perle et à l'huile d'amande protège et préserve la couleur et les reflets multi-tons des brunettes, réhydratant et régénérant les cheveux secs. || Appliquez sur cheveux mouillés, faites mousser, rincez bien. || 12 mois après ouverture. || 
28,42€ / L || 
14,21 € || 
Cheveux très secs ou frisés, karité, shampooing très doux 2 en 1 || Le flacon de 400ml || Origine : FRANCE || Pour en finir avec les cheveux cassants, fragiles et sans souplesse, DOP invente DOP 2 en 1 au Karité, un shampooing spécialement conçu pour les cheveux très secs ou frisés. Il leur apporte un soin nourrissant qui les assouplit et les nourrit jour après jour. Résultat: parfaitement nourris, vos  cheveux retrouvent une douceur naturelle, ils sont vraiment plus souples, plus brillants et pus faciles à coiffer. || En cas de projection dans les yeux, les rincer immédiatement. || AQUA / WATER, SODIUM LAURETH SULFATE, DISODIUM COCOAMPHODIACETATE, GLUCOL DISTEARATE, SODIUM CHLORIDE, COCAMIDE MEA, HEXYLENE GLYCOL, CARBOMER, METHYLPARABEN, SODIUM METHYLPARABEN, DMDM HYDANTOIN, COUMARIN, TARTARIC ACID, POLYQUATERNIUM-10, BUTYROSPERMUM PARKII / SHEA BUTTER, PARFUM / FRAGANCE. C90923/1 || 12 mois après ouverture. || 
5,63€ / L || 
2,25 € || 
Shampooing amande douce || Bouteille 400 ml || Origine : FRANCE || AQUA / WATER SODIUM LAURETH SULFATE COCO-BETAINE GLYCERIN GLYCOL DISTEARATE SODIUM CHLORIDE CARBOMER SODIUM BENZOATE SALICYLIC ACID ARGILLA / MAGNESIUM ALUMINUM SILICATE SODIUM HYDROXIDE PRUNUS AMYGDALUS DULCIS EXTRACT / SWEET ALMOND FRUIT EXTRACT CITRIC ACID XANTHAN GUM POLYQUATERNIUM-10 HEXYLENE GLYCOL BENZYL ALCOHOL PARFUM / FRAGRANCE || 
5,80€ / L || 
2,32 € || 
Shampooing aux oeufs || Bouteille 400ml || Origine : FRANCE || AQUA / WATER SODIUM LAURETH SULFATE DISODIUM COCOAMPHODIACETATE GLYCOL DISTEARATE SODIUM CHLORIDE HEXYLENE GLYCOL CI 14700 / RED 4 CI 47005 / ACID YELLOW 3 COCAMIDE MEA LINALOOL GERANIOL CARBOMER SODIUM BENZOATE SODIUM METHYLPARABEN SALICYLIC ACID SODIUM HYDROXIDE CHOLESTEROL OVUM / DRIED EGG YOLK COUMARIN LIMONENE CITRIC ACID POLYQUATERNIUM-10 ETHYLPARABEN BENZYL BENZOATE PARFUM / FRAGRANCE || 
5,80€ / L || 
2,32 € || 
Shampooing 2 en 1, Extraits d'abricot, enfants || Le flacon de 250ml || Origine : FRANCE || Pour faciliter le coiffage et faire du shampooing des enfants un grand moment de plaisir, découvrez Garnier Ultra Doux Shampooing 2en1 à l'abricot.Sa formule ultra démêlante à l'abricot, reconnu pour ses propriétés adoucissantes et son parfum délicieux, ne pique pas les yeux, élimine les noeuds en un clin d'oeil et les cheveux retrouvent une incroyable douceur à chaque lavage. || Attention : ne pas avaler. Ne pas laisser à la portée des jeunes enfants sans surveillance. En cas de projection dans les yeux, les rincer immédiatement. || Aqua/water, sodium laureth sulfate, peg-200 hydrogenated glyceryl palmitate, disodium cocoamphodiacetate, polysorbate 20, sodium chloride, PEG-7 glyceryl cocoate, hexylene glycol, sodium laureth-8 sulfate, sodium methylparaben, sodium oleth sulfate,DMDM hydantoin, magnesium laureth-8 sulfate, magnesium laureth sulfate, magnesium oleth sulfate, polyquaternium-10, polysorbate-21, propylene glycol dicaprylate/dicaprate, disodium ricinoleamido mea-sulfosuccinate, prunus armeniaca/apricot fruit extract, parfum/fragrance (FIL C20430/1). || 12 mois après ouverture. || 
13,56€ / L || 
3,39 € || 
Lotion radicale poux + lentes aux extraits naturel de lavande || Le tube de 100ml || Origine : FRANCE || 
116,40€ / L || 
11,64 € || 
Shampooing 2 en 1 ultra démêlant, Fraise-cerise || Le flacon de 400ml || Origine : FRANCE || 
9,75€ / L || 
3,90 € || 
Shampooing 3en1 anti-poux aux extraits naturels de lavande || Le flacon de 250ml || Origine : FRANCE || 
22,60€ / L || 
5,65 € || 
Après-shampooing au beurre de manque et à l'huile de riz         Cheveux secs, abîmes et cassants || Le flacon de 200ml || Origine : BELGIQUE || Enrichi en beurre de mangue et en huile de riz, l'après-shampooing doux Monoprix démêle et nourrit jusqu'aux pointes les cheveux secs, abîmés et cassants sans les alourdir. Vos cheveux retrouvent toute leur souplesse. Ils sont faciles à coiffer, brillants et très doux au toucher. || Appliquez sur cheveux mouillés et massez soigneusement du bout des doigts. Laissez agir quelques minutes puis rincez abondamment. En cas de contact avec les yeux, rincer immédiatement et abondamment à l'eau claire. || 18 mois après ouverture. || 
11,85€ / L || 
2,37 € || 
Après-Shampooing Démêlant Anti-Casse || Le flacon de 200ml || Origine : FRANCE || Réparez vos cheveux abîmés avec le ciment naturel quils ont perdu.        Comblés en profondeur*, réparés jusqu'aux pointes, vos cheveux sont renforcés, durablement protégés. Leur matière redevient souple, soyeuse. || Répartir soigneusement sur la chevelure en insistant sur les longueurs et les pointes, puis rincer. En cas de contact avec les yeux, les rincer immédiatement. || Aqua/ water, cetyl alcohol, glycerin, amodimethicone, hydroxyethylcellulose, stearyl alcohol, behentrimonium chloride, trideceth-6, chlorhexidine dihydrochloride, limonene, isopropyl alcohol, 2-oleamido-1,3-octadecanediol, dipalmitoylethyl hydroxyethylmonium methosulfate, alpha-isomethyl ionone, myristyl alcohol, cetyl esters, cetearyl alcohol, cetrimonium chloride, butylphenyl methylpropional, citric acid, citronellol, hexyl cinnamal, glyceryl linoleate, glyceryl oleate, glyceryl linoleate, parfum/fragrance. (FIL C42783/1). || 12 mois après ouverture. || 
17,25€ / L || 
3,45 € || 
Après-Shampooing Démêlant Arginine Resist X3 || Le flacon de 200ml || Origine : FRANCE || Découvrez le 1er programme triple action renforçatrice à l'Arginine pour des cheveux plus résistants, de la racine jusqu'aux pointes.               Avec le Démélant Renforçateur ELSEVE ARGININE RESIST X3 le bulbe de vos cheveux est nourri, la fibre est restructurée pour des cheveux qui poussent plus résistants. || Appliquer sur cheveux mouillés, masser soigneusement sur l'ensemble du cuir chevelu pour stimuler la micro-circulation puis rincer. || Aqua / water, cetyl alcohol, glycerin, amodimethicone, hydroxyethylcellulose, hydroxypropyltrimonium hydrolyzed wheat protein, stearyl alcohol, arginine, behentrimonium chloride, trideceth-6, chlorhexidine dihydrochloride, limonene, linalool, isopropyl alcohol, 2-oleamido-1,3-octadecanedol, dipalmitoylethyl hydroxyethylmonium methosulfate, myristyl alcohol, cetyl esters, cetearyl alcohol, cetrimonium chloride, citric acid, hexyl cinnamal, glyceryl linoleate, glyceryl oleate, glyceryl linolenate,parfum / fragrance (F.I.L. C47175/12). || 12 mois après ouverture. || 
21,90€ / L || 
4,38 € || 
Après-Shampooing Démêlant Boucles Sublimes || Le flacon de 200ml || Origine : FRANCE || Parce que les cheveux bouclés, ondulés ont une structure en spirale, leurs écailles s'ouvrent plus facilement, les boucles perdent définition et élasticité.                                                                  Les Laboratoires L'Oréal créent l'Après-Shampoing ELSEVE BOUCLES SUBLIMES.Grâce à sa formule gorgée d'actifs hydratants, vos boucles deviennent rebondies, brillantes et sont protégées du dessèchement. || Appliquer sur cheveux mouillés, masser en douceur puis rincer. Pour plus de soin, utiliser les autres produits de la gamme ELSÉVE BOUCLES SUBLIMES.  En cas de contact avec les yeux, les rincer immédiatement. || AQUA / WATER, CETEARYL ALCOHOL, AMODIMETHICONE, BEHENTRIMONIUM CHLORIDE, GLYCERIN, HYDROXYPROPYLTRIMONIUM HYDROLYZED WHEAT PROTEIN, TRIDECETH-12, CHLORHEXIDINE DIHYDROCHLORIDE, LIMONENE, LINALOOL, CETYL ESTERS, METHYLPARABEN, CETRIMONIUM CHLORIDE, LAURYL PEG/PPG-18/18 METHICONE, HEXYL CINNAMAL, PARFUM / FRAGRANCE. (F.I.L. C19441/3). || Après ouverture à conserver pendant 12 mois || 
19,55€ / L || 
3,91 € || 
Après-Shampooing Démêlant Color Vive || Le flacon de 200ml || Origine : FRANCE || L'après-shampooing Elsève Color Vive complète laction du shampooing.      Il lisse les écailles et démêle parfaitement les cheveux sans les alourdir. Des cheveux démêlés, l'éclat de la couleur prolongé... en une minute chrono. || Répartir soigneusement sur la chevelure en insistant sur les longueurs et les pointes, puis rincer. En cas de contact avec les yeux, les rincer immédiatement. || Aqua/water, cetyl alcohol, tocopherol, hydroxyethylcellulose, phenoxyethanol, behentrimonium chloride, ethylhexyl methoxycinnamate, trideceth-5, trideceth-10, chlorhexidine digluconate, benzyl alcohol, benzyl alcohol, benzyl salicylate, linalool, benzophenone-4, amodimethicone, isopropyl alcohol, dipalmitoylethyl hydroxyethylmonium methosulfate, alpha-isomethyl ionone, myristyl alcohol, geraniol, cetyl esters, cetearyl alcohol, cetrimonium chloride, citric acid, butylphenyl methylpropional, citronellol, glycerin, parfum/fragrance (F.I.L. C40870/1). || 12 mois après ouverture. || 
16,25€ / L || 
3,25 € || 
Après-Shampooing Démêlant Liss-Intense || Le flacon de 200ml || Origine : FRANCE || Laprès-shampooing Liss-Intense complète et renforce l'action lissante et démêlante du shampooing. Il joue le rôle salvateur d'un baume nourrissant pour les cheveux sensibilisés. La matière des cheveux est sublimée: fluide, souple, lisse et brillante,elle se pare d'une nouvelle sensualité. || Appliquer sur cheveux mouillés, masser en douceur puis rincer. Convient parfaitement pour une utilisation avant brushing. En cas de contact avec les yeux, les rincer immédiatement. || Aqua / water, cetearyl alcohol, amodimethicone, potato starch modified, behentrimonium chloride, CI 47005 / acid yellow 3, CI 14700 / red 4, dodecene, hydrolyzed silk, argania spinosa oil / argania spinosa kernel oil, trideceth-6, chlorhexidine dihydrochloride, poloxamer 407, camelina sativa oil / camelina sativa seed oil, limonene, linalool, benzyl salicylate, benzyl alcohol, cetyl esters, methylparaben, citric acid, cetrimonium chloride, butylphenyl methylpropional, citronellol, BHT, lauryl PEG/PPG-18/18 methicone, hexyl cinnamal, amyl cinnamal, parfum / fragrance. (F.I.L C33627/1). || A utiliser dans les 12 mois après ouverture. || 
18,20€ / L || 
3,64 € || 
Après-Shampooing Démêlant Nutri-Gloss || Le flacon de 200ml || Origine : FRANCE || Le Soin Crème Démêlant Elsève Nutri-Gloss démêle parfaitement vos cheveux sans les alourdir. Grâce à sa crème onctueuse qui fond sur la fibre capillaire, le démêlage est instantané.                                         Le cheveu est à la fois nourri et léger. || Répartir sur la chevelure en insistant sur les longueurs et les pointes puis rincer. En cas de projection dans les yeux, les rincer immédiatement. || Aqua / water, cetyl alcohol, amodimethicone, CI 17200 / RED 33, nacre powder, hydroxyethylcellulose, hydrolyzed wheat protein, hydrolyzed wheat starch, behentrimonium chloride, trideceth-6, chlorhexidine dihydrochloride, simmondsia chinensis oil / jojoba seed oil, limonene, linalool, benzyl alcohol, isopropyl alcohol, dipalmitoylethyl hydroxyethylmonium methosulfate, alpha-isomethyl ionone, myristyl alcohol, cetyl esters, cetearyl alcohol, cetrimonium chloride, butylphenyl methylpropional, citric acid, citronellol, hexyl cinnamal, parfum / fragrance. (FIL C47020/1). || A utiliser dans les 12 mois après ouverture. || 
17,25€ / L || 
3,45 € || 
Après-Shampooing Démêlant Repair Extrême || Le flacon de 200ml || Origine : FRANCE || Nouvelle formule ultra-crémeuse, ultra-facile à rincer concentrée en actifs reconstructeurs. Action jusquau coeur, 10 couches pénétrées : le LAK 1000 pénètre les 10 couches qui composent le cheveu pour reconstruire les liens endommagés de sa structure interne. Action jusquaux pointes : Enrichie en céramide, sa formule comble les fissures externes de la fibre et renforce son maillage protecteur de la racine jusqu'au dernier millimètre des pointes. Reconstruction intégrale. Protection restaurée.Douceur absolue, jusqu'aux pointes. || Répartir soigneusement sur la chevelure en insistant sur les longueurs et les pointes, puis rincer. || Aqua / water, cetearyl alcohol, behentrimonium chloride, cetyl esters, lactic acid, trideceth-6, chlorhexidine digluconate, limonene, linalool, benzyl salicylate, benzyl alcohol, amodimethicone, isopropyl alcohol, 2-oleamido-1,3-octadecanediol, butylphenyl methylpropional, potassium hydroxide, cetrimonium chloride, hexyl cinnamal, parfum / fragrance. (FIL C159703/2). || 12 mois après ouverture. || 
20,55€ / L || 
4,11 € || 
Après-Shampooing Démêlant Total Repair 5 || Le flacon de 200ml || Origine : FRANCE || Votre cheveu saffine, saffaiblit, devient plat, rêche et terne ? 5 problèmes, 1 solution, Elsève Total Repair 5 est la 1ère réparation totale des cheveux abîmés. Les Laboratoires de L'Oréal ont développé une formule à la Pro-Kératine et au Céramide pour une action re-constituante et re-surfaçante. Vos cheveux sont instantanément démêlés. Jour après jour, le cheveu est totalement réparé. || Appliquer sur cheveux mouillés, masser en douceur puis rincer. En cas de contact avec les yeux, les rincer immédiatement. || Aqua/water, cetyl alcohol, PEG-180, elaeis guineensis oil/palm oil, hydroxyethylcellulose, dodecene, hydroxypropyltrimonium hydrolyzed wheat protein, arginine, chlorhexidine digluconate, poloxamer 407, linalool, isopropyl myristate, 2-oleamino-1,3-octadecanediol, myristyl alcohol, serine, cetrimonium chloride, cetyl esters, BHT, citric acid, butylphenyl methylpropional, lauryl PEG/PPG-18/18 methicone, glutamic acid, hexyl cinnamal, glyceryl linoleate, glyceryl oleate, glyceryl linolenate, parfum/fragrance. (FIL C37066/1). || 12 mois après ouverture. || 
21,05€ / L || 
4,21 € || 
Démêlant Couleur & Hydratation EverPure || Le tube de 250ml || Origine : ALLEMAGNE || Soin démêlant couleur & hydratation EverPure : son soin-crème hydratant très concentré nourrit pour relipider la fibre capillaire.Spécialement conçu pour les cheveux colorés et fragilisés, le système soin couleur sans sulfates EverPure préserve l'intégrité de la fibre et assure une protection optimale des cheveux colorés, limitant leur affadissement. || Après le shampooing, répartir soigneusement sur cheveux mouillés en insistant sur les longueurs et les pointes. Rincer abondamment. En cas de contact avec les yeux, les rincer abondamment. || Aqua/water, cetearyl alcohol, glycerin, behentrimonium chloride, cetyl esters, isopropyl myristate, quaternium-80, tocopherol, ppg-1 trideceth-6, ethylhexyl methoxycinnamate, polysorbate 20, polyquaternium-37, chlorhexidine dihydrochloride, limonene,mentha piperita (peppermint) leaf extract, linalool, benzophenone-4, isopropyl alcohol, paraffinum liquidum/mineral oil, rosmarinus officinalis oil/rosemary leaf oil, methylparaben, butylphenyl methylpropional, citronellol, parfum/fragrance. (F.I.L.C49230/1). || 12 mois après ouverture. || 
35,24€ / L || 
8,81 € || 
Démêlant Couleur & Lissage EverPure || Le tube de 250ml || Origine : ALLEMAGNE || 
35,24€ / L || 
8,81 € || 
Démêlant Créateur de Matière Fibralogy || Le flacon de 200ml || Origine : FRANCE || 
21,90€ / L || 
4,38 € || 
Démêlant Force & Réparation EverForce || Le tube de 250ml || Origine : ALLEMAGNE || Spécialement conçu pour les cheveux fragiles et abîmés, le système soin réparation sans sulfates EverForce préserve l'intégrité de la fibre et la restaure pour la rendre plus forte.Son soin-crème riche vitalité nourrit la fibre et injecte une force nouvelle à vos cheveux. Réparée et pleine de vie, votre chevelure révèle une nouvelle beauté. Vos cheveux se parent d'une matière exceptionnelle, d'un toucher incroyablement doux. || Après le shampooing, répartir soigneusement sur cheveux mouillés en insistant sur les longueurs et les pointes. Rincer abondamment. En cas de contact avec les yeux, les rincer immédiatement. || Aqua, cetearyl alcohol, glycerin, behentrimonium chloride, cetyl esters, isopropyl myristate, quaternium-80, tocopherol, ppg-1 trideceth-6, polysorbate 20, polyquaternium-37, chlorhexidine dihydrochloride, limonene, mentha piperita (peppermint) leafextract, linalool, isopropyl alcohol, 2-oleamido-1,3-octadecanediol, paraffinum liquidum/minéral oil, rosmarinus officinalis oil/rosemary leaf oil, methylparaben, butylphenyl methylpropional, citronellol, parfum/fragrance (FIL C49235/1). || 12 mois après ouverture. || 
35,24€ / L || 
8,81 € || 
Démêlant Lissage & Hydratation EverLiss || Le tube de 250ml || Origine : ALLEMAGNE || Spécialement conçu pour les cheveux frisottants et agressés, le Système Soin Anti-Frizz sans sulfates EverLiss préserve l'intégrité de la fibre. Sans silicones. Sa formule n'alourdit pas.Son soin crème hydratant enrichi en huiles botaniques nourrit et détend la fibre pour prévenir l'apparition de frisottis. Incroyablement lissés et assouplis, vos cheveux retrouvent une matière soyeuse et légère, un toucher exceptionnel. || Après le shampooing, répartir soigneusement sur cheveux mouillés en insistant sur les longueurs et les pointes. Rincer abondamment. En cas de contact avec les yeux, les rincer immédiatement. || Aqua, cetearyl alcohol, helianthus annuus seed oil/sunflower seed oil, behentrimonium chloride, glycerin, cetyl esters, stearamidopropyl dimethylamine, quaternium-87, hydroxyethylcellulose, olea europaea oil/olive fruit oil, argania spinosa oil/argania spinosa kernel oil, triethanolamine, limonene, candelilla cera/candelilla wax, benzoic acid, linalool, benzyl salicylate, benzyl alcohol, isopropyl alcohol, propylène glycol, caprylyl glycol, citric acid, citronellol, hexyl cinnamal, parfum/fragrance (FIL C49234/1). || 12 mois après ouverture. || 
35,24€ / L || 
8,81 € || 
Démêlant Lissage & Réparation EverLiss || Le tube de 250ml || Origine : ALLEMAGNE || Spécialement conçu pour les cheveux frisottants et agressés, le Système Soin Anti-Frizz sans sulfates EverLiss préserve l'intégrité de la fibre. Sans silicones. Sa formule n'alourdit pas.Son soin crème hydratant enrichi en huiles botaniques nourrit et détend la fibre pour prévenir l'apparition de frisottis. Incroyablement lissés, non alourdis, vos cheveux retrouvent une matière soyeuse, un toucher exceptionnel. Profondément réparés, ils sont éclatants de beauté. || Après le shampooing, répartir soigneusement sur cheveux mouillés en insistant sur les longueurs et les pointes. Rincer abondamment. En cas de contact avec les yeux, les rincer immédiatement. || Aqua, cetearyl alcohol, helianthus annuus seed oil/sunflower seed oil, behentrimonium chloride, glycerin, cetyl esters, stearamidopropyl dimethylamine, quaternium-87, hydroxyethylcellulose, olea europaea oil/olive fruit oil, argania spinosa oil/argania spinosa kernel oil, triethanolamine, limonene, candelilla cera/candelilla wax, benzoic acid, linalool, benzyl salicylate, benzyl alcohol, isopropyl alcohol, propylène glycol, caprylyl glycol, citric acid, citronellol, hexyl cinnamal, parfum/fragrance (FIL C49234/1). || 12 mois après ouverture. || 
35,24€ / L || 
8,81 € || 
Démêlant Nutrition & Réparation EverRiche || Le tube de 250ml || Origine : ALLEMAGNE || Spécialement conçu pour les cheveux desséchés et sensibilisés, le Système Soin Nutrition sans sulfates EverRiche assure une nutrition et une réparation durables, tout en fluidité. Pleinement nourris et réparés, vos cheveux desséchés retrouvent une matière incroyablement soyeuse et un toucher exceptionnel. Ils sont fluides, faciles à coiffer et révèlent une brillance absolue. || Pour cheveux desséchés & sensibilisés. Après l'utilisation du shampooing, répartir soigneusement sur cheveux mouillés en insistant sur les longueurs et les pointes. Rincer abondamment. En cas de contact avec les yeux, les rincer immédiatement. || Aqua/water, cetearyl alcohol, glycerin, behentrimonium chloride, cetyl esters, isopropyl myristate, Cl 19140/yellow 5, quaternium-80, phenoxyethanol, ppg-1 trideceth-6, polysorbate 20, polyquaternium-37, chlorhexidine, dihydrochloride, camelina sativa oil/camelina sativa seed oil, linalool, isopropyl alcohol, paraffinum liquidum/mineral oil, caramel, vitis vinifera seed oil/grape seed oil, prunus armeniaca kernel oil/apricot kernel oil, hexyl cinnamal, parfum/fragrance (FIL C158137/1). Sans sulfates* (*sans tensio-actifs sulfatés). || 12 mois après ouverture. || 
35,24€ / L || 
8,81 € || 
Soin crème démêlant Nutri Gloss || Les 2 flacons de 200ml || Origine : FRANCE || Le Soin Crème Démêlant Elsève Nutri-Gloss démêle parfaitement vos cheveux sans les alourdir. Grâce à sa crème onctueuse qui fond sur la fibre capillaire, le démêlage est instantané. Le cheveu est à la fois nourri et léger. || Répartir sur la chevelure en insistant sur les longueurs et les pointes puis rincer. En cas de projection dans les yeux, les rincer immédiatement. || Aqua / water, cetyl alcohol, amodimethicone, CI 17200 / RED 33, nacre powder, Hydroxyethylcellulose, hydrolyzed wheat protein, hydrolyzed wheat starch, behenttrimonium chloride, trideceth-6, chlorhexidine dihydrochloride, simmondsia chinensis oil / jojoba seed oil, limonene, linalool benzyl alcohol, isopropyl alcohbenzyl alcohol, isopropyl alcohol, dipalmitoylethyl hydroxyethylmonium methosulfate, alpha-isomethyl ionone, myristyl alcohol, cetyl esters, cetearyl alcohol, cetrimonium chloride, butylphenyl methylpropional, citric acid, citronellol, hexyl cinnamal, parfum / fragrance. (FIL C47020/1). || A utiliser dans les 12 mois après ouverture. || 
19,58€ / L || 
7,83 € || 
Soin crème fortifiant Anti-Casse || Les 2 flacons de 200ml || Origine : FRANCE || Réparez vos cheveux abîmés avec le ciment naturel qu'ils ont perdu*. Abîmés, vos cheveux perdent le ciment naturel qui assure leur cohésion et leur résistance. Association de molécules brevetée par L'Oréal, le Ciment-Céramide est la réplique du ciment naturel du cheveux. Il cible leszones abîmé es pour: 1. Combler les brèches: la fibre retrouve sa cohésion et sa résistance. 2. Sceller les écailles: la fibre retrouve une surface lisse et brillante. Résultats prouvés: jusqu'à - 95% de casse au brossage**, * le ciment-Céramide est la réplique du ciment naturel du cheveu. ** test instrumental obtenus après utilisation du shampoing + soincrème + lait thermo-actif vs shampooing classique. || Appliquer sur cheveux mouillés, masser en douceur puis rincer. Pour plus de soin, utiliser les autres produits de la gamme Elsève anti-casse. En cas de contact avec les yeux, rincer immédiatement. || Aqua/ water, sodium laureth sulfate, dimethicone, disodium cocoamphodiacetate, sodium chloride, cetyl alcohol, hydroxystearyl cetyl ether, guar hydroxypropyltrimonium chloride, cocamide mipa, sodium methylparaben, dmdm hydantoin, sodium cocoate, sodium hydroxide, safflower glucoside, ppg, 5, ceteth, 20, limonene, linalool, benzyl salicylate, propylene glycol, 2, oleamido, 1, 3, octade, canediol, carbomer, citronellol, butylphenyl methylpropional, methyl cocoate, citric acid, hexyl cinnamal, parfum/fragrance. (F. I. L. C29642/1). || A utiliser dans les 12 mois après ouverture. || 
19,58€ / L || 
7,83 € || 
Soin crème reconstituant Total Repair 5 || Les 2 flacons de 200ml || Origine : FRANCE || Votre cheveu saffine, saffaiblit, devient plat, rêche et terne ? 5 problèmes 1 solution, Elsève Total Repair 5 est la 1ère réparation totale des cheveux abîmés. Les Laboratoires de L'Oréal ont développé une formule à la Pro-Kératine et au Céramide pour une action re-constituante et re-surfaçante Vos cheveux sont instantanément démêlés. Jour après jour, le cheveu est totalement réparé. || Appliquer sur cheveux mouillés, masser en douceur puis rincer. En cas de contact avec les yeux, les rincer immédiatement. || Aqua/water, cetyl alcohol, PEG-180, elaeis guineensis oil/palm oil, hydroxyethylcellulose, dodecene, hydroxypropyltrimonium hydrolyzed wheat protein, arginine chlorhexidine digluconate, poloxamer 407, linalool, isopropyl myristate, 2-oleoleamino-1,3-octadecanediol, myristyl alcohol, serine, cetrimonium chloride, cetyl esters, BHT, citric acid, butylphenyl methylpropional, lauryl PEG/PPG-18/18 methicone, glutamic acid, hexyl cinnamal, glyceryl linoleate, glyceryl oleate, glyceryl linolenate, parfum/fragrance. (FIL C37066/1). || 12 mois après ouverture. || 
19,58€ / L || 
7,83 € || 
Après-shampooing crème anti-dessèchement, cheveux secs desséchés rêches || Le flacon de 200ml || Origine : FRANCE || Testé dans mon Centre d'Etudes Capillaires et utilisé chaque jour dans mes salons mon après-shampooing crème Nutri-Extrême est un baume qui offre soin et douceur à vos cheveux. Sa formule enrichie en huile nutritive et en provitamine B5 nourrit intensément, redonne toucher soyeux et éclat à vos cheveux. Jour après jour, ils sont plus soyeux, plus brillants : sentez sous vos doigts cette matière fluide et soyeuse ! || Appliquez sur cheveux mouillés, laissez agir 1 minute, démêlez aux doigts et rincez abondamment.  En cas de projection dans les yeux, rincez immédiatement. || Aqua/water,  dimethicone,  cetyl alcohol, divinyldimethicone/dimethicone copolymer, tocopheryl acetate, hydroxyethylcellulose,  behentrimonium chloride,  ethylhexyl methoxycinnamate, chlorhexidine dihydrochloride, panthenol, benzyl benzoate, benzyl salicylate, dipalmitoylethyl hydroxyethylmonium methosulfate, alpha-isomethyl ionone, myristyl alcohol, cetyl esters, cetearyl alcohol, cetrimonium chloride, methylparaben, vitis vinifera/grape seed oil, citric acid, butylphenyl methylpropional, citronellol, coumarin, glycine, parfum/fragrance. (F.I.L C19986/3). || A utiliser dans les 12 mois après ouverture. || 
23,45€ / L || 
4,69 € || 
Baume démêlant, Nutri-ensoleillant || Le flacon de 200ml || Origine : FRANCE || Le programme Blond Soleil Eclaircissement nourrit et éclaircit progressivement votre blond naturel. Objectif éclaircissement : 1 ton. Brillant et éclairci, votre blond naturel retrouve ses reflets originels, pour un blond ensoleillé comme en été. || Convient à tous types de blond naturel. Appliquez sur cheveux mouillés, laissez agir 1 minute, démêlez aux doigts et rincez abondamment. En cas de contact avec les yeux, les rincer immédiatement. || Aqua/water, cetearyl alcohol, elaeis guineensis oil/palm oil, behentrimonium chloride, Cl 19140/yellow 5, stearamidopropyl dimethylamine, linalool, glycerin, chamomilla recutita extract/matricaria flower extract, chlorhexidine dihydrochloride, limonene, isopropyl alcohol, propylene glycol, citrus medica limonum extract/lemon fruit extract, citric acid, citronellol, hexyl cinnamal, butylphenyl methylpropional, benzyl salicylate, benzyl alcohol, parfum/fragrance (FIL C50035/1). || 12 mois après ouverture. || 
25,25€ / L || 
5,05 € || 
Crème démêlante, Nutri-régénérante pour cheveux dénaturés || Le flacon de 200ml || Origine : EL SALVADOR || Sa formule crème démêlante aux 3 huiles précieuses d'argan de camélia et de pracaxi, démêle, répare, protège et restaure la barrière lipidique de la fibre. || Appliquez sur cheveux mouillés, laissez agir 1 minute, démêlez aux doigts et rincez abondamment. En cas de contact avec les yeux, les rincer immédiatement. || Aqua, cetearyl alcohol, paraffinum liquidum/mineral oil, behentrimonium chloride, bht, CI14700/red 4, CI 19140/yellow 5, linalool, geraniol, caramel, argania spinosa oil/ argania spinosa kernel oil, glycerin, camellia oleifera seed oil, coumarin, chlorhexidine digluconate, limonene, isopropyl alcohol, citric acid, pentaclethra macroloba oil/pentaclethra macroloba seed oil, hexyl cinnamal, benzyl salicylate, benzyl acohol, parfum (FIL C54789/1). || 12 mois après ouverture. || 
25,20€ / L || 
5,04 € || 
Soin démêlant concentré de nutrition aux 2 huiles riches d'onagre et de sésame, cheveux très desséchés, rêches et ternes || Le flacon de 200ml || Origine : FRANCE || Sa formule fondante et onctueuse, enrichie aux 2 huiles riches d'onagre et de sésame, imprègne généreusement la chevelure pour la nourrir et la regalber sur toute sa longueur.Jour après jour, intensément nourris, vos cheveux retrouvent extrême douceur et éclat. || Après le shampooing, appliquez sur cheveux mouillés. Démêlez aux doigts en commençant par les pointes et en remontant vers la racine pour supprimer les noeuds. En cas de contact avec les yeux, les rincer immédiatement. || Aqua / water, cetearyl alcohol, dipalmitoylethyl hydroxyethylmonium methosulfate, cetyl esters, CI 19140 / yellow 5, CI 15985 / yellow 6, CI 77891 / titanium dioxide, mica, trideceth-6, chlorhexidine digluconate, oenothera biennis oil/evening primrose oil, benzyl benzoate, benzyl salicylate, amodimethicone, alpha-isomethyl ionone, sesamum indicum oil/sesame seed oil, cetrimonium chloride, bht, citric acid, butylphenyl methylpropional, coumarin, parfum (F.I.L C34316/2). || 12 mois après ouverture. || 
23,45€ / L || 
4,69 € || 
Soin démêlant raviveur de couleur, cheveux colorés, sensibilisés || Flacon 200ml || Origine : FRANCE || Le soin démêlant Réveil Color adoucit vos cheveux pour un démêlage et un soyeux instantanés, une brillance exaltée et une couleur éclatante. Sa nouvelle formule associe un AHA révélateur d'éclat qui restaure la fibre capillaire pour une matière lisseet brillante + un filtre UV qui assure une protection optimale à vos cheveux pour préserver la beauté de votre couleur. Fini les couleurs endormies, votre couleur est réveillée, protégée et éclatante pour longtemps ! || Appliquez généreusement sur cheveux mouillés en insistant sur les pointes. Laissez agir 1 minute puis rincez abondamment. Démêlez aux doigts en commençant par les pointes et en remontant vers les racines pour supprimer tous les noeuds. En cas de contact avec les yeux rincez immédiatement. || Aqua/water, cetyl alcohol, amodimethicone, dipalmitoylethyl hydroxyethylmonium methosulfate, trideceth-6, cetearyl alcohol, behentrimonium chloride, methylparaben, alpha-isomethyl ionone, myristyl alcohol, coumarin, chlorhexidine dihydrochloride, camphor benzalkonium methosulfate, isopropyl alcohol, cetrimonium chloride, hydroxyethylcellulose, citric acid, citronellol, cetyl esters, butylphenyl methylpropional, benzyl benzoate, benzyl salicylate, parfum/fragrance.(FIL C25213/2). || 12 mois après ouverture. || 
23,55€ / L || 
4,71 € || 
Après shampoing, crème fondante à la camomille et miel de fleurs, || Le pot de 200ml || Origine : FRANCE || Extrêmement faciles à coiffer, vos cheveux retrouvent une douceur irrésistible. Sans être alourdis, ils sont incroyablement brillants et éclatants.Véritable recette de lumière pour les cheveux blonds, Gamier Ultra Doux a associé la Camomille reconnuepour ses propriétés éclaircissantes et adoucissantes, au Miel de Fleurs réputé pour ses vertus nourrissantes, dans une crème démêlante qui fond instantanément dans vos cheveux. || Après chaque shampooing, appliquez et massez en douceur jusqu'aux pointes. Laissez agir quelques instants et rincez. En cas de contact avec les yeux, les rincer immédiatement. || Aqua/water, cetearyl alcohol, dipalmitoylethyl hydroxyethylmonium methosulfate, glyceryl stearate, Cl19140/yellow 5, Cl15985/yellow 6, quaternium-80, chamomilla recutita extract/matricaria flower extract, eugenol, mel/honey, limonene, benzyl alcohol,benzyl salicylate, linalool, propylene glycol, geraniol, cetrimonium chloride, citric acid, citronellol, hexyl cinnamal, glycerin, parfum/fragrance. (F.I.L. C37120/1). Formulé sans paraben. || 12 mois après ouverture. || 
16,95€ / L || 
3,39 € || 
Après-shampooing crème fondante à la mangue et fleur de thiaré, cheveux secs, abîmés || Le flacon de 200ml || Origine : FRANCE || Nourris, vos cheveux sont comme repulpés, réparés jusquaux pointes. Ils retrouvent toute leur souplesse et leur vitalité. Faciles à coiffer, ils sont brillants, doux au toucher, comme satinés.Véritable recette de nutrition et réparation pour les cheveux secs, abîmés, l'après-shampooing Garnier Ultra Doux associe la Mangue reconnue pour ses vertus nourrissantes et réparatrices, à la Fleur de Tiaré réputée pour ses propriétés adoucissantes et satinantes, dans une crème démêlante qui fond instantanément dans vos cheveux. || Après chaque shampooing, appliquez et massez en douceur jusqu'aux pointes. Laissez agir quelques instants et rincez. En cas de contact avec les yeux, les rincer immédiatement. || Aqua/water, cetearyl alcohol, elaeis guineensis oil/palm oil, behentrimonium chloride, Cl19140/yellow 5, Cl17200/red 33, cocos nucifera oil/coconut oil, stearamidopropyl dimethylamine, chlorhexidine dihydrochloride, mangifera indica seed oil/mango seed oil, benzyl alcohol, benzyl salicylate, linalool, gardenia tahitensis flower, citric acid, coumarin, hexyl cinnamal, glycerin, parfum/fragrance. (FIL C38147/1). Formulé sans paraben et sans silicone. || 12 mois après ouverture. || 
17,45€ / L || 
3,49 € || 
Après-shampooing reconstituant, Cheveux fragiles, Cassants || Le flacon de 200ml || Origine : POLOGNE || Immédiatement démêlés et nourris, mieux protégés et réparés jusqu'aux pointes, vos cheveux sont renforcés. Ils sont plus résistants et plus brillants vraiment plus faciles à coiffer. Garnier Ultra Doux crée sa nouvelle recette reconstituante spécialement conçue pour les cheveux fragiles, cassants. Elle associe 3 trésors issus de la ruche : la gelée royale réparatrice, la propolis protectrice et le miel nourricier. || Attention à ne pas avaler. Ne pas laisser à la portée des enfants. En cas de contact avec les yeux, les rincer immédiatement. || 12 mois après ouverture. || 
17,95€ / L || 
3,59 € || 
Démêlant instantané, huiles d'argan et camélia, pour cheveux secs || Le flacon de 200ml || Origine : FRANCE || Nourris en profondeur, vos cheveux sont comme transformés, ils retrouvent souplesse et douceur jusqu'aux pointes. Ils redeviennent brillants et faciles à coiffer. Dans sa nouvelle recette de soin pour les cheveux secs, Garnier Ultra Doux associe 2 huiles précieuses aux vertus merveilleuses. Héritée des secrets de beauté des femmes marocaines, l'huile d'argan, aux propriétés hautement nutritives se mêle à l'huile de camélia, réputée pour apporter éclat et douceur à vos cheveux. || Après chaque shampooing, appliquez une noisette de baume sur toutes les longueurs et massez en douceur jusqu'aux pointes. Laissez agir quelques instants et rincez. En cas de contact avec les yeux, les rincer immédiatement. || Aqua, hydroxypropyl starch phosphate, quaternium-87, stearyl alcohol, behentrimonium chloride, amodimethicone, cetyl esters, CI19140/yellow5, CI14700/red, sodium hydroxide, phenoxyethanol, argania spinosa oil/argania spinosa kernel oil, trideceth-6,chlorhexidine digluconate, camellia oleifera seed oil, limonene, candelilla cera/candelilla wax, linalool, benzyl alcohol, propylene glycol, isopropyl alcohol, 2-oleamido-1,3-octadecanediol, geraniol, cetrimonium chloride, citronellol, hexyl cinnamal, parfum (FIL C55008/2). Sans paraben. || 12 mois après ouverture. || 
14,36€ / L || 
3,59 € || 
Après-shampooing au beurre de karité et au miel, nourrit et répare cheveux secs, abîmés et cassants || Le tube de 200ml || Origine : FRANCE || Pour nourrir et démêler vos cheveux secs, abîmés et cassants, Le Petit Marseillais a développé une recette enrichie en ingrédients simples, sélectionnés pour leurs propriétés naturelles.Les propriétés naturelles des ingrédients : le beurre de karitéest reconnu pour ses vertus assouplissantes et adoucissantes, le miel est réputé pour ses propriétés nourrissantes et adoucissantes. || Appliquez sur toute la longueur des cheveux mouillés. Laissez agir 1 minute puis rincez. Découvrez son parfum riche et sa texture crémeuse et onctueuse. || Aqua, cetearyl alcohol, cetyl alcohol, behentrimonium methosulfate, butyrospermum parkii butter, mel, stearamidopropyl dimethylamine, amodimethicone, panthenol, glycol stearate, ceteth-2, myristyl alcohol, hydroxyethylcellulose, stearyl alcohol, trideceth-12, cetrimonium chloride, disodium edta, citric acid, phenoxyethanol, methylparaben, propylparaben, parfum. || 12 mois après ouverture. || 
15,40€ / L || 
3,08 € || 
Après-shampooing aux extraits d'argile blanche et de lait de jasmin, démêle sans alourdir || Le tube de 200ml || Origine : FRANCE || Pour hydrater les longueurs sans alourdir vos cheveux et permettre un démêlage très facile, Le Petit Marseillais a développé une recette enrichie en ingrédients simples. || Appliquez sur toute la longueur des cheveux mouillés. Laissez agir puis rincez. Découvrez son parfum fleuri frais et délicat et sa texture crémeuse et onctueuse. || Aqua, cetyl alcohol, behentrimonium chloride, dimethiconol, kaolin, jasminum officinale extract, helianthus annuus seed oil, salicylic acid, magnesium nitrate, isopropyl palmitate, stearyl alcohol, myristyl alcohol, zinc pca, glycerin, lecithin, polyglyceryl-3 diisostearate, glyceryl stearate, peg-100 stearate, TEA-dodecylbenzenesulfonate, isopropyl alcohol, hydroxyethylcellulose, magnesium chloride, citric acid, potassium citrate, sodium benzoate, methylisothiazolinone, methylchloroisothiazolinone, parfum, butylphenyl methylpropional, hexyl cinnamal, citronellol, Cl19140, Cl42090. Sans paraben. || 12 mois après ouverture. || 
16,20€ / L || 
3,24 € || 
Après-shampooing éclat couleur à l'huile de Carthame et à l'extrait naturel de Myrtille, Nourrit et renforce le cheveu || Le tube de 200ml || Origine : FRANCE || Vos cheveux sont parfaitement démêlés. Nourris, ils sont doux et leur protection naturelle est renforcée. Mieux protégée, votre couleur conserve son éclat plus longtemps.L'huile de carthame est utilisée pour ses vertus nutritives. La myrtille, richeen antioxydants, est reconnue pour ses propriétés protectrices. || Appliquez après !e shampooing sur toute la longueur. Laissez agir 1 minute puis rincez. || Aqua, glycerin, cetearyl alcohol, caprylic/capric triglycéride, carthamus tinctorius seed oil, behentrimonium chloride, dimethicone, vaccinium myrtillus fruit extract, lecithin, propylene glycol, dimethicone propyl, pg-betaine, isopropyl alcohol, benzophenone-4, polyquaternium-22, citric acid, ascorbyl palmitate, sodium benzoate, parfum, geraniol, hexyl cinnamal, linalool, benzyl salicylate, alpha-isomethyl ionone. Sans paraben. || 12 mois après ouverture. || 
16,20€ / L || 
3,24 € || 
Après-shampooing nutrition intense huile de karité et huile d'argan || Le tube de 200ml || Origine : FRANCE || Aqua, dimethicone, isopropyl alcohol, behentrimonium chloride, sodium benzoate, citric acid, glycerin, cetearyl alcohol, polyquaternium-22, caprylic/capric triglyceride, argania spinosa oil, ascorbyl palmitate, lecithin, tocopherol, CI 15985, CI 19140, parfum, || 
16,20€ / L || 
3,24 € || 
Après-Shampooing protection & Réparation, Sève d'olivier et au lait d'acacia || Le tube de 200ml || Origine : FRANCE || Pour réparer et redonner force à vos cheveux abîmés et fragilisés, Le Petit Marseillais a développé une recette de soin unique, l'après shampooing protection & réparation. Une sélection de 2 ingrédients récoltés sous le soleil du bassin méditerranéen: l'extrait de sève d'olivier, liquide vital de l'arbre, reconnu pour sa résistance, l'acacia, arbuste dont les feuilles sont récoltées à la main dans le Sud de la France, puis transformées en une onctueuse texture lait. Répare & renforce le cheveudès la racine. || Conseil de soin : appliquez après le shampooing sur toute la longueur. Laissez agir 1 minute puis rincez. Sa texture crémeuse au parfum agréable apporte soin et douceur à vos cheveux sans les alourdir. || Aqua, cetearyl alcohol, glycerin, ethylhexyl stearate, behentrimonium chloride, hydroxypropyl starch phosphate, acacia saligna leaf extract, olea europaea sap extract, bis (c13-15 alkoxy) pg-amodimethicone, oleic/linoleic/linolenic polyglycerides, c14-15 alcohols, isopropyl alcohol, isotridecyl alcohol, polyquaternium-22, zea mays starch, xanthan gum, citric acid, sodium benzoate, parfum, benzyl salicylate, hexyl cinnamal, limonene, linalool, ci 15985, ci 19140. || 
16,20€ / L || 
3,24 € || 
Après-shampooing reflets bruns à l'extrait de henné et à            l'huile de noix, cheveux châtains à bruns || Le tube de 200ml || Origine : FRANCE || Découvrez son parfum aux notes chaudes et gourmandes. Sa texture crémeuse et onctueuse apporte soin et douceur à vos cheveux, sans les alourdir. Résultat : ils sont souples et faciles à coiffer. Vos cheveux sont nourris. Leurs reflets sont beaux, lumineux et ravivés. Pour raviver vos reflets bruns et permettre un démêlage très facile de vos cheveux, Le Petit Marseillais a développé une recette avec des ingrédients sélectionnés pour leurs propriétés naturelles. Les propriétés naturelles des Ingrédients : le henné est traditionnellement utilisé pour raviver les reflets bruns. L'huile de noix est reconnue pour ses vertus nourrissantes. || Appliquez sur toute la longueur des cheveux mouillés. Laissez agir 1 minute puis rincez. || Aqua, cetearyl alcohol, behentrimonium chloride, dimethiconol, isopropyl palmitate, indigofera tinctoria leaf extract, juglans regia seed oil, panthenol, magnesium nitrate, ceteareth-20, potassium citrate, isopropyl alcohol, butylene glycol, tea-dodecylbenzenesulfonate, magnesium chloride, citric acid, sodium benzoate, methylisothiazolinone, methylchloroisothiazolinone, parfum, coumarin, butylphenyl methylpropional, linalool, limonene, Cl15985, Cl19140. || 12 mois après ouverture. || 
16,95€ / L || 
3,39 € || 
Apres-shampooing reflets dores camomille & blé - cheveux blonds achâtains clairs || Le tube de 200ml || Origine : FRANCE || Aqua, cetearyl alcohol, behentrimonium chloride, chamomilla recutita extract, triticum vulgare germ ( magnÍsium nitrate, ceteareth-20, potassium citrate, palmitate, isopropyl alcohol, propylene glycol, tea-dodecylbenzenesulfonate, magnesium chloride,citric acid, sodium benzoate, methylisothiazolinone, methylchloroisothiazolinone, parfum, butylphenyl methylpropional, linalool, Cl15985, Cl19140. || 
16,75€ / L || 
3,35 € || 
Cheveux longs, extrait de lin et au lait d'amande douce, après-shampooing || Le tube de 200ml || Origine : FRANCE || Pour hydrater et démêler vos cheveux longs Le Petit Marseillais a associé à sa formule des ingrédients simples et naturels, inspirés d'authentiques recettes méditerranéennes. Les vertus des ingrédients du sud: le lin est reconnu pour ses propriétés adoucissantes. Le lait d'amande douce, riche en lipides végétaux, apporte ses vertus nourrissantes. || Appliquez sur toute la longueur des cheveux mouillés. Laissez agir 1 minute puis rincez. La texture crémeuse et onctueuse apporte soin et douceur à vos cheveux, sans les alourdir. || aqua, cetearyl alcohol, behentrimonium chloride, dimethiconol, Isopropyl palmitate, lecithin, prunus amygdalus dulcis oil,  linum usitatissimum  seed extract, glycerin, cinnamic acid, levulinic acid, sodium levulinate, ceteareth-20, propylene glycol,polyglyceryl-3 diisostearate, glyceryl caprylate, glyceryl stéarate, TEA-dodecylbenzene sulfonate, xanthan gum, isopropyl alcohol, sodium phytate, potassium citrate, citric acid, methylchloroisothiazolinone, methylisothiazolinone, sodium benzoate, parfum, butylphenyl methylpropional, hexyl cinnamal. || 12 mois après ouverture. || 
15,15€ / L || 
3,03 € || 
Après-shampooing, démêlage et réparation ultra-ciblée, cheveux extrêmement abîmés, secs || Le flacon de 200ml || Origine : ALLEMAGNE || La nouvelle formule aux constituants capillaires liquides identiques à ceux du cheveu comble précisément les zones endommagées pour une réparation intense.Sa formule répare même les zones extrêmement abîmées. Démêlage parfait & plus de résistance. || Appliquez après chaque shampooing. Laissez agir 1 minute puis démêlez au peigne. Rincez abondamment. || Aqua, cetearyl alcohol, quaternium-87, dimethicone, isopropyl myristate, polyquaternium-37, stearamidopropyl dimethylamine, distearoylethyl hydroxyethylmonium methosulfate, cocodimonium hydroxypropyl hydrolyzed keratin, hydrolyzed keratin, panthenol,glyceryl stearate, propylene glycol, ceteareth-20, citric acid, phenoxyethanol, parfum, dimethiconol, methylparaben, propylene glycol dicaprylate/dicaprate, PPG-1 trideceth-6, cyclomethicone, hexyl cinnamal, sodium sulfate, linalool, limonene. || 12 mois après ouverture. || 
21,05€ / L || 
4,21 € || 
Après-shampooing à l'huile précieuse nourrissante                Cheveux secs, fourchus, sur-sollicités || Le flacon 200ml || Origine : ALLEMAGNE || La nouvelle formule aux constituants capillaires liquides identiques à ceux du cheveu comble précisément les zones endommagées pour une réparation intense. Sa formule réparatrice est enrichie en huile précieuse nourrissante. Résultats : démêlage parfait, nourrit intensément et renforce la fibre capillaire pour des cheveux sublimés, redonne souplesse & luminosité aux cheveux très secs, fourchus et sur-sollicités. || Pour cheveux secs, fourchus, sur-sollicités. Appliquez après chaque shampooing. Laissez agir 1 min puis démêlez au peigne. Rincez abondamment. || Aqua, cetearyl alcohol, quaternium-87, stearamidopropyl dimethylamine, dimethicone, distearoylethyl hydroxyethylmonium methosulfate, isopropyl myristate, argania spinosa kernel oil, hydrolyzed keratin, cocodimonium hydroxypropyl hydrolyzed keratin, panthenol, glycerin, citric acid, propylene glycol, phenoxyethanol, parfum, mica, methylparaben, dimethiconol, polyquaternium-67, silica, hexyl cinnamal, silica, hexyl cinnamal, linalool, cyclomethicone, limonene, potassium sorbate, CI77891, CI77491,CI47005, CI15985. || 12 mois après ouverture. || 
20,85€ / L || 
4,17 € || 
Hair repair, après-shampooing soie liquide gloss, cheveux rebelles, rêches, sans éclat || Le flacon de 200ml || Origine : ALLEMAGNE || Alliance exclusive de la technologie Soie Liquide à un gloss capteur de lumière, la gamme Soie Liquide Gloss lisse et illumine les cheveux rêches et sans éclat. Son Système Scan Repair détecte et répare toutes les zones fragilisées du cheveu : en pleine santé, les cheveux révèlent alors une brillance éclatante. Grâce à sa formule ultra-démêlante à la Soie Liquide, l'Après-Shampooing Soie Liquide Gloss démêle immédiatement vos cheveux et leur apporte un toucher soyeux et une brillance éclatante.Résultat : faciles à coiffer et parfaitement lissés, vos cheveux sont doux comme de la soie et sublimés d'une brillance Gloss. || Appliquez sur les mi-longueurs des cheveux lavés. Laissez agir une minute puis démêlez au peigne. Rincez abondamment. || Valeur énergétique en Joules :  0 || Valeur énergétique en Kcal : 0 || Glucides : 0 || Lipides : 0 || Protides :0 || Aqua, cetearyl alcohol, quaternium-87, dimethicone, isopropyl myristate, stearamidopropyl dimethylamine, glyceryl stearate, distearoylethyl hydroxyethylmonium methosulfate, propylene glycol, citric acid, ceteareth-20, phenoxyethanol, polyquaternium-37, propylene glycol dicaprylate/dicaprate, dimethiconol, parfum, methylparaben, prunus armeniaca kernel oil, laurdimonium hydroxypropyl hydrolyzed wheat protein, pantolactone, hydrolyzed wheat protein, ppg-1 trideceth-6, limonene, hexyl cinnamal, hydrolyzed silk, sericin. || A utiliser dans les 12 mois après ouverture. || 
20,55€ / L || 
4,11 € || 
Karité cashmere après-shampooing, cheveux secs ou desséchés, nutrition et réparation || Le flacon de 200ml || Origine : ALLEMAGNE || Sa formule nourrissante contient du beurre de karité. Résultats prouvés : démêlage parfait & cheveux nourris. Un maximum de souplesse. || Appliquez après chaque shampooing. Laissez agir 1 min puis démêlez au peigne. Rincer abondamment. || Aqua, cetearyl alcohol, quaternium-87, dimethicone, isopropyl myristate, butyrospermum parkii butter, hydrolyzed keratin, panthenol, cocodimonium hydroxypropyl hydrolyzed keratin, stearamidopropyl dimethylamine, glyceryl stearate, distearoylethyl hydroxyethylmonium methosulfate, propylene glycol, ceteareth-20, citric acid, phenoxyethanol, polyquaternium-37, dimethiconol, methylparaben, propylene glycol dicaprylate/dicaprate, parfum, ppg-1 trideceth-6, benzyl salicylate, hexyl cinnamal, butylphenyl methylpropional, cyclomethicone, linalool, limonene, CI17200, CI47005. || 12 mois après ouverture. || 
17,08€ / L || 
4,27 € || 
Après-shampooing, Crystal brillance, Cheveux normaux, Ternes || Le flacon de 250ml || Origine : ALLEMAGNE || 
22,88€ / L || 
5,72 € || 
Après-shampooing, Diamond color, Cheveux colorés ou méchés || Le flacon de 250ml || Origine : ALLEMAGNE || 
22,88€ / L || 
5,72 € || 
Après-shampooing, Omega repair, Cheveux Abîmes, Secs || Le flacon de 250ml || Origine : ALLEMAGNE || 
22,88€ / L || 
5,72 € || 
Spray démêlant, Mineral force, Cheveux fatigués, Fragilisés || Le flacon de 200ml || Origine : ALLEMAGNE || 
34,75€ / L || 
6,95 € || 
Après-Shampooing fortifiant Matière et Densité || Le flacon de 200ml || Origine : FRANCE || 
19,30€ / L || 
3,86 € || 
Cheveux desséchés, abîmés, concentré actif de fruits renforcés, après-shampooing || Le flacon de 200ml || Origine : FRANCE || Les 3 huiles nutritives pénètrent chaque couche du cheveu et le nourrissent à l'intérieur. Cheveux parfaitement démêlés, sans alourdissement.Nourris, réparés, fortifiés, ils sont plus souples, plus soyeux et plus lumineux. || Après le shampooing, appliquer jusqu'aux pointes, puis rincer. En cas de contact avec les yeux, les rincer immédiatement. || Aqua/water, cetearyl alcohol, elaeis guineensis oil/palm oil, behentrimonium chloride, Cl19140/yellow 5, Cl5985 yellow 6, niacinamide, saccharum officinarum extract/sugar cane extract, stearamidopropyl dimethylamine, olea europaea oil/olive fruit oil, chlorhexidine dihydrochloride, limonene, camellia sinensis extract/camellia sinensis leaf extract, linalool, benzyl salicylate, isopropyl alcohol, pyrus malus extract/apple fruit extract, pyridoxine HCl, persea gratissima oil/avocado oil, butyrospermum parkii butter/shea butter, citric acid, butylphenyl methylpropional, citrus medica limonum peel extract/lemon peel extract, hexylcinnamal, glycerin, parfum/fragrance. (FIL C41846/1). || 12 mois après ouverture. || 
19,30€ / L || 
3,86 € || 
Après shampooing, Booster de couleur || Le flacon de 250ml || Origine : ROYAUME UNI || Après-shampooing Blondes Have More Fun, grâce à sa formule enrichie en Camomille et Citron, vos cheveux seront éclatants, hydratés sans être alourdis et votre couleur protégée. Epatant ! || Appliquer sur cheveux lavés avec le Shampooing des racines aux pointes. Vous pouvez utiliser un peigne pour répartir la crème. Laisser reposer une minute et rincer. Eviter le contact avec les yeux, si cela se produit, rincer abondamment à l'eau. || Aqua (water), cetearyl alcohol, glycerin, behentrimonium chloride, chamomilla recutita (matricaria) flower/leaf extract, silk amino acids, lauryl alcohol, dicaprylyl ether, glyceryl stearate, peg-100 stearate, parfum (fragrance), citral, limonene, linalool, polyquaternium-37, amodimethicone, trideceth-12, isopropyl alcohol, propylene glycol, citric acid, magnesium nitrate, magnesium chloride, cetrimonium chloride, imidazolidinyl urea, benzyl alcohol, benzoic acid, methylchloroisothiazolinone, methylisothiazolinone, methylparaben. || 12 mois après ouverture. || 
20,57€ / L || 
6,17 € || 
Après-Shampoing, Aussome volume || Le flacon de 250ml || Origine : FRANCE || Notre formule légère Aussie, à l'extrait de houblon d'Australie, donne corps et volume aux cheveux fins. Le houblon d'Australie est une découverte géniale. Il paraît que la protéine qu'il contient recouvre les cheveux pour les aider à gagner en volume. || Pour cheveux fins et mous. Répartir l'après-shampoing sur cheveux propres et humides. Rincer à l'eau tiède. Pour des résultats encore plus incroyables, utiliser en complément du Shampoing Aussie Aussome Volume. || Aqua, cetyl alcohol, stearamidopropyl dimethylamine, stearyl alcohol, quaternium-18, parfum, benzyl alcohol, cetearyl alcohol, oleyl alcohol, hydroxyethylcellulose, glyceryl stearate, peg-2m, citric acid, edta, propylene glycol, bis-aminopropyl dimethicone, polysorbate 60, benzyl salicylate, eugenol, hexyl cinnamal, linalool, citronellol, amyl cinnamal, geraniol, magnesium nitrate, silica, aloe barbadensis leaf juice, humulus lupulus extract, phenoxyethanol, methylparaben, methylchloroisothiazolinone, magnesium chloride, bht, butylparaben, methylisothiazolinone, propylparaben, ethylparaben, ascorbic acid, sodium sulfite, sodium benzoate, sodium sulfite, potassium sorbate. || 12 mois après ouverture. || 
28,80€ / L || 
7,20 € || 
Après-shampoing, Color mate || Le flacon de 250ml || Origine : FRANCE || Notre formule spéciale, à l'extrait de pêche sauvage d'Australie, hydrate les cheveux en douceur et les rend rayonnants de brillance et de vitalité. || Pour cheveux colorés. Répartir l'après-shampoing sur cheveux propres et humides. Rincer à l'eau tiède. Et pour un résultat optimal, utiliser avec le shampoing Aussie Colour Mate. || Aqua, cetyl alcohol, stearamidopropyl dimethylamine, stearyl alcohol, quaternium-18, benzyl alcohol, cetearyl alcohol, parfum, oleyl alcohol, hydroxyethylcellulose, glyceryl stearate, peg-2 m, citric acid, edta, bis-aminopropyl dimethicone, polysorbate 60, butylene glycol, limonene, linalool, magnesium nitrate, santalum acuminatum fruit extract, silica, aloe barbadensis leaf juice, alcohol denat, methylchloroisothiazolinone, magnesium chloride, methylisothiazolinone, magnesium chloride, bht, methylisothiazolinone, ascorbic acid, sodium benzoate, sodium sulfite, potassium sorbate. || 12 mois après ouverture. || 
28,80€ / L || 
7,20 € || 
Après-Shampoing, Frizz miracle || Le flacon de 250ml || Origine : FRANCE || C'est pas génial quand tout roule comme on veut dans la vie ? Et pourquoi on n'y arriverait pas avec les cheveux ? Notre formule à l'extrait de feuilles d'eucalyptus bleu d'Australie, aide à lisser les cheveux rebelles et à contrôler les frisottis. || Pour cheveux frisés et petits cheveux rebelles. Démarrer par le shampoing Aussie Frizz Miracle et ensuite appliquer un splotch d'après-shampoing Frizz Miracle. Rincer à l'eau tiède. || Aqua, cetyl alcohol, stearamidopropyl dimethylamine, stearyl alcohol, quaternium-18, parfum, benzyl alcohol, cetearyl alcohol, hydroxypropyl guar, bis-aminopropyl dimethicone, oleyl alcohol, glyceryl stearate, citric acid, polysorbate 60, edta, propylene glycol, limonene, linalool, magnesium nitrate, aloe barbadensis leaf juice, eucalyptus dunnii leaves extract, eucalyptus acmenioides leaves extract, DMDM hydantoin, methylchloroisothiazolinone, magnesium chloride, Cl 42090, methylisothiazolinone, Cl 19140, Cl 17200, ascorbic acid, sodium benzoate, sodium sulfite, potassium sorbate. || 12 mois après ouverture. || 
28,80€ / L || 
7,20 € || 
Après-Shampoing, Luscious long || Le flacon de 250ml || Origine : FRANCE || Notre formule Aussie, avec un mélange Blue Mountain d'Australie, transforme vos cheveux longs en un sublime rideau oscillant et soyeux. || Pour cheveux assez longs. Pour des résultats spectaculaires, nous suggérons de commencer avec le shampoing Aussie Luscious Long. Passer ensuite rapidement à ce formidable après-shampoing et rincer à l'eau tiède. || Aqua, stearyl alcohol, cetyl alcohol, stearamidopropyl dimethylamine, parfum, benzyl alcohol, dicetyldimonium chloride, glutamic acid, propylene glycol, disodium edta, bis-aminopropyl dimethicone, citric acid, limonene, linalool, magnesium nitrate, aloe barbadensis leaf juice, eucalyptus dunnii leaves extract, eucalyptus acmenioides leaves extract, Cl 61570, dmdm hydantoin, methylchloroisothiazolinone, magnesium chloride, methylisothiazolinone, ascorbic acid, sodium benzoate, sodium sulfite, potassium sorbate. || 12 mois après ouverture. || 
28,80€ / L || 
7,20 € || 
Après-Shampoing, Miracle shine || Le flacon de 250ml || Origine : FRANCE || Notre formule spéciale, aux extraits de ginseng d'Australie et à la poudre de perle, apporte un effet glossy à chacune de vos mèches. Le ginseng est connu depuis des siècles pour stimuler l'énergie (Chut : c'est un ancien secret indigène). || Pour cheveux ternes, fatigués. Après le shampoing Miracle Shine, répartir sur les cheveux. Rincer et se faire une belle coiffure lumineuse. || Aqua, cetyl alcohol, stearamidopropyl dimethylamine, stearyl alcohol, quaternium-18, parfum, benzyl alcohol, cetearyl alcohol, hydroxypropyl guar, bis-aminopropyl dimethicone, oleyl alcohol, glyceryl stearate, citric acid, polysorbate 60, edta, linalool, benzyl salicylate, butylene glycol, hexyl cinnamal, magnesium nitrate, panax ginseng root extract, margarita powder, alcohol denat, methylchloroisothiazolinone, magnesium chloride, methylisothiazolinone. || 12 mois après ouverture. || 
28,80€ / L || 
7,20 € || 
Intense Care, après-shampooing cheveux abîmés ou secs || Le flacon de 200ml || Origine : FRANCE || Sa formule est enrichie au sérum réparateur expert qui contient des millions de micro particules pour aider à réparer les cheveux abîmés en se déposant sur les zones les plus fragilisées.Ainsi, elle prévient l'apparition des pointes fourchues, sans alourdir les cheveux. || Aqua, cetearyl alcohol, dimethicone, stearamidopropyl dimethylamine, behentrimonium chloride, parfum, dipropylene glycol, lactic acid, tréhalose, gluconolactone, adipic acid, sodium sulfate, glycerin, dmdm hydantoin, amodimethicone, sodium chloride,peg-150 distearate, disodium edta, peg-7 propylheptyl ether, cetrimonium chloride, phenoxyethanol, benzyl salicylate, butylphenyl methylpropional, citronellol, hexyl cinnamal, hydroxycitronellal, linalool, Cl15985, Cl19140. || 12 mois après ouverture. || 
17,95€ / L || 
3,59 € || 
Shampooing cheveux abîmés ou secs || Le flacon de 250ml || Origine : FRANCE || 
12,36€ / L || 
3,09 € || 
Après-shampooing soin Expert Couleur, pour cheveux colorés || Le flacon de 750ml || Origine : FRANCE || Sa formule enrichie en anti-oxydant protecteur, a été conçue pour protéger vos cheveux et sublimer l'éclat de votre couleur.Laissez-vous prendre en charge par un professionnel pour une couleur éclatante, pour longtemps. || L'après-shampooing soin Expert Couleur a été conçu pour être associé au shampooing à chaque utilisation. Appliquez sur les longueurs et massez en insistant sur les pointes. Rincez abondamment pour un démêlage et un soyeux instantanés. En cas de contact avec les yeux, les rincer immédiatement. || Aqua/water, cetearyl alcohol, elaeis guineensis oil/palm oil, glycerin, amodimethicone, trideceth-6, euterpe oleracea pulp powder, methylparaben, limonene, chlorhexidine dihydrochloride, cetrimonium chloride, hexyl cinnamal, parfum/fragrance. (F.I.L.C36459/1). || 12 mois après ouverture. || 
9,73€ / L || 
7,30 € || 
Après-Shampooing soin professionnel || Le flacon de 750ml || Origine : FRANCE || Formule sans silicone, enrichie en beurre de karité et en huile de coco, conçue pour nourrir intensément vos cheveux et leur garantir plus de souplesse, de détente et de discipline. || Pour cheveux épais, très secs ou frisés. Appliquez sur les longueurs et massez en insistant sur les pointes. Rincez abondamment pour un démêlage et un soyeux instantanés. En cas de contact avec les yeux, les rincer immédiatement. || Aqua/water, cetearyl alcohol, elaeis guineensis oil/palm oil, behentrimonium chloride, glycerin, Cl 19140/yellow 5, Cl 14700/red 4, stearamidopropyl dimethylamine, chlorhexidine dihydrochloride, cocos nucifera oil/coconut oil, isopropyl alcohol, citric acid, hexyl cinnamal, butyrospermum parkii butter/shea butter, benzyl alcohol, benzyl salicylate, parfum/fragrance (FIL C50583/1). Sans silicone. || 12 mois après ouverture. || 
9,88€ / L || 
7,41 € || 
Après-shampooing soin professionnel, nutrition intense, cheveux secs, rêches || Le flacon de 750ml || Origine : FRANCE || Sa formule enrichie en beurre de karité, a été conçue pour apporter une nutrition intense à vos cheveux.Laissez-vous prendre en charge par un professionnel pour une chevelure souple et soyeuse. || L'après-shampooing soin Expert Nutrition a été conçu pour être associé au shampooing à chaque utilisation. Appliquez sur les longueurs et massez en insistant sur les pointes. Rincez abondamment pour un démêlage et un soyeux instantanés. En cas de contact avec les yeux, les rincer immédiatement. || Aqua/water, cetearyl alcohol, elaeis guineensis oil/palm oil, glycerin, amodimethicone, trideceth-6, methylparaben, coumarin, chlorhexidine dihydrochloride, limonene, cetrimonium chloride, butyrospermum parkii butter/shea butter, parfum/fragrance. (F.I.L. C39813/1). || 12 mois après ouverture. || 
9,73€ / L || 
7,30 € || 
Après-shampooing soin professionnel, restaure et renforce, cheveux abîmés, cassants || Le flacon de 750ml || Origine : FRANCE || Ma passion, mon métier: sublimer vos cheveux. C'est pourquoi aujourd'hui, je mets tout mon savoir-faire au service de votre beauté. Je vous accompagne avec ma 1ère gamme de shampooings et après-shampooings soins au format professionnel, testée dans mon centre technique, pour retrouver la qualitésalon chez vous. J'utilise Expert Réparation pour les femmes aux cheveux abimés ou cassants. Sa formule enrichie en céramide reconstituant, a été conçue pour fortifier et réparer les cheveux. Laissez-vousprendre en chargepar un professionnel pour une chevelure plus résistance jour après jour. || L'après-shampooing soin, Expert Réparation a été conçu pour être associé au shampooing à chaque utilisation. Appliquez sur les longueurs et massez en insistant sur les pointes. Rincez abondamment pour un démêlage et un soyeux instantanés. En cas de contact avec les yeux, les rincer immédiatement. || Aqua/ water, cetearyl alcohol, elaeis guineensis oil/ palm oil, behentrimonium chloride, stearamidopropyl dimethylamine, glycerin, methylparaben, 2-oleamido-1, 3-octadecanediol, chlorhexidine dihydrochloride, citric acid, castanea sativa/ chestnut seed extract, hexyl cinnamal, butylphenyl methylpropional, parfum/ fragrance. (F.I.L. C36504/1). || A utiliser dans les 12 mois après ouverture. || 
9,73€ / L || 
7,30 € || 
Soin démêlant, Volume matière || Le flacon de 500ml || Origine : UNION EUROPEENNE || Prépare les cheveux fins à un style volumineux. Leur apporte du soin sans les alourdir et les démêle pour un toucher naturellement doux. || Appliquez le soin démêlant sur cheveux mouillés. Rincez bien. || 12 mois après ouverture. || 
28,42€ / L || 
14,21 € || 
Soin démêlant, volume matière pour cheveux colorés || Le tube de 250ml || Origine : COMMUNAUT EUROPEENNE || Métamorphose les cheveux fins et plats pour un volume naturel de qualité salon. Formulé avec une cire volumisante légère. Ce soin démêle tout en donnant de la fermeté flexible aux mèches de cheveux, aidant à maintenir la texture et le volume et le volume des cheveux tout juste colorés. Résultat : un volume boosté et des cheveux plus faciles à coiffer, avec un volume et un toucher naturels. Protège les cheveux colorés contre l'affadissement de la couleur. || Commencez par le shampooing Volume Matière pour cheveux colorés Luxurious Volume. Démêlez vos cheveux en appliquant le soin démêlant sur cheveux mouillés. Rincez bien. Utilisez les produits coiffants Luxurious Volume pour continuer à créer votre lookplein de volume. || Aqua, cetearyl alcohol, behenamidopropyl dimethylamine, cetyl esters, dimethicone, parfum, stearyl alcohol, lactic acid, bis-cetearyl amodimethicone, propylene glycol, diazolidinyl urea, C24-28 alkyl dimethicone, glycine, stearalkonium chloride, glycerin, maris sal, malic acid, stearoxypropyl dimethylamine, C14-28 isoalkyl acid, alcohol denat, amp-isostearyoyl hydrolyzed wheat protein, C14-28 alkyl acid, iodopropynyl butylcarbamate, linalool, butylphenyl methylpropional. || 12 mois après ouverture. || 
34,60€ / Pce || 
8,65 € || 
Soin démêlant gloss-brillance, cheveux châtains et bruns || Le tube de 250ml || Origine : FRANCE || Formule illuminatrice avec complexe infusion de brillance et des agents nourrissants. Réhydrate tout en apportant aux cheveux un bain de brillance pour un effet gloss longue durée. Sans dépôt de colorants. || Pour tous les châtains et bruns. Après le shampooing, appliquez le soin démêlant sur cheveux mouillés. Rincez bien. || Aqua, glycerin, cetearyl alcohol, dimethicone, behentrimonium chloride, parfum, dimethiconol, PEG-14M, amodimethicone, mica, titanium dioxide, trideceth-12, glycine, malic acid, olea europaea fruit oil, cetrimonium chloride, hydrolyzed silk, methylchloroisothiazolinone, tin oxide, methylisothiazolinone, butylphenyl methylpropional, hydroxyisohexyl 3-cyclohexene carboxaldehyde, coumarin. || 12 mois après ouverture. || 
34,60€ / L || 
8,65 € || 
Soin démêlant lisse idéal à la kératine, lutte contre les frisottis et l'humidité || Le tube de 250ml || Origine : FRANCE || Lutte contre les frisottis et l'humidité pour un style lisse impeccable. Il lisse et adoucit la fibre, et aligne les cheveux frisottants pour un résultat lissage instantanément plus facile qui dure jusqu'à 24 heures. || Après le shampooing, répartissez le soin démêlant sur cheveux mouillés. Rincez bien. Peut être utilisé sur cheveux colorés. || Aqua, cetearyl alcohol, glycerin, behentrimonium chloride, cetyl esters, dimethicone, parfum, benzyl alcohol, peg-14m, dimethiconol, sodium citrate, glycine, polyquaternium-7,  simmondsia chinensis seed oil, malic acid, tocopheryl acetate, hydrolyzedkeratin, methylchloroisothiazolinone, methylisothiazolinone, linalool, hexyl cinnamal, butylphenyl methylpropional, limonene. || 12 mois après ouverture. || 
34,60€ / L || 
8,65 € || 
Soin démêlant nutrition, illumine les reflets de tous les blonds clairs || Le tube de 250ml || Origine : FRANCE || Formule hydratante à l'huile de jojoba, au tournesol et au thé blanc, assouplit les cheveux et répare les parties poreuses pour restaurer une texture saine. Illumine tous les reflets blonds. Sans dépôt de colorants. || Après le shampooing, appliquez le soin démêlant sur cheveux mouillés. Rincez bien. || Valeur énergétique en Joules :  0 || Valeur énergétique en Kcal : 0 || Glucides : 0 || Lipides : 0 || Protides :0 || Aqua, cetearyl alcohol, behentrimonium chloride, dimethicone, cetyl esters, phenyl trimethicone, isopropyl palmitate, stearyl alcohol, parfum, propylene glycol, quaternium-91, diazolidinyl urea, cetrimonium methosulfate, stearoxy propyl dimethylamine, C14-28 iso alkyl acid, glycine, simmondsia chinensis seed oil, malic acid, helianthus annuus seed oil, C14-28 alkyl acid, iodopropynyl butylcarbamate, camellia sinensis leaf extract, limonene, butylphenyl methylpropional, linalool, hexyl cinnamal. || 12 mois après ouverture. || 
34,60€ / L || 
8,65 € || 
Soin démêlant nutrition Blonde Sheer || Le flacon de 500ml || Origine : UNION EUROPEENNE || Formule hydratante à l'huile de jojoba, au tournesol et au thé blanc, assouplit les cheveux et répare les parties poreuses pour restaurer une texture saine. Illumine tous les reflets blonds. || Après le shampooing, appliquez le soin démêlant sur cheveux mouillés. Rincez bien. || 12 mois après ouverture. || 
28,42€ / L || 
14,21 € || 
Soin démêlant nutrition protection couleur pour châtains et bruns || Le flacon de 500ml || Origine : UNION EUROPEENNE || Formule hydratante aux éclats de perle et à l'huile d'amande douce, réhydrate et protège la couleur et les reflets multi-tons des brunettes, régénérant les cheveux secs pour un toucher soyeux. || Appliquez le soin démêlant sur cheveux mouillés. Rincez bien. || 12 mois après ouverture. || 
28,42€ / L || 
14,21 € || 
Soin démêlant nutrition protection couleur                       Pour tous les châtains et bruns || Le tube de 250ml || Origine : FRANCE || Réhydrate tout en révélant les riches reflets multi-tons des brunettes et apporte de la brillance. Recharge les cheveux secs pour un toucher soyeux. Sans dépôt de colorants. || Après le shampooing Nutrition Brilliante Brunette Révélateur de Nuances, appliquez le soin démêlant sur cheveux mouillés. Rincez bien. || Aqua, cetearyl alcohol, dimethicone, behentrimonium chloride, cetyl esters, parfum, stearyl alcohol, caramel, quaternium-91, propylene glycol, cetrimonium methosulfate, diazolidinyl urea, glycine, prunus amygdalus dulcis oil, malic acid, theobroma cacao seed butter, pearl powder, lecithin, iodopropynyl butylcarbamate, tocopheryl acetate, alcohol, magnesium ascorbyl phosphate, retinyl palmitate, butylphenyl methylpropional, hydroxyisohexyl 3-cyclohexene carboxaldehyde, coumarin. || 12 mois après ouverture. || 
32,92€ / L || 
8,23 € || 
Soin démêlant réparateur, Structure et volume || Le tube de 250ml || Origine : ROYAUME UNI || Restaure l'aspect et le toucher des cheveux abîmés sans les alourdir, leur redonnant de la force pour des styles avec volume et mouvement. Protège les mèches fragiles. || Appliquez le soin démêlant sur cheveux mouillés, faites mousser et rincez bien. || Aqua, glycerin, cetearyl alcohol, dimethicone, behenamidopropyl dimethylamine, trisiloxane, cetyl esters, stearyl alcohol, lactic acid, parfum, propylene glycol, quaternium-91, diazolidinyl urea, cetrimonium methosulfate, glycine, plukenetia volubilis seed oil, malic acid, stearoxypropyl dimethylamine, C14-28 isoalkyl acid, iodopropynyl butylcarbamate, C14-28 alkyl acid, tocopherol, hexyl cinnamal, limonene. || 12 mois après ouverture. || 
34,60€ / L || 
8,65 € || 
Soin démêlent volume matière pour cheveux fins || Le tube de 250ml || Origine : FRANCE || Prépare les cheveux fins à un style volumineux. Leur apporte du soin sans les alourdir et les démêle pour un toucher naturellement doux. || Appliquez le soin démêlant sur cheveux mouillés. Rincez bien. Pour usage externe uniquement. Eviter tout contact avec les yeux. Si cela se produit, rincer immédiatement et abondamment avec de l'eau. || Aqua, cetearyl alcohol, behenamidopropyl dimethylamine, parfum, lactic acid, isopropyl palmitate, silicone quaternium-22, propylene glycol, c24-28 alkyl dimethicone, diazolidinyl urea, ppg-3 myristyl ether, glycine, stearalkonium chloride, glycerin,maris sal, malic acid, alcohol denat, amp-isostearoyl hydrolyzed wheat protein, iodopropynyl butylcarbamate, linalool, butylphenyl methylpropional. || 12 mois après ouverture. || 
34,60€ / L || 
8,65 € || 
Après shampoing AgeDefy || Le tube de 200ml || Origine : FRANCE || Des cheveux qui paraissent jusqu'à 10 ans plus jeunes*                    * épaissit temporairement les mèches de cheveux existantes en les protégeant || 
41,15€ / L || 
8,23 € || 
Soin après-shampooing, Lisse & Soyeux || Le flacon de 200ml || Origine : FRANCE || Notre collection lisse et soyeux est enrichie en agents de soin pour lisser chacune de vos mèches et les protéger de l'humidité. || Appliquer sur la longueur de vos cheveux jusqu'aux racines. Rincer abondamment. || Aqua, stearyl alcohol, bis-aminopropyl dimethicone, behentrimonium methosulfate, cetyl alcohol, isopropyl alcohol, benzyl alcohol, parfum, disodium edta, panthenol, panthenyl ethyl ether, linalool, hexyl cinnamal, magnesium nitrate, citric acid, methylchloroisothiazolinone, magnesium chloride, methylisothiazolinone. || 12 mois après ouverture. || 
19,50€ / L || 
3,90 € || 
Soin après-shampooing, Réparateur & Protecteur || Le flacon de 200ml || Origine : FRANCE || Notre collection réparateur & protecteur, enrichie en agents nourrissants, aide à retenir l'hydratation, laissant vos cheveux brillants et éclatants de santé || Appliquer sur la longueur de vos cheveux jusqu'aux racines. Rincer abondamment. || Aqua, stearyl alcohol, bis-aminopropyl dimethicone, behentrimonium methosulfate, cetyl alcohol, isopropyl alcohol, benzyl alcohol, parfum, disodium edta, panthenol, panthenyl ethyl ether, linalool, hexyl cinnamal, magnesium nitrate, citric acid, methylchloroisothiazolinone, magnesium chloride, methylisothiazolinone. || 12 mois après ouverture. || 
21,35€ / L || 
4,27 € || 
Soin après-shampooing, Volume & Soin || Le flacon de 200ml || Origine : FRANCE || Notre collection volume et soin, enrichie en agent stimulants, fortifie vos cheveux fins et les laisse éclatants de volume et de santé. || Appliquer sur la longueur de vos cheveux jusqu'aux racines. Rincer abondamment. || Aqua, cetyl alcohol, stearamidopropyl dimethylamine, stearyl alcohol, quaternium-18, bis-aminopropyl dimethicone, benzyl alcohol, cetearyl alcohol, parfum, hydroxypropyl guar, oleyl alcohol, glyceryl stearate, citric acid, polysorbate 60, edta, panthenol, panthenyl ethyl ether, butylphenyl methylpropional, linalool, hexyl cinnamal, limonene, magnesium nitrate, methylchloroisothiazolinone, magnesium chloride, methylisothiazolinone. || 12 mois après ouverture. || 
18,20€ / L || 
3,64 € || 
Soin après-shampooing conditioner, Cheveux fins || Le flacon de 200ml || Origine : FRANCE || Aide à nourrir les cheveux fins en toute légèreté. || Appliquez des racines jusqu'aux pointes. Rincez abondamment. || 12 mois après ouverture. || 
20,05€ / L || 
4,01 € || 
Après-shampooing, Utimate color, Cheveux colorés, Méchés || Le flacon de 200ml || Origine : ALLEMAGNE || Sa formule enrichie en sérum réparateur protège durablement la couleur. Résultats : démêlage parfait & réparation ciblée. Protection longue durée de la couleur. Chevelure éclatante et lumineuse. || Appliquez après chaque shampooing. Laissez agir 1 minute puis démêlez au peigne. Rincez abondamment. || Aqua, cetearyl alcohol, quaternium-87, stearamidopropyl dimethylamine, dimethicone, distearoylethyl hydroxyethylmonium methosulfate, isopropyl myristate, benzophenone-4, prunus armeniaca kernel oil, panthenol, cocodimonium hydroxypropyl hydrolyzed keratin, hydrolyzed keratin, glycerin, citric acid, propylene glycol, phenoxyethanol, methylparaben, dimethiconol, parfum, polyquaternium-67, linalool, limonene, benzyl salicylate, hexyl cinnamal, cyclomethicone, benzyl alcohol. || 12 mois après ouverture. || 
20,55€ / L || 
4,11 € || 
Après-Shampooing, Cheveux normaux regraissant vite || Le flacon de 300ml || Origine : FRANCE || L'après-shampooing Timotei Pure est formulé avec de l'extrait de thé vert bio 100% d'origine naturelle, connu pour ses vertus dynamisante. Sa formule apporte un parfum frais, démêle et laisse vos cheveux tonifiés, légers et brillants. || Appliquer sur les longueurs après le shampooing, démêler puis rincer. || 12 mois après ouverture. || 
10,27€ / L || 
3,08 € || 
Après-Shampooing, Huiles précieuses, Cheveux normaux à secs || Le flacon de 300ml || Origine : FRANCE || Sa formule unique aux huiles d'argan bio, d'amande et à l'extrait de jasmin sublime vos cheveux sans les alourdir. Ils se transforment en une matière brillante, soyeuse, sublime. || Appliquez sur les longueurs et pointes après le shampooing, démêlez puis rincez. || Aqua, cetearyl alcohol, dimethicone, stearamidopropyl dimethylamine, jasminum officinale flower extract, argania spinosa kernel oil, prunus amygdalus dulcis oil, cocos nucifera oil, behentrimonium chloride, glycerin, parfum, sodium chloride, dipropylene glycol, disodium edta, peg-7 propylheptyl ether, peg-150 distearate, lactic acid, dmdm hydantoin, phenoxyethanol, butylphenyl methylpropional, linalool. || 12 mois après ouverture. || 
10,13€ / L || 
3,04 € || 
Soin démélant pour cheveux abimées || Le flacon de 250ml || Origine : FRANCE || Nourrit et revitalise les cheveux en manque de réparation. || Après le shampooing, massez délicatement sur cheveux humides et démêlez à l'aide d'un peigne. Laissez poser quelques instants puis rincez abondamment. A utiliser exclusivement selon les instructions. Eviter le contact avec les yeux. Si cela se produit rincer immédiatement abondamment avec de l'eau. Si une irritation survient, arrêter l'utilisation du produit immédiatement. || Aqua, cetearyl alcohol, dimethicone, stearamidopropyl dimethylamine, lactic acid, behentrimonium chloride, glycerin, parfum, dipropylene glycol, amodimethicone, petrolatum, paraffinum liquidum (mineral oil), trehalose, gluconolactone, sodium chloride, adipic acid, sodium sulfate, disodium edta, peg-7 propylheptyl ether, cetrimonium chloride, peg-180m, silica, dmdm hydantoin, phenoxyethanol, methylchloroisothiazolinone, methylisothiazolinone, magnesium nitrate, magnesium chloride, citronellol, geraniol, limonene, linalool, CI 17200 (red 33), CI 19140 (yellow 5). || 12 mois après ouverture. || 
30,84€ / L || 
7,71 € || 
Crème de soin nourrissante au beurre de karité, pour cheveux très secs ou frisés || Le pot de 300ml || Origine : FRANCE || Appliquez sur cheveux secs ou humides puis coiffez-vous. Ne pas rincer. Usage fréquent. Evitez le contact avec les yeux. En cas de contact avec les yeux, rincez immédiatement avec de l'eau. Ne convient pas aux enfants de moins de 7 ans. || Aqua, cetyl alcohol, glycerin, butyrospermum parkii butter, cetrimonium chloride, parfum, glyceryl stearate se, vp/dmapa acrylates copolymer, hydroxyethylcellulose, propylene glycol, panthenol, potassium sorbate, phenyl trimethicone, laureth-4, silicone quaternium-15, methylisothiazolinone, benzalkonium chloride, tocopherol, limonene, benzyl salicylate, coumarin, butylphenyl, methylpropional, alpha-isomethyl ionone, geraniol, eugenol. || 12 mois après ouverture. || 
12,87€ / L || 
3,86 € || 
Huile sublimante, cheveux secs et abîmés, à l'huile de jojoba & àl'huile d'argan || Le spray de 75ml || Origine : FRANCE || Les vertus nourrissantes & protectrices de l'huile de jojoba & de noix de coco, associées aux propriétés réparatrices de l'argan redonnent force et brillance à vos cheveux et aux pointes sèches.L'huile sublimante Monoprix Bio ! certifiée par Ecocerta été formulée pour redonner douceur et éclat  aux cheveux secs et abîmés. || Appliquer quelques noisettes sur les pointes et faire pénétrer du bout des doigts. Puis brosser pour plus de brillance. Si les cheveux sont particulièrement abîmés, appliquer sur les pointes et laisser agir 20 minutes voire une nuit et procéder au shampooing. || Caprylic/capric triglyceride, helianthus annuus seed oil, parfum, argania spinosa kernel oil*, cocos nucifera oil*, simmondsia chinensis oil*, limonene, linalool, tocopherol, benzyl salicylate, Cl 75120, ascorbyl palmitate. *ingrédients issus de l'agriculture biologique. || 12 mois après ouverture. || 
73,47€ / L || 
5,51 € || 
Huile sublimante, cheveux secs et abîmés, à l'huile de jojoba & àl'huile d'argan || Le spray de 75ml || Origine : FRANCE || Les vertus nourrissantes & protectrices de l'huile de jojoba & de noix de coco, associées aux propriétés réparatrices de l'argan redonnent force et brillance à vos cheveux et aux pointes sèches.L'huile sublimante Monoprix Bio ! certifiée par Ecocerta été formulée pour redonner douceur et éclat  aux cheveux secs et abîmés. || Appliquer quelques noisettes sur les pointes et faire pénétrer du bout des doigts. Puis brosser pour plus de brillance. Si les cheveux sont particulièrement abîmés, appliquer sur les pointes et laisser agir 20 minutes voire une nuit et procéder au shampooing. || Caprylic/capric triglyceride, helianthus annuus seed oil, parfum, argania spinosa kernel oil*, cocos nucifera oil*, simmondsia chinensis oil*, limonene, linalool, tocopherol, benzyl salicylate, Cl 75120, ascorbyl palmitate. *ingrédients issus de l'agriculture biologique. || 12 mois après ouverture. || 
73,47€ / L || 
5,51 € || 
Masque nourrissant cheveux secs et abîmes                        Au beure de mangue et à l'huile de riz || Le pot de 300ml || Origine : BELGIQUE || Sa formule onctueuse et légère fond instantanément dans vos cheveux et les nourrit de la racine jusqu'aux pointes. Vos cheveux retrouvent toute leur vitalité, leur brillance et leur douceur. || Utilisez sur cheveux bien rincés et essorés. Appliquez sur toute la chevelure jusqu'aux pointes. Laissez poser 3 minutes, puis rincez soigneusement. En cas de contact avec les yeux, rincer immédiatement et abondamment à l'eau claire. || Aqua, cetearyl alcohol, dipalmitoylethyl hydroxyethylmonium methosulfate, glycerin, cetrimonium chloride, glyceryl stearate, quaternium-91, propylene glycol, parfum, methoxy peg/ppg-7/3 aminopropyl dimethicone, dimethicone propyl pg-betaine, behentrimonium methosulfate, cetyl alcohol, cetrimonium methosulfate, sodium benzoate, citric acid, potassium sorbate, oryza sativa bran oil, mangifera indica seed butter, hydrolyzed wheat protein, sodium chloride, hydrolyzed wheat starch, sodium hydroxide,CI19140, CI16255. || 12 mois après ouverture. || 
14,03€ / L || 
4,21 € || 
Aqua sérum Liss-Caresse || Le flacon pompe de 150ml || Origine : ALLEMAGNE || Sa formule à la micro kératine pénètre instantanément pour lisser avec une précision parfaite chaque fibre une à une. Le toucher est d'une extrême douceur, d'un soyeux incomparable. Ultra légère, sans silicone, sa formule élimine les frisottis et lesondulations non maitrisées sans alourdir et prévient leur réapparition pendant 24h. || Appliquer sur cheveux secs ou humides. Prélever quelques gouttes en dosant selon la longueur des cheveux. Répartir sur l'ensemble de la chevelure en insistant sur les pointes. Ne se rince pas. En cas de contact avec les yeux, les rincer immédiatement. || Aqua/water, glycerin, peg-40 hydrogenated castor oil, hydroxyethylcellulose, CI14700/red4, CI19140/yellow5, hydroxyethyl oleyl dimonium chloride, hydroxypropyltrimonium hydrolyzed wheat protein, hydroxycitronellal, phenoxyethanol, arginine, ethylhexylglycerin, behentrimonium chloride, polyquaternium-6, xylose, limonene, linalool, benzyl salicylate, benzyl alcohol, serine, cetrimonium chloride, citronellol, glutamic acid, hexyl cinnamal, parfum/fragrance. (FIL C51985/1). || 12 mois après ouverture. || 
72,00€ / L || 
10,80 € || 
Booster d'épaisseur ultra-concentré, cheveux en manque d'épaisseur || Le tube de 30ml || Origine : FRANCE || Le Filloxane pénètre dans le cheveux et se diffuse à l'intérieur de la fibre. Application après application, la matière créée reste dans la fibre. L'effet d'épaississement est optimal. Résultats prouvés : épaississement optimal et progressif de la fibre pour une chevelure plus luxuriante. || Sur cheveux lavés et rincés : verser une noix de Booster dans le creux de la main. Appliquer sur l'ensemble de la chevelure. Sans rincer, appliquer par-dessus le démêlant Fibralogy. Rincer abondamment. Formule ultra concentrée : à utiliser en cure intensive 2 fois par semaine. En utilisation plus régulière, 1 fois par semaine. || 12 mois après ouverture. || 
271,00€ / L || 
8,13 € || 
Brume Lissante Protection Thermique EverLiss || Le flacon de 200ml || Origine : ALLEMAGNE || Pour préserver vos cheveux frisottants des appareils chauffants qui peuvent les assécher et les abîmer, la Brume Lissante diffuse un actif bouclier pour protéger la fibre de la chaleur.Pleinement protégés, vos cheveux restent éclatant de beauté, lissage après lissage. || Avant l'utilisation d'un appareil chauffant, vaporiser sur l'ensemble de la chevelure. Ne pas rincer. || Aqua, dimethicone, stearyl alcohol, phenoxyethanol, peg-40 hydrogenated castor oil, behentrimonium chloride, trideceth-6, salicylic acid, xylose, limonene, linalool, benzyl salicylate, benzyl alcohol, amodimethicone, isopropyl alcohol, cetrimonium chloride, citronellol, butylphenyl methylpropional, laureth-4, laureth-23, hexyl cinnamal, parfum/fragrance (FIL C50039/1). || 12 mois après ouverture. || 
55,55€ / L || 
11,11 € || 
Démêlant-crème nutrition, Cheveux secs || Le flacon de 200ml || Origine : FRANCE || Une formule soin, au parfum enivrant, enrichie en 6 micro huiles de fleurs rares. Les cheveux secs retrouvent une matière sublime douce, brillante et fluide. Chaque fibre est gorgée d'une nutrition intense, de la racine à la pointe. || Après le shampooing, appliquer sur l'ensemble de la chevelure en insistant sur les longueurs et les pointes. Laisser agir 2 à 3 min puis rincer. En cas de contact avec les yeux, les rincer immédiatement. || Aqua/water, cetyl alcohol, glycerin, amodimethicone, CI77891/titanium dioxide, CI77491/iron oxides, ci15985/yellow 6, CI19140/yellow 5, chamomilla recutita extract/matricaria flower extract, mica, cocos nucifera oil/coconut oil, hydroxyethylcellulose, stearyl alcohol, behentrimonium chloride, trideceth-6, chlorhexidine digluconate, helianthus annuus seed oil/sunflower seed oil, nellumbum speciosum extract/nellumbo flower extract, linum usitatissimum flower extract, isopropyl alcohol, dipalmitoylethyl hydroxyethylmonium methosulfate, caprylic/capric triglyceride, myristyl alcohol, caramel, gardenia tahitensis flower extract, rosa canina flower extract, bisabolol, cetyl esters, cetearyl alcohol, cetrimonium chloride, bht, citric acid, glycinesoja oil/soybean oil, parfum/fragrance (FIL C164547/2). || 12 mois après ouverture. || 
22,10€ / L || 
4,42 € || 
Double Sérum SOS Zones Abîmées Total Repair Extrême || Le sérum de 70ml || Origine : FRANCE || 
153,71€ / L || 
10,76 € || 
EverRich, Huile absolue, Cheveux desséchés, Sensibilisés || Le tube de 150ml || Origine : FRANCE || L'expérience unique du sans sulfates. Intégrité de la fibre. Résultats exceptionnels. Pour les cheveux les plus délicats. La chevelure est intensément nourrie, délicieusement fluide, et incroyablement brillante : toucher cachemire unique. || Utiliser à l'écart de toute flamme, source d'étincelles, d'ignition ou corps incandescent. Eviter de vaporiser sur une peau irritée ou vers les yeux , en cas de projection, rincer immédiatement et abondamment avec de l'eau. || 18 mois après ouverture. || 
109,53€ / L || 
16,43 € || 
Huile Extraordinaire Cheveux Colorés || Le flacon pompe de 100ml || Origine : FRANCE || Une texture magique, une alchimie unique de 6 huiles de fleurs rares enrichie en filtre UV, capable de métamorphoser la fibre pour sublimer la matière et la couleur en toute légèreté. || Déposer 3 à 4 pressions au creux de la main, appliquer sur l'ensemble de la chevelure. En avant-shampooing pour protéger les cheveux colorés du dessèchement, en pré-brushing sur cheveux humides pour transformer la matière en une texture riche et souple, en soin de finition sur cheveux secs pour sublimer la couleur et protéger des effets néfastes du soleil. En cas de contact avec les yeux, les rincer immédiatement. || Cyclopentasiloxane, alcohol denat, phenyl trimethicone, dimethiconol, c12-15 alkyl benzoate, chamomilla recutita extract/matricaria flower extract, cocos nucifera oil/coconut oil, ethylhexyl methoxycinnamate, nelumbium speciosum extract/nelumbium speciosum flower extract, benzyl alcohol, cinnamal, linalool, linum usitatissimum flower extract, caprylic/capric triglycéride, gardenia tahitensis flower extract, rosa canina flower extract, bisabolol, glycine soja oil/soybean oil, parfum (FIL C51164/2). || 18 mois après ouverture. || 
145,10€ / L || 
14,51 € || 
Huile Extraordinaire Cheveux Fins || Le flacon de 100ml || Origine : FRANCE || 
134,80€ / L || 
13,48 € || 
Huile Extraordinaire Universelle || Le flacon pompe de 100ml || Origine : FRANCE || Une texture magique, une alchimie unique de 6 huiles de fleurs rares, capable de métamorphoser la fibre pour sublimer la matière, en toute légèreté. || Déposer 3 à 4 pressions aux creux de la main, appliquer sur l'ensemble de la chevelure. En avant shampooing pour nourrir intensément sans surplus, en pré brushing sur cheveux humides pour transformer la matière en une texture irrésistiblement douce et soyeuse et protéger du dessèchement, en soin de finition sur cheveux secs pour sublimer la matière et apporter un fini satiné. En cas de contact avec les yeux, les rincer immédiatement. || Cyclopentasiloxane, dimethiconol, chamomilla recutita extract/matricaria flower extract, cocos nucifera oil/coconut oil, nelumbium speciosum, extract/nelumbium speciosum flower extract, benzyl alcohol, cinnamal, linalool, linum usitatissimum flower extract, caprylic/capric triglyceride, gardenia tahitensis flower extract, rosa canina flower extract, bisabolol, glycine soja oil/soybean oil, parfum (FIL C51015/2). || 18 mois après ouverture. || 
145,10€ / L || 
14,51 € || 
Huiles botaniques, Caméline & abricot || Le spray de 200ml || Origine : FRANCE || Transforme instantanément tous les cheveux secs, ternes et rêches en matière soyeuse et lumineuse grâce à sa formule brevetée activée aux huiles botaniques. Démêle efficacement et répare intensément sans alourdir grâce à ses huiles botaniques micro-diffusées. || Vaporiser sur cheveux essorés. Rincer sans temps de pause à l'eau tiède. Idéal pour les cheveux les plus fins et tous les cheveux difficiles à coiffer. En cas de contact avec les yeux, les rincer immédiatement. || Aqua/water, quaternium-87, stearyl alcohol, behentrimonium chloride, cetyl esters, trideceth-6, polysorbate 20, chlorhexidine digluconate, camelina sativa oil/ camelina sativa seed oil, candelilla cera/candelilla wax, linalool, propylene glycol, 2-oleamido-1,3-octadecanediol, potato starch modified, cetrimonium chloride, vitis vinifera seed oil/grape seed oil, prunus armeniaca kernel oil/apricot kernel oil, hexyl cinnamal, parfum (FIL C160120/2). || 12 mois après ouverture. || 
55,55€ / L || 
11,11 € || 
Huile Spray Sun Repair || Le flacon de 150ml || Origine : FRANCE || 
71,73€ / L || 
10,76 € || 
Masque Anti-Casse || Le pot de 300ml || Origine : FRANCE || Le masque réparateur profond Elsève ANTI-CASSE contient du Ciment-Céramide réplique du ciment naturel du cheveu.Comblés en profondeur*, réparés jus quaux pointes, vos cheveux sont renforcés, durablement protégés.          Leur matière redevient souple, soyeuse. || Répartir sur toute la longueur de vos cheveux lavés et essorés, en insistant sur les pointes. Laisser pauser 1 à 2 minutes. Rinçage ultra-rapide. En cas de contact avec les yeux, les rincer immédiatement. || Aqua/water, cetearyl alcohol, behentrimonium chloride, peg-180, glycerin, amodimethicone, cetyl esters, hydroxyethylcellulose, safflower, glucoside, trideceth-6, chlorhexidine dihydrochloride, limonene, 2-oleamido-1.3-octadecanediol, alpha-isomethylionone, methylparaben, citric acid, butylphenyl methylpropional, citronellol, cetrimonium chloride, hexyl cinnamal, parfum/fragrance. || A utiliser dans les 12 mois après ouverture. || 
25,70€ / L || 
7,71 € || 
Masque Arginine Resist X3 || Le pot de 300ml || Origine : FRANCE || Découvrez le 1er programme triple action renforçatrice à l'Arginine pour des cheveux plus résistants, de la racine jusqu'aux pointes.               Avec le Masque Renforçateur ELSEVE ARGININE RESIST X3 le bulbe de vos cheveux es nourri, la fibre estrestructurée pour des cheveux qui poussent plus résistants. || Répartir uniformément sur toutes les longueurs de vos cheveux lavés et essorés, en insistant sur les pointes. Laisser reposer 2 à 3 minutes. Rinçage ultra-rapide. En cas de contact avec les yeux, les rincer immédiatement. || Aqua/water, cetearyl alcohol, glycerin, dipalmitoylethyl, hydroxethylmonium methosulfate, cetyl, esters, hydroxypropyltrimonium hydrolyzed wheat protein, arginine, trideceth-6, limonene, benzoic acid, linalool, amodimethicone 2-oleamido-1,3 octadecanediol, caprylyl glycol, cetrimonium chloride, citric acid, hexyl cinnamal, glyceryl linoleate, glyceryl oleate, glyceryl linolenate, parfum/fragrance (FIL C47176/2). || 12 mois après ouverture. || 
26,40€ / L || 
7,92 € || 
Masque baume nutrition || Le pot de 300ml || Origine : ALLEMAGNE || Formule ultra concentrée en agents nutritifs et enrichie en 6 micro-huiles de fleurs rares, le masque gorge la fibre d'une nutrition intense sans l'alourdir. sa texture nacrée voluptueuse, délicatement parfumée, se fond dans la chevelure pour lui redonner douceur, fluidité et brillance sublimes. || Répartir uniformément sur toutes les longueurs de vos cheveux lavés et essorés en insistant sur les pointes. Laisser reposer 2 à 3 minutes. En cas de contact avec les yeux, les rincer immédiatement. || Aqua/water, cetearyl alcohol, paraffinum liquidum/mineral oil, dipalmitoylethyl hydroxyethylmonium methosulfate, cetyl esters, CI77891/titanium dioxide, CI77491/iron oxides, CI15985/yellow 5, chamomilla recutita extract/matricaria flower extract, mica, cocos nucifera oil/ coconut oil, trideceth-6, chlorhexidine digluconate, helianthus annuus seed oil/sunflower seed oil nelumbium speciosum extract/nelumbium speciosum flower extract, linum usitatissimum flower extract, amodimethicone, caprylyl glycol, caprylic/capric triglyceride, caramel, gardenia tahitensis flower extract, rosa cahina flower extract, bisabolol, cetrimonium chloride, bht, citric acid, glycine soja oil/soybean oil, parfum/fragrance (FIL C160552/7). || 12 mois après ouverture. || 
19,87€ / L || 
5,96 € || 
Masque Color Vive || Le pot de 300ml || Origine : FRANCE || Le Masque Protecteur Color Vive nourrit intensément sans alourdir les cheveux colorés ou méchés.                                                    Sa toute nouvelle texture gélifiée, ultra fondante, permet une répartition parfaite et agréable. || Répartir sur toute la longueur de vos cheveux lavés et essorés, en insistant sur les pointes. Laisser pauser 1 à 2 minutes. Rinçage ultra-rapide. En cas de contact avec les yeux, les rincer immédiatement. || Aqua/water, hydroxypropyl starch phosphate, quaternium-87, stearyl alcohol, behentrimonium chloride, Cl14700/red 4, Cl19140/yellow 5, tocopherol, sodium hydroxide, phenoxyethanol, ethylhexyl methoxycinnamate, trideceth-5, trideceth-10, chlorhexidinedihydrochloride, candelilla cera/ candelilla wax, benzophenone-3, benzyl salicylate, linalool, amodimethicone, 2-oleamido-1.3-octadecanediol, alpha-isomethyl ionone, geraniol, methylparaben, butylphenyl methylpropional, citronellol, hexyl cinnamal, parfum/fragrance, (F.I.L. C29835/1). || A utiliser dans les 12 mois après ouverture. || 
25,37€ / L || 
7,61 € || 
Masque EverRiche || Le pot de 200ml || Origine : FRANCE || Spécialement conçu pour les cheveux secs à desséchés, le Masque Profond Nutrition Ultime EverRiche nourrit et répare intensément la fibre. || Appliquer une noisette sur cheveux mouillés en insistant sur les pointes. Masser délicatement et peigner. Laisser agir 3 à 5 min. Rincer abondamment. En cas de contact avec les yeux, les rincer immédiatement. || 12 mois après ouverture. || 
56,60€ / L || 
11,32 € || 
Masque Liss-Intense || Le pot de 300ml || Origine : FRANCE || Le Masque Disciplinant Liss-Intense nourrit, assouplit et lisse les cheveux tout en leur apportant une détente optimale. Utilisé en complément de l'Après-Shampooing ou en traitement d'attaque, le Masque Disciplinant Liss Intense donne aux cheveux fluidité et souplesse des racines jusqu'aux pointes, sans les alourdir. || Répartir sur toute la longueur de vos cheveux lavés et essorés, en insistant sur les pointes. Laisser pauser 1 à 2 minutes. Rinçage ultra-rapide. En cas de contact avec les yeux, les rincer immédiatement. || Aqua/water, cetearyl alcohol, behentrimonium chloride, glycerin, amodimethicone, cetyl esters, potato starch modified, isopropyl alcohol, hydrolyzed silk, argania spinosa oil/argania spinosa kernel oil, trideceth-6, chlorhexidine dihydrochloride, camellia sativa oil/camellia sativa seed oil, limonene, linalool, benzyl salicylate, benzyl alcohol, methylparaben, cetrimonium chloride, butylphenyl methylpropional, citronellol, BHT, hexyl cinnamal, amyl cinnamal, parfum/fragrance. (F.I.L. C36466/1). || 12 mois après ouverture. || 
24,70€ / L || 
7,41 € || 
Masque Profond, Réparation ultime, EverForce || Le pot de 200g || Origine : FRANCE || Une formule crème riche et onctueuse sur concentrée en soin pour offrir un véritable bain de réparation à la fibre. Intensément réparée, votre chevelure est fortifiée et retrouve un toucher d'exception. || Sur cheveux lavés et essorés, répartir une noisette sur les longueurs en insistant sur les pointes. Masser délicatement. Laisser poser jusqu'à 5 min pour un résultat optimal. Rincer abondamment et finir par un jet d'eau froide pour plus de vitalité.En cas de contact avec les yeux, les rincer immédiatement. || Aqua/water, cetearyl alcohol, glycerin, behentrimonium chloride, cetyl esters, isopropyl myristate, quaternium-80, tocophérol, ppg-1 trideceth-6, polysorbate 20, polyquaternium-37, chlorhexidine dihydrochloride, benzyl benzoate, benzyl alcohol, linalool, isopropyl alcohol, 2-oleamido-1,3-octadecanediol, paraffinum liquidum/mineral oil, methylparaben, butylphenyl methylpropional, coumarin, hexyl cinnamal, parfum/fragrance (FIL C49523/2). || 12 mois après ouverture. || 
55,55€ / L || 
11,11 € || 
Masque Profond Régénérant Intense EverPure || Le pot de 200ml || Origine : ALLEMAGNE || Spécialement conçu pour les cheveux colorés et fragilisés, le masque profond hydratant intense EverPure nourrit pleinement les cheveux tout en préservant la fibre capillaire.Système soin couleur sans sulfates. Huiles botaniques romarin & menthe. || Après l'utilisation du shampooing EverPure, appliquer une noisette sur cheveux mouillés en insistant sur les pointes. Masser délicatement et peigner. Laisser agir 3 à 5 minutes. Rincer abondamment. En cas de contact avec les yeux, les rincer immédiatement. || Aqua/water, cetearyl alcohol, amodimethicone, behentrimonium chloride, cetyl esters, tocopherol, ethylhexyl methoxycinnamate, trideceth-6, chlorhexidine dihydrochloride, mentha piperita (peppermint) leaf extract, linalool, benzophenone-4, isopropyl alcohol, rosmarinus officinalis oil/rosemary leaf oil, methylparaben, cetrimonium chloride, butylphenyl methylpropional, citronellol, citric acid, parfum/fragrance. (F.I.L. C49518/1). Sans sulfates. || 12 mois après ouverture. || 
55,55€ / L || 
11,11 € || 
Masque Sun Repair || Le pot de 300ml || Origine : FRANCE || 
26,40€ / L || 
7,92 € || 
Masque Total Repair 5 || Le pot de 300ml || Origine : FRANCE || Découvrez le nouveau masque Elsève Total Repair 5 : concentré en Sérum Actif Pro-Kératine + Céramide, il répare les cellules de kératine et nourrit intensément vos cheveux.Résultats prouvés : jour après jour, votre cheveu est totalement réparé. Matière reconstituée, résistance, vitalité, toucher soyeux, brillance santé. || Répartir sur toute la longueur de vos cheveux lavés et essorés, en insistant sur les pointes. Laisser pauser 1 à 2 minutes. Rinçage ultra-rapide. En cas de contact avec les yeux, les rincer immédiatement. || Aqua/water, cetearyl alcohol, behentrimonium chloride, glycerin, cetyl esters, hydroxypropyltrimonium hydrolyzed wheat protein, dodecene, phenoxyethanol, arginine, chlorhexidine digluconate, poloxamer 407, limonene, linalool, benzyl salicylate, isopropyl myristate, 2-oleamido-1,3-octadecanediol, serine, bht, citric acid, butylphenyl methylpropional, lauryl PEG/PPG-18/18 methicone, glutamic acid, hexyl cinnamal, glyceryl linoleate, glyceryl oleate, glyceryl linolenate, parfum/fragrance (F.I.L. C37037/1). || 12 mois après ouverture. || 
26,07€ / L || 
7,82 € || 
Masque Total Repair Extrême || Le pot de 300ml || Origine : FRANCE || Le masque Total Repair Extreme est concentré en actifs reconstructeurs lak 1000 + céramide pour réparer la fibre. Action jusquau coeur, 10 couches pénétrées : sa formule au lak 1000 pénètre les 10 couches qui composent le cheveu pour reconstruire les liens endommagés de sa structure interne. Action jusquaux pointes : enrichie en céramide, elle  comble les fissures externes de la fibre et renforce son maillage protecteur de la racine jusqu'au dernier millimètre des pointes. || Aqua/water, cetearyl alcohol, behentrimonium chloride, glycerin, cetyl esters, lactic acid, hydroxypropyltrimonium hydrolyzed wheat protein, dodecene, phenoxyethanol, arginine, chlorhexidine digluconate, poloxamer 407, limonene, linalool, benzyl salicylate, benzyl alcohol, isopropyl myristate, isopropyl alcohol, 2-oleamido-1,3-octadecanediol, serine, bht, butylphenyl methylpropional, citric acid, lauryl peg/ppg-18/18 methicone, glutamic acid, hexyl cinnamal, glyceryl linoleate, glyceryl oleate,glyceryl linolenate, parfum / fragrance. || 
25,37€ / L || 
7,61 € || 
Miracle Instantané Arginine Resist X3 || Le tube de 200ml || Origine : FRANCE || Ce soin contient de l'arginine, un acide aminé indispensable à la croissance du cheveu. Sous vos doigts, instantanément vous sentez la transformation : la fibre est renforcée dès la racine, le cheveu est plus résistant et le toucher incroyablement souple et soyeux. || Après chaque shampooing, répartir uniformément de la racine à la pointe. Pas de temps de pause nécessaire, le rinçage est instantané, l'action immédiate. En cas de contact avec les yeux, les rincer immédiatement. || Aqua, hydroxypropyl starch phosphate, quaternium-87, stearyl alcohol, behentrimonium chloride, amodimethicone, cetyl esters, hydroxypropyltrimonium hydrolyzed wheat protein, arginine, trideceth-6, chlorhexidine digluconate, limonene, candelilla cera/candelilla wax, linalool, benzyl alcohol, propylene glycol, isopropyl alcohol, 2-oleamido-1,3-octadecanediol, caprylyl glycol, citric acid, cetrimonium chloride, hexyl cinnamal, parfum (FIL C53635/1). || 12 mois après ouverture. || 
39,40€ / L || 
7,88 € || 
Miracle Instantané Color Vive || Le tube de 200ml || Origine : FRANCE || Sa formule ultra-fondante enrichie en concentré nutritif et aux filtres UVA/UVB fusionne avec la fibre et pénètre immédiatement pour protéger les cheveux colorés des agressions extérieures. Sous vos doigts, instantanément vous sentez la transformation : la couleur est sublimée, les reflets sont éclatants, la matière est soyeuse, et le toucher est incroyablement voluptueux. || Après chaque shampooing, répartir uniformément de la racine à la pointe. Pas de temps de pause nécessaire, le rinçage est instantané, l'action immédiate. En cas de contact avec les yeux, les rincer immédiatement. || Aqua/water, hydroxypropyl starch phosphate, quaternium-87, stearyl alcohol, behentrimonium chloride, Cl 14700/red 4, Cl 19140/yellow 5, tocopherol, sodium hydroxide, phenoxyethanol, ethylhexyl methoxycinnamate, trideceth-5, trideceth-10, chlorhexidine dihydrochloride, candelilla cera/candelilla wax, benzyl alcohol, benzyl salicylate, linalool, benzophenone-4, 2-oleamido-1,3-octadexanediol, alpha-isomethyl ionone, geraniol, methylparaben, butylphenyl methylpropional, citronellol, hexyl cinnamal,glycerin, parfum/fragrance (FIL C51841/1). || 12 mois après ouverture. || 
38,90€ / L || 
7,78 € || 
Miracle Instantané  Liss-Caresse || Le tube de 200ml || Origine : FRANCE || Transformation immédiate. Fibre à fibre, la chevelure est parfaitement lissée, fluide, légère et douce comme une caresse. || Après chaque shampooing, répartir uniformément de la racine à la pointe. Pas de temps de pause nécessaire, le rinçage est instantané, l'action immédiate. En cas de contact avec les yeux, les rincer immédiatement. || Aqua, hydroxypropyl starch phosphate, quaternium-87, stearyl alcohol, behentrimonium chloride, amodimethicone, cetyl esters, CI14700/red 4, CI 19140/yellow 5, hydroxypropyltrimonium hydrolyzed wheat protein, sodium hydroxide, arginine, trideceth-6, chlorohexidine digluconate, limonene, camellia oleifera seed oil, candellia cera/candellia wax, linalool, benzyl salicylate, benzyl alcohol, propylene glycol, isopropyl alcohol, 2-oleamido-1,3-octadecanediol, caprylyl glycol, serine, cetrimonium chloride, glutamic acid, hexyl cinnamal, parfum (FIL C53501/1). || 12 mois après ouverture. || 
38,35€ / L || 
7,67 € || 
Miracle Instantané Nutri-Gloss Cristal || Le tube de 200ml || Origine : FRANCE || La formule enrichie en perle et microcristaux agit comme un véritable gloss pour vos cheveux. La surface du cheveu est uniformément lissée, il capte la lumière pour un éclat cristal.Dès l'application, la formule légère, ultra fondante et enrichie enprotéines fusionne avec la fibre et pénètre immédiatement pour une nutrition profonde, sans alourdir. || Répartir uniformément de la racine à la pointe. Pas de temps de pause nécessaire, le rinçage est instantané, l'action immédiate. En cas de contact avec les yeux, les rincer immédiatement. || Aqua, hydroxypropyl starch phosphate, quaternium-87, stearyl alcohol, behentrimonium chloride, amodimethicone cetyl esters, CI77891/titanium dioxide, CI17200/red 33, CI19140/yellow 5, mica nacre powder, hydroxypropyltrimonium hydrolyzed wheat protein, sodium hydroxide, trideceth-6, chlorhexidine digluconate, limonene, candelilla cera/candelilla wax, linalool, benzyl alcohol, propylene glycol, isopropyl alcohol, caprylyl glycol, alpha-isomethyl ionone, cetrimonium chloride, citronellol, hexyl cinnamal, parfum (FIL C50401/1). || 12 mois après ouverture. || 
37,85€ / L || 
7,57 € || 
Miracle Instantané Total Repair 5 || Le flacon de 200ml || Origine : FRANCE || Réparation en profondeur cellule à cellule. Transformation immédiate de la matière. Vitalité, fluidité, brillance.Dès l'application, sa formule ultra-fondante enrichie à la pro-kératine reconstituante et au céramide resurfaçant fusionne avec la fibreet pénètre immédiatement pour une réparation en profondeur. || Après chaque shampooing, répartir uniformément de la racine à la pointe. Pas de temps de pause nécessaire, le rinçage est instantané, l'action immédiate. En cas de contact avec les yeux, les rincer immédiatement. || Aqua/water, hydroxypropyl starch phosphate, quaternium-87, stearyl alcohol, benhentrimonium chloride, amodimethicone, cetyl esters, CI19140/yellow5, CI17200/red33, hydroxypropyltrimonium hydrolyzed wheat protein, hydroxycitronellal sodium hydroxide,arginine, trideceth-6, chlorhexidine digluconate, limonene, candelilla cera/candelilla wax, linalool, benzyl salicylate, benzyl alcohol, propylene glycol, isopropyl alcohol, 2-oleamido-1,3-octadecanediol, caprylyl glycol, serine, cetrimonium chloride, glutamic acid, hexyl cinnamal, glyceryl linoleate, glyceryl oleate, glyceryl linolenate, parfum/fragrance. (F.I.L. C45908/1). || 12 mois après ouverture. || 
36,50€ / L || 
7,30 € || 
Sérum Anti-Frizz Liss-Intense || Le flacon de 50ml || Origine : FRANCE || Pour les cheveux secs, rebelles, difficiles à lisser, le Sérum Anti-Frizz ELSÈVE LISS-INTENSE au NUTRILEUM apporte un lissage parfait. RÉVOLUTION TECHNOLOGIQUE : LE NUTRILEUM - Les Laboratoires de L'Oréal ont associé une huit nutritive et un actif lissant pour créer Ie NUTRILEUM. Il se fond instantanément dans les cheveux et les détend sur toute la longueur. Grâce à son action anti-frizz + antigonflement ELSÈVE LISS-INTENSE permet un lissage longue durée qui résiste à l'humidité, pour empêcher les cheveux de frisotter, d'onduler ou de regonfler dans la journée. || Pour déverrouiller la pompe, la tourner dans le sens inverse des aiguilles d'une montre.  Prélever plusieurs gouttes de sérum. Doser selon la longueur des cheveux (une petite quantité suffit).  Répartir sur la chevelure en insistant sur les pointes.Ne pas rincer. Sécher.  Reverrouiller la pompe après chaque utilisation pour préserver les qualités du produit. || CYCLOPENTASILOXANE, DIMETHICONOL, HYDROXYCITRONELLAL, HYDROXYISOHEXYL 3-CYCLOHEXENE CARBOXALDEHYDE, CAMELINA SATIVA OIL / CAMELINA SATIVA SEED OIL, LIMONENE, LINALOOL, BENZYL SALICYLATE, ALPHA-ISOMETHYL IONONE, GERANIOL, BUTYLPHENYL METHYLPROPIONAL,CITRONELLOL, BHT, HEXYL CINNAMAL, AMYL INNAMAL, PARFUM / FRAGRANCE. (F.I.L. 27865/1). || 
200,80€ / L || 
10,04 € || 
Sérum Réparateur Spécial Pointes Anti-Casse || Le spray de 30ml || Origine : FRANCE || La formule concentrée spécial fourches répare et lisse les pointes en les enrobant durablement d'une micro-gaine invisible. Elle protège et renforce la résistance des pointes les plus abîmées.Elsève Anti-casse : réparez vos pointes fourchues avec leciment naturel qu'elles ont perdu. || Quelques gouttes seulement du Sérum Réparateur Spécial Pointes Elsève suffisent pour être efficace. Il peut s'appliquer aussi bien sur cheveux essorés que sur cheveux séchés. Déposer sur le bout des doigts 2 à 3 gouttes de sérum. Appliquez le sérum sur les pointes et les mi-longueurs. Bien malaxer jusqu'à absorption complète du produit. Ne pas rincer. Coiffer selon votre habitude. Le Sérum Réparateur Spécial Pointes Elsève peut s'utiliser aussi souvent que vous le voulez. || Cyclopentasiloxane, dimethiconol, alcohol denat, limonene, oenothera biennis oil/evening primrose oil, linalool, benzyl salicylate, 2-oleamido-1,3-octadecanediol, citronellol, butylphenyl methylpropional, hexyl cinnamal, parfum/fragrance. (F.I.L. C29423/1). || 
527,00€ / L || 
15,81 € || 
Soin-Crème Boucles Sublimes || Le flacon de 200ml || Origine : FRANCE || Vos boucles sont sublimes, rebondies et brillantes, elles n'ont jamais été aussi élastiques ! Vos boucles sont disciplinées : leur coiffage est facilité ! || Appliquez uniformément 1 à 2 noisettes sur cheveux essorés des longueurs et les pointes, puis coiffez selon vos habitudes. Sur cheveux secs, idéal pour redessiner ou discipliner des mèches rebelles : à l'aide d'une petite quantité, travaillez chaqueboucle en la redessinant du bout des doigts. Ne se rince pas. || Aqua/water, cetearyl alcohol, glycerin, cetyl esters, hydrolyzed elastin, hydroxyisohexyl 3-cyclohexene carboxaldehyde, phenoxyethanol, peg/ppg/polybutylene glycol-8/5/3 glycerin, behentrimonium chloride, trideceth-6, limonene, linalool, benzyl salicylate, benzyl alcohol, amodimethicone, geraniol, cetrimonium chloride, citral, hexyl cinnamal, parfum/fragrance. (F.I.L C39642/1). || 12 mois après ouverture. || 
27,60€ / L || 
5,52 € || 
Spray Lissant Démêlant Liss-Caresse || Le flacon de 200ml || Origine : FRANCE || Ultra fine et micro diffusée, sa formule à la micro kératine pénètre instantanément pour assouplir la fibre et faciliter le lissage. Aussi efficace qu'un démêlant classique. || Sur cheveux lavés humides, vaporiser en insistant sur les longueurs. Sur cheveux secs, vaporiser pour rafraîchir et discipliner les cheveux entre deux shampooings. Ne se rince pas. Peut s'utiliser tous les jours. En cas de contact avec les yeux, lesrincer immédiatement. || Aqua, lactic acid, hydroxyethyl oleyl dimonium chloride, hydroxypropyltrimonium hydrolyzed wheat protein, hydroxycitronellal, phenoxyethanol, peg-40 hydrogenated castor oil, arginine, trideceth-12, polyquaternium-4, polyquaternium-11, xylose, limonene, linalool, benzyl salicylate, benzyl alcohol, amodimethicone, serine, citronellol, cetrimonium chloride, citral, glutamic acid, hexyl cinnamal, parfum (FIL C54428/1). || 12 mois après ouverture. || 
23,10€ / L || 
4,62 € || 
Traitement Arginine Resist X3 || Le flacon de 200ml || Origine : FRANCE || 
49,70€ / L || 
9,94 € || 
Crème assouplissante boucles détendues || Le flacon de 150ml || Origine : FRANCE || Elle assouplit et détend les boucles pour un style parfait de qualité salon qui dure toute la journée. || Prenez une petite quantité de crème dans la paume. Frottez vos mains. Travaillez vos cheveux mouillés ou humides. Pour des boucles encore plus détendues, coiffez avec les doigts ou étirez les boucles tout en les séchant. || Aqua, cetearyl, alcohol, dimethicone, glyceryl stearate, peg-100 stearate, ceteareth-20, stearyl alcohol, dipentaerythrityl hexa C5-9 acid esters diazolidinyl urea, alcohol, propylene glycol, behentrimonium chloride, polysilicone-9, disodium edta, parfum, laureth-4, laureth-23, olea europaea fruit oil iodopropynyl butylcarbamate, linalool, butylphenyl methylpropional, limonene. || 12 mois après ouverture. || 
71,33€ / L || 
10,70 € || 
Crème perfectrice à l'huile d'avocat, maîtrise les cheveux, pour éliminer frisottis et cheveux rebelles || Le tube de 100ml || Origine : FRANCE || Adoucit instantanément les cheveux et neutralise les pointes sèches et frisottantes pour une finition impeccable et brillante. Peut s'utiliser partout à tout instant. Avec filtre UV. || Pour finition lisse ou bouclée. Appliquez sur cheveux secs. Frottez une noisette de crème dans la paume de vos mains. Etirez la crème le long des cheveux, en insistant sur les pointes. Renouvelez l'application selon vos besoins. || Aqua, propylene glycol, persea gratissima oil, phenyl trimethicone, glycerin, C12-15 alkyl benzoate, isostearyl palmitate, glyceryl stearate, pvp, ethylhexyl methoxycinnamate, triethanolamine, sorbitan oleate, acrylates/C10-30 alkyl acrylate crosspolymer, cocamidopropyl PG-dimonium chloride phosphate, steardimonium hydroxypropyl hydrolyzed wheat protein, phenoxyethanol, diazolidinyl urea, methylparaben, propylparaben, parfum, Cl 16035, Cl 47005, butylphenyl methylpropional, linalool, limonene. || 12 mois après ouverture. || 
109,10€ / L || 
10,91 € || 
Huile Elixir Illuminatrice, illumine, révèle la brillance || Le flacon de 100ml || Origine : FRANCE || Révèle un blond brillant et soyeux. Spécialement conçue pour les cheveux blonds, chaque goutte de cette huile redonne vie aux cheveux secs et ternes pour qu'ils retrouvent leur éclat. Avec thermo-protection et huiles d'Argan & Tournesol. || Pour toutes les blondes. Appliquez sur les longueurs et les pointes sur cheveux humides avant le séchage au sèche-cheveux. Ou appliquez quelques gouttes sur les pointes sur cheveux secs. Sans risque pour les cheveux colorés ou traités chimiquement. || Cyclopentasiloxane, dimethiconol, ethylhexyl methoxycinnamate, polysilicone-15, benzophenone-3, parfum, bis (C13-15 alkoxy) pg-amodimethicone, helianthus annuus seed oil, tocopheryl acetate, argania spinosa kernel oil, limonene, butylphenyl methylpropional, linalool, hexyl cinnamal. || 12 mois après ouverture. || 
140,00€ / L || 
14,00 € || 
Huile Elixir reparatrice, Full repair || Le flacon-pompe de 100ml || Origine : ROYAUME UNI || Restaure l'aspect et le toucher des cheveux abîmés à chaque utilisation. || Pour de la force et de la douceur, déposez une pression dans la paume de vos mains, frottez les et répartissez uniformément sur les longueurs humides. Pour dompter les cheveux rebelles et apporter de la brillance, appliquez quelques gouttes sur cheveux secs en évitant les racines. Sans risque pour les cheveux colorés ou traités chimiquement. || Cyclopentasiloxane, dimethicone, trisiloxane, plukeneta volubilis seed oil, dimethicone/vinyl dimethicone crosspolymer, crambe abyssinica seed oil, parfum, tocopherol, hexyl cinnamal, limonene, linalool, citronellol. || 12 mois après ouverture. || 
141,00€ / L || 
14,10 € || 
Lotion brushing épaississante, apporte volume et matière exceptionnels || Le spray de 125ml || Origine : FRANCE || Métamorphose les cheveux fins et plats pour un volume naturel de qualité salon. Créé un volume parfait dès les racines. Avec son complexe 'décolle racines', cette formule booste le volume des cheveux fins dès la racine. || Pour cheveux fins. Vaporisez sur cheveux essorés en ciblant les racines pour un volume amplifié. Assurez-vous de bien appliquer le produit en surface et sur les mèches du dessous. Séchez au sèche-cheveux et coiffez selon le style désiré. Eviter toutcontact avec du feu, une flamme ou de fumer pendant l'utilisation du produit et jusqu'à ce que les cheveux soient complètement secs. Eviter de vaporiser dans les yeux. Si cela se produit, rincer immédiatement et abondamment avec de l'eau. Utiliser selon le mode d'emploi. Tenir hors de portée des enfants. || Alcohol denat, aqua, pvp, vp/va copolymer, polysorbate 20, parfum, maris sal, peg-75 lanolin, amp-isostearoyl hydrolyzed wheat protein, VP/dmapa acrylates copolymer, linalool, butylphenyl methylpropional, citronellol. || 36 mois après ouverture. || 
85,60€ / L || 
10,70 € || 
Masque intensif, répare et fortifie, protège contre la casse || Le pot de 250ml || Origine : ROYAUME UNI || 
34,60€ / L || 
8,65 € || 
Masque intensif prolongateur de couleur, préserve la couleur et nourrit les cheveux || Le pot de 150ml || Origine : FRANCE || Everlasting Blonde aide à conserver l'éclat et le toucher de vos cheveux blonds tout juste colorés. || Appliquez le masque sur cheveux mouillés. Laissez poser 1-2 min. Rincez bien. Sans risque pour les cheveux colorés ou traités chimiquement. Eviter le contact avec les yeux. Si cela se produit, rincer abondamment et immédiatement à l'eau. || Aqua, cetearyl alcohol, dimethicone, behentrimonium chloride, cetyl esters, stearyl alcohol, parfum, bis-cetearyl amodimethicone, propylene glycol, diazolidinyl urea, quaternium-91, cetrimonium methosulfate, stearoxy propyl dimethylamine, c14-28 isoalkyl acid, glycine, malic acid, c14-28 alkyl acid, carthamus tinctorius seed oil, glycerin, limnanthes alba seed oil, iodopropynyl butylcarbamate, olea europaea oil unsaponifiables, lecithin, butyrospermum parkii, citrus aurantium bergania fruit extract, limonene, butylphenyl methylpropional, linalool, hexyl cinnamal. || 12 mois après ouverture. || 
35,64€ / L || 
8,91 € || 
Masque intensive || Le sachet de 25ml || Origine : FRANCE || Traitement profond à l'huile d'avocat. Répare visiblement et fortifie les cheveux frisottants, secs et abîmés. Contribue à protéger la casse. Hydrate les cheveux, les rend soyeux et brillants. || Peut être utilisé sur cheveux colorés. Appliquez le masque sur cheveux propres et mouillés, en insistant sur les pointes. Laissez poser 3 à 5 minutes. Rincez abondamment. || Aqua, cetearyl alcohol, behentrimonium chloride, cyclopentasiloxane, behenyl alcohol, dimethiconol, lecithin, persea gratissima oil, tocopheryl acetate, magnesium ascorbyl phosphate, retinyl palmitate, alcohol, bis(C13-15 alkoxy) pg-amodimethicone, benzyl alcohol, phytantriol, peg-14m, hydrolyzed milk protein, methylchloroisothiazolinone, methylisothiazolinone, parfum, linalool, butylphenyl methylpropional, limonene. || 
82,00€ / L || 
2,05 € || 
Masque réparateur intense à l'huile d'inca inchi                 Redonne vie aux cheveux abîmés sans les alourdir || Le sachet de 25ml || Origine : ROYAUME UNI || Formule réparatrice intense, à l'huile d'Inca Inchi, pénètre en profondeur et répare l'aspect et le toucher des cheveux abîmés, réduisant le risque de casse sans les alourdir. || Appliquez le masque réparateur intense sur les cheveux, répartissez à l'aide d'un peigne puis laissez poser 2 à 5 minutes pour une réparation intense. Rincez bien. || Aqua, glycerin, cetearyl alcohol, dimethicone, behenamidopropyl dimethylamine, trisiloxane, cetyl esters, stearyl alcohol, lactic acid, parfum, propylene glycol, diazolidinyl urea, quaternium-91, cetrimonium methosulfate, glycine, plukenetia volubilis seed oil, malic acid, stearoxy propyl dimethylamine, c14-18 iso alkyl acid, tocopherol, iodopropynyl butylcarbamate, c14-28 alkyl acid, hexyl cinnamal, limonene. || 
82,00€ / L || 
2,05 € || 
Masque réparateur intense                                        Hydrate et répare || Le pot de 250ml || Origine : ROYAUME UNI || Restaure l'aspect et le toucher des cheveux abîmés à chaque utilisation. Formule réparatrice intense, à l'huile d'Inca Inchi non alourdissante. Pénètre en profondeur et répare l'aspect et le toucher des cheveux très abîmés, réduisant le risque de casse sans les alourdir. Les cheveux abîmés retrouvent une matière soyeuse et plus dense. Sans risque pour les cheveux colorés ou traités chimiquement. || Appliquez le masque réparateur intense sur les cheveux, répartissez à l'aide d'un peigne puis laissez poser 2 à 5 minutes pour une réparation intense. Rincez bien. || Aqua, glycerin, cetearyl alcohol, dimethicone, behenamidopropyl dimethylamine, trisiloxane, cetyl esters, stearyl alcohol, lactic acid, parfum, propylene glycol, diazolidinyl urea, quaternium-91, cetrimonium methosulfate, glycine, plukenetia colubilis seed oil, malic acid, stearoxypropyl dimethylamine, C14-18 iso alkyl acid, tocopherol, iodopropynyl butylcarbamate, C14-28 alkyl acid, hexyl cinnamal, limonene. || 12 mois après ouverture. || 
34,60€ / L || 
8,65 € || 
Mousse volume création pour cheveux fins || La bombe de 200ml || Origine : FRANCE || Crée du volume sur l'ensemble de la chevelure en épaississant les cheveux fins pour des coiffures pleines de volume, sans effet collant. || Agitez bien le flacon, tête en bas. Déposez un peu de mousse dans le paume de votre main. Répartissez uniformément sur cheveux essorés, des racines aux pointes. Coiffez selon le style désiré. Extrêmement inflammable. Récipient sous pression. Ne pas vaporiser vers une flamme ou un corps incandescent. Tenir éloigné de toute surface d'ignition. Ne pas fumer lors de l'utilisation et tant que les cheveux ne sont pas entièrement secs. A utiliser uniquement dans une pièce bien ventilée. Toute utilisation impropre qui consisterait à inhaler intentionnellement le produit peut être nuisible ou mortelle. Conserver hors de la portée des enfants. Ne pas percer et ne pas incinérer, même après usage. Une fois le récipient entièrement vide, il peut être jeté. A n'utiliser que selon les instructions. || Aqua, butane, propane, isobutane, polyquaternium-11, peg-12 dimethicone, panthenol, propylene glycol, peg-40 hydrogenated castor oil, diazolidinyl urea, isosteareth-10, methylparaben, parfum, propylparaben, benzophenone-4, linalool. || A protéger contre les rayons du soleil et à ne pas exposer à toute température supérieure à 50°C. || 
49,40€ / L || 
12,35 € || 
Sérum Crème Miraculous Recovery, élimine les frisottis, répare les cheveux abimés, traite les pointes fourchues || Le flacon de 50ml || Origine : ROYAUME UNI || Elimine les frisottis. Répare les cheveux abîmés. Traite les pointes fourchues. Nourrit. Sa formule réparation intense transforme visiblement les cheveux secs et frisottants en des cheveux lisses, soyeux et d'aspect sain. || Appliquez sur cheveux humides ou secs. Versez 1 pression de sérum dans la paume de votre main. Frottez vos mains et répartissez uniformément sur les cheveux. Evitez d'en appliquer directement au niveau des racines. Utilisez une quantité plus ou moinsimportante selon la longueur et l'épaisseur des cheveux. Ne rincez pas. Coiffez ensuite selon votre style. Utilisez-le 2 à 3 fois par semaine pour de meilleurs résultats. || Aqua, cyclopentasiloxane, cetearyl alcohol, dimethicone, stearyl alcohol, ceteareth-20, aminopropyl dimethicone, phenyl trimethicone, laureth-4, laureth-23, anthemis nobilis flower extract, propylene glycol, diazolidinyl urea, iodopropynyl butylcarbamate, lactic acid, malic acid, quaternium-91, cetrimonium methosulfate, behentrimonium chloride, sodium hydroxide, propylene glycol dicaprylate/dicaprate, cetrimonium chloride, parfum, linalool, butylphenyl methylpropional, limonene. || 36 mois après ouverture. || 
302,80€ / L || 
15,14 € || 
Sérum extra-fort aux 6 effets, lisse, hydrate, dompte, élimine les frisottis, thermo-protection, barrière anti-frisottis || Le flacon de 50ml || Origine : ROYAUME UNI || Sérum 6 effets + protéine de soie et contrôle renforcé : élimine les frisottis, barrière anti-humidité, thermo-protection, lisse, hydrate, dompte. Sa formule récompensée par plusieurs prix élimine instantanément les frisottis chroniques et fait barrière à l'humidité, pour des cheveux brillants et soyeux. Avec boucliers thermo-protecteur. || Appliquez sur cheveux trempés. Utilisez le sérum en petite quantité, en versant 1 pression dans la paume de votre main. Frottez vos mains et répartissez uniformément sur les cheveux. Evitez d'en appliquer directement au niveau des racines. Utilisez une quantité plus ou moins importante selon la longueur et l'épaisseur des cheveux. Ne rincez pas. Coiffez ensuite selon votre style. || Cyclopentasiloxane, dimethiconol, ethylhexyl methoxycinnamate, paraffinum liquidum, hydrolyzed silk, algae extract, parfum, linalool, butylphenyl methylpropional, limonene. || 36 mois après ouverture. || 
302,80€ / L || 
15,14 € || 
Sérum Finition Parfaite, brillance, maîtrise les mèches rebelles , booste la brillance, lisse || Le flacon de 50ml || Origine : ROYAUME UNI || Maîtrise les mèches rebelles. Booste la brillance. Lisse. En finition, il apporte aux cheveux un aspect lisse et soyeux. Il protège les cheveux frisottants contre les effets dévastateurs de style des frisottis, des mèches rebelles et de l'humidité. || Appliquez sur cheveux secs. Utilisez le sérum en petite quantité, en versant 1 pression dans la paume de votre main. Frottez vos mains et répartissez uniformément sur les cheveux. Evitez d'en appliquer directement au niveau des racines. Utilisez unequantité plus ou moins importante selon la longueur et l'épaisseur des cheveux. Ne rincez pas. Coiffez ensuite selon votre style. || Cyclopentasiloxane, dimethiconol, ethylhexyl methoxycinnamate, benzophenone-3, polysilicone-15, bis (C13-15 alkoxy) pg-amodimethicone, phytantriol, paraffinum liquidum, tocopheryl acetate, hydrolyzed silk, parfum, linalool, butylphenyl methylpropional, limonene. || 36 mois après ouverture. || 
314,20€ / L || 
15,71 € || 
Sérum original aux 6 effets, élimine les frisottis, barrière anti-humidité, thermo-protection, lisse, hydrate et dompte || Le flacon de 50ml || Origine : ROYAUME UNI || 6 effets : élimine les frisottis, barrière anti-humidité, thermo-protection, lisse, hydrate, dompte. Sa formule récompensée par plusieurs prix élimine instantanément les frisottis et fait barrière à l'humidité, pour des cheveux brillants et soyeux. Avec bouclier thermo-protecteur. || Appliquez sur cheveux trempés. Utilisez le sérum en petite quantité, en versant 1 pression dans la paume de votre main. Frottez vos mains et répartissez uniformément sur les cheveux. Evitez d'en appliquer directement au niveau des racines. Utilisez une quantité plus ou moins importante selon la longueur et l'épaisseur des cheveux. Ne rincez pas. Coiffez ensuite selon votre style. || Cyclopentasiloxane, dimethiconol, ethylhexyl methoxycinnamate, paraffinum liquidum, hydrolyzed silk, parfum, linalool, butylphenyl methylpropional, limonene. || 36 mois après ouverture. || 
302,80€ / L || 
15,14 € || 
Soin démêlant, boucles couture || Le flacon de 250ml || Origine : ROYAUME UNI || 
34,60€ / L || 
8,65 € || 
Soin démêlant, hydrate et répare || Le flacon de 250ml || Origine : ALLEMAGNE || 
34,60€ / L || 
8,65 € || 
Soin démêlant éclaircissant pour toutes les blondes || Le tube de 250ml || Origine : FRANCE || Formule douce au citron et à la camomille, reconstitue l'hydratation et redonne de la douceur pour un blond étincelant et ensoleillé. || Appliquez le soin démêlant sur cheveux mouillés. Rincez bien. Utilisez quotidiennement pour de meilleurs résultats. Attention : pour usage externe uniquement. Eviter le contact avec les yeux. Si cela se produit, rincer abondamment et immédiatement avec de l'eau. || Aqua, glycerin, cetearyl alcohol, dimethicone, behentrimonium chloride, parfum, dimethiconol, PEG-14M, amodimethicone, propylene glycol, diazolinyl urea, trideceth-12, glycine, malic acid, cetrimonium chloride, Cl19140, benzyl alcohol, lactic acid, iodopropynyl butylcarbamate, vitis vinifera juice extract, alcohol citrus medica limonum peel extract, helianthus annuus seed extract, chamomilla recutita flower extract, tocopherol, peg-40 hydrogenated castor oil, vitis vinifera seed extract, butylphenyl methylpropional, limonene, hexyl cinnamal, linalool. Sans ammoniaque ni peroxyde. || 12 mois après ouverture. || 
34,60€ / L || 
8,65 € || 
Soin démêlant hydrate+répare pour cheveux secs et abîmés. || Le flacon de 500ml || Origine : UNION EUROPEENNE || Formule hydratante à l'huile d'Inca Inchi enrichi riche en oméga 3, répare les cheveux à l'aspect et au toucher abîmés, nourrissant les mèches pour restaurer douceur et brillance. || Appliquez le soin démêlant sur cheveux mouillés. Rincez bien. || 12 mois après ouverture. || 
28,42€ / L || 
14,21 € || 
Soin intense après coloration || Le tube de 150ml || Origine : ROYAUME UNI || 
51,40€ / L || 
7,71 € || 
Spray coiffant, semi-permanent, lissage 3 jours, à la kératine || Le flacon de 100ml || Origine : ROYAUME UNI || Transforme les cheveux bouclés et frisottants en un lissage soyeux qui dure jusqu'à 3 jours. Innovation Frizz-ease lissage 3 jours, spray coiffant semi-permanent.Notre formule révolutionnaire thermoactive à la kératine enveloppe chaque mèche pour fixer un lissage qui dure plus longtemps, sans alourdir le cheveu. Protège contre les dommages de la chaleur et bloque les frisottis. || Vaporisez sur cheveux humides ou mouillés, pas sur cheveux secs. Commensez avec 7 à 15 vaporisations. Utilisez plus ou moins de produit selon votre volume de boucles, la longueur de vos cheveux et leur épaisseur. Répartissez à l'aide d'un peigne et lissez avec votre sèche-cheveux. Finissez au lisseur section par section. Sans risque pour les cheveux colorés ou traités chimiquement. Eviter de vaporiser dans les yeux. Si cela se produit, rincer abondamment immédiatement avec de l'eau. A utiliser exclusivement selon les instructions. Conserver hors de la portée des enfants. || Aqua, alcohol, polysilicone-9, hydolyzed keratin, benzophenone-4, steartrimonium chloride, dipropylene glycol, benzyl alcohol, malic acid, lactic acid, sodium hydroxide, parfum, disodium edta, methylparaben, propylparaben, linalool, butylphenyl methylpropional, limonene. || 12 mois après ouverture. || 
107,00€ / L || 
10,70 € || 
Spray Coiffant Quotidien, revitalise et sublime les boucles naturelles || Le spray de 200ml || Origine : ALLEMAGNE || Revitalise et sublime les boucles naturelles pour une tenue sans frisottis de qualité salon. Il redéfinit, redonne élasticité et ressort aux boucles naturelles. Il rend les cheveux brillants et doux au toucher. Sans alcool. Avec bouclier thermo-protection. || Agitez bien. Vaporisez généreusement sur cheveux humides et répartissez uniformément. Froissez quelques mèches pour obtenir des boucles bien dessinées. Laissez sécher à l'air libre ou au diffuseur. || Aqua, glycerin, amodimethicone, vp/va copolymer, olive oil peg-7 esters, dimethicone peg-8 Meadowfoamate, magnesium sulfate, diazolidinyl urea, panthenol, vp/dimethylaminoethylmethacrylate copolymer, polyquaternium-11, cetrimonium chloride, trideceth-12, propylene glycol, methylparaben, propylparaben, parfum, citric acid, linalool, butylphenyl methylpropional, limonene. || 12 mois après ouverture. || 
54,55€ / L || 
10,91 € || 
Spray termo-activé, boucles rebondies || Le spray de 100ml || Origine : ROYAUME UNI || Il crée et resserre les boucles pour un style souple et élastique de qualité salon, qui tient jusqu'à 48 heures. || Déverrouillez la gâchette en déplaçant la languette vers la droite ou la gauche. Vaporisez sur cheveux humides ou mouillés, pas sur cheveux secs. Commencez avec 10 à 16 vaporisations. Utilisez plus ou moins de produit selon la longueur et l'épaisseurde vos cheveux. Séchez à l'aide d'un diffuseur. Pour de meilleurs résultats, finissez en utilisant un fer à friser pour créer le style désiré. || 12 mois après ouverture. || 
109,10€ / L || 
10,91 € || 
Crème, lissage intégral et protection, cheveux très secs, épais, indisciplinés || Le flacon de 200ml || Origine : FRANCE || Vous rêvez d'un lissage impeccable, au volume maîtrisé ? Découvrez Liss Absolu Richesse, le nouveau programme professionnel sur mesure qui métamorphose la fibre pour un lissage intégral longue tenue. || Usage quotidien. En préparation au lissage, appliquez de 3 à 7 noisettes de crème en fonction de la longueur et de l'épaisseur de la chevelure. Répartir le produit sur toute la longueur en étirant de la racine à la pointe. En finition, appliquez 1 à2 noisettes de crème pour protéger durablement votre résultat lissé. S'applique sur cheveux secs ou humides. Ne pas rincer. || Aqua/water, cetearyl alcohol, cetyl esters, linalool, argania spinosa oil/argania spinosa kernel oil, geraniol, amodimethicone, trideceth-6, behentrimonium chloride, alpha-isomethyl ionone, coumarin, phenoxyethanol, limonene, xylose, cetrimonium chloride, citronellol, citral, hexyl cinnamal, butylphenyl methylpropional, benzyl alcohol, parfum/fragrance (FIL C39471/1). || 12 mois après ouverture. || 
38,35€ / L || 
7,67 € || 
Elixir concentré de nutrition sans rinçage, aux 2 huiles riches d'onagre et de sésame, pointes et zones très desséchées || Le flacon de 100ml || Origine : FRANCE || Enrichie aux 2 huiles d'onagre et de sésame, la formule fondant et velouté de l'élixir Nutri-extrême Richesse imprègne les pointes desséchées pour les nourrir intensément, sans les alourdir.Votre chevelure est resplendissante sur toute sa longueur. Appréciez au toucher cette belle matière fluide et soyeuse ! || Agiter avant utilisation. Ne pas rincer. Appliquez 2 ou 3 noisettes sur les zones concernées. Faire pénétrer en massant délicatement du bout des doigts. || Aqua/water, cyclopentasiloxane, dimethiconol, C13-14 isoparaffin, sesamum indicum oil/sésame seed oil, alpha-isomethyl ionone, coumarin, phenoxyethanol, oenothera biennis oil/evening primrose oil, caprylyl glycol, laureth-7, citronellol, polyacrylamide, butylphenyl methylpropional, benzyl benzoate, benzyl salicylate, benzyl alcohol, parfum/fragrance (FIL C34627/1). || 12 mois après ouverture. || 
77,10€ / L || 
7,71 € || 
Elixir nutri-illuminant sans rinçage, cheveux blonds colorés ou décolorés || Le spray de 100ml || Origine : FRANCE || L'élixir nutri illuminant blond californien offre à votre blond coloré tout le meilleur de la nutrition et de l'éclat pour un blond intact jour après jour.Votre blond coloré est nourri et illuminé. Eclat infaillible, comme un blond qui ne vire pas. || Appliquer 2 à 3 noisettes sur les pointes sensibilisées en massant délicatement du bout des doigts pour faire pénétrer le soin. || Aqua, isopropyl myristate, dimethicone, c13-14 isoparaffin, CI77891/titanium dioxide, mica, linalool, geraniol, amodimethicone, trideceth-6, alpha-isomethyl ionone, phenoxyethanol, cinnamyl alcohol, limonene, laureth-7, cetrimonium chloride, citronellol, passiflora incarnata/passiflora incarnata seed oil, polyacrylamide, ethylhexyl methoxycinnamate, hexyl cinnamal, benzyl salicylate, benzyl alcohol, parfum (FIL C50178/1). || 12 mois après ouverture. || 
82,10€ / L || 
8,21 € || 
Gelée fondante éclaircissante cheveux blonds || La boîte de 135ml || Origine : FRANCE || Inspirée de la gestuelle coiffeur, la gelée fondante éclaircissante Blond Soleil Eclaircissant offre à vos cheveux un éclaircissement progressif. Son peigne-applicateur permet une application facile et précise pour un effet soleil ciblé : balayages,mèches ou pointes éclaircies. Vos cheveux châtains sont éclaircies progressivement pour un effet soleil sur-mesure. || Eclaircissement permanent. Sur cheveux humides ou secs, appliquez le produit à l'aide du peigne-applicateur sur les zones à éclaircir, sans rinçage. L'éclaircissement léger obtenu est naturel et progressif. Il peut être accru par la chaleur du séchoir ou l'exposition au soleil. Après utilisation, rincez le peigne à l'eau chaude et revissez la capsule plate jusqu'à la prochaine utilisation. Contient du peroxyde d'hydrogène. Eviter le contact avec les vêtements. Porter des gants appropriés. Rincerimmédiatement les yeux si le produit entre en contact avec ceux-ci. Ce produit est exclusivement destiné à l'éclaircissement des cheveux. Il serait dangereux de s'en servir pour un autre usage. Ne pas appliquer en cas de cuir chevelu sensible, irrité ou abîmé. Ne pas utiliser si les cheveux ont été colorés par du henné ou une coloration progressive. Ne convient pas aux enfants. Ne pas laisser à la portée des enfants. || Aqua / water, alcohol denat., hydrogen peroxide, ammonium acryloyldimethyltaurate / steareth 25 methacrylate crosspolymer, isopropyl myristate, sodium stannate, phosphoric acid, tetrasodium pyrophosphate, parfum / fragrance. || 18 mois après ouverture. || 
72,42€ / L || 
11,95 € || 
Gelée fondante éclaircissante cheveux blonds || La boîte de 135ml || Origine : FRANCE || Inspirée de la gestuelle coiffeur, la gelée fondante éclaircissante Blond Soleil Eclaircissant offre à vos cheveux un éclaircissement progressif. Son peigne-applicateur permet une application facile et précise pour un effet soleil ciblé : balayages,mèches ou pointes éclaircies. Vos cheveux blonds sont éclaircies progressivement pour un effet soleil sur-mesure. || Eclaircissement permanent. Sur cheveux humides ou secs, appliquez le produit à l'aide du peigne-applicateur sur les zones à éclaircir, sans rinçage. L'éclaircissement léger obtenu est naturel et progressif. Il peut être accru par la chaleur du séchoir ou l'exposition au soleil. Après utilisation, rincez le peigne à l'eau chaude et revissez la capsule plate jusqu'à la prochaine utilisation. Contient du peroxyde d'hydrogène. Eviter le contact avec les vêtements. Porter des gants appropriés. Rincerimmédiatement les yeux si le produit entre en contact avec ceux-ci. Ce produit est exclusivement destiné à l'éclaircissement des cheveux. Il serait dangereux de s'en servir pour un autre usage. Ne pas appliquer en cas de cuir chevelu sensible, irrité ou abîmé. Ne pas utiliser si les cheveux ont été colorés par du henné ou une coloration progressive. Ne convient pas aux enfants. Ne pas laisser à la portée des enfants. || Aqua / water, alcohol denat., hydrogen peroxide, ammonium acryloyldimethyltaurate / steareth 25 methacrylate crosspolymer, isopropyl myristate, sodium stannate, phosphoric acid, tetrasodium pyrophosphate, parfum / fragrance. || 18 mois après ouverture. || 
72,42€ / L || 
11,95 € || 
Huile sublime, Nutri-lissante, Cheveux sur-lissés || Le flacon de 100ml || Origine : FRANCE || Protégés de la chaleur du fer à lisser et gainés, vos cheveux sont parfaitement lisses et soyeux. Sa formule micro-huile, protège la fibre de la chaleur du fer à lisser pour un lissage fluide, sans frisottis et longue tenue comme à la sortie des salons. || Le jour de votre shampooing, sur cheveux humides, sans rinçage, répartissez 2 à 3 pressions sur les zones concernées en insistant bien sur les pointes. Séchez puis lissez au fer mèche à mèche. En cas de contact avec les yeux, les rincer immédiatement. || Cyclopentasiloxane, dimethiconol, argania spinosa oil/argania spinosa kernel oil, linalool, geraniol, camellia oleifera seed oil, limonene, pentaclethra macroloba oil/pentaclethra macroloba seed oil, benzyl salicylate, benzyl alcohol, parfum/fragrance. || 18 mois après ouverture. || 
65,84€ / L || 
8,23 € || 
Huile sublime, Nutri régénérante pour cheveux dénaturés || Le flacon de 100ml || Origine : EL SALVADOR || Sa formule huile sublime, aux 3 huiles précieuses d'argan, de camélia et de pracaxi, nourrit et répare en profondeur. Jamais alourdie, la chevelure est magnifiée. || Appliquez 2 à 3 pressions sur les zones concernées en insistant bien sur les pointes et procédez au coiffage habituel. En cas de contact avec les yeux, les rincer immédiatement. || Cyclopentasiloxane, dimethiconol, linalool, argania spinosa oil/ argania spinosa kernel oil, geraniol, camellia oleifera seed oil,  eugenol, coumarin, cinnamyl alcohol, limonene, pentaclethra macroloba oil/ pentaclethera macroloba seed oil, hexyl cinnamal, benzyl salicylate, benzyl alcohol, parfum, (FIL C54104/1). || 18 mois après ouverture. || 
78,30€ / L || 
7,83 € || 
Masque anti-dessèchement, cheveux très desséchés || Le pot de 250ml || Origine : FRANCE || Pour retrouver une chevelure soyeuse et pleine de brillance, découvrez le nouveau programme de soins capillaires Nutri-extrême. || Appliquez généreusement sur cheveux mouillés, laissez agir 3 ou 4 minutes, puis rincez abondamment. En cas de projection dans les yeux, rincez immédiatement. || Aqua/water, cetearyl alcohol, behentrimonium chloride, glycerin, cetyl esters, amodimethicone, glycine, trideceth-12, methylparaben alpha-isomethyl, ionone, vitis vinifera/grappe seed oil, coumarin, phenoxyethanol, tocopheryl acetate, chlorhexidine,dihydrochloride, cetrimonium chloride, citric acid, panthenol, ethylhexyl methoxycinnamate, butylphenyl methylpropional, benzyl benzoate, benzyl salicylate, parfum/fragrance (FIL C20186/4). || 12 mois après ouverture. || 
29,44€ / L || 
7,36 € || 
Masque concentré de nutrition cheveux très desséchés, rêches et ternes || Le pot de 250ml || Origine : FRANCE || Enrichie aux 2 huiles riches d'onagre et de sésame, la formule fondante et onctueuse du masque imprègne la chevelure pour la nourrir intensément et la regalber durablement sur toute la longueur. || Après le shampooing, appliquez généreusement sur cheveux mouillés et bien essorés. Commencez par les pointes et remontez vers les racines. Laissez agir 5 minutes et rincer abondamment. En cas de projection dans les yeux, les rincer immédiatement. || Aqua/water, cetearyl alcohol, paraffinum liquidum/mineral oil, dipalmitoylethyl hydroxyethylmonium methosulfate, cetyl esters, Cl19140/yellow 5, Cl15985/yellow 6, Cl77891/titanium dioxide, mica, sesamum indicum oil/sesame seed oil, amodimethicone, trideceth-6, methylparaben, alpha-isomethyl ionone, coumarin, oenothera biennis oil/evening primrose oil, cetrimonium chloride, citric acid, butylphenyl methylpropional, benzyl benzoate, benzyl salicylate, parfum/fragrance. (FIL C33853/1). || 12 mois après ouverture. || 
29,04€ / L || 
7,26 € || 
Masque fondant, Nutri-régénérant pour cheveux dénaturés || Le pot de 250ml || Origine : FRANCE || Nourrie, protégée et réparée des agressions, votre chevelure retrouve sa matière et sa beauté naturelle. || Appliquez sur cheveux mouillés. Laissez poser quelques minutes. Rincez. En cas de contact avec les yeux, les rincer immédiatement. || Aqua, cetearyl alcohol, paraffinum liquidum/mineral oil, dipalmitoylethylmonium hydroxyethylmonium methosulfaten cetyl esters, bht, CI14700/red4, CI19140/yellow 5, linalool, geraniol, caramel, argania spinosa kernel oil camellia oleifera seed oil, coumarin, phenoxyethanol, chlorohexidine digluconate, limonene, cetrimonium chloride, citric acid, pentaclethra macroloba oil/pentaclethra macroloba, benzyl alcohol, parfum (FIL C53936/1). || 12 mois après ouverture. || 
31,52€ / L || 
7,88 € || 
Masque fondant nutri-lissant, cheveux sur-lissés, travaillés sous haute température || Le pot de 250ml || Origine : FRANCE || Protégés de la chaleur et gainés, vos cheveux sont parfaitement lisses et soyeux. Sa formule micro-huile, protège la fibre de la chaleur pour un lissage fluide, sans frisottis et longue tenue. || Appliquez sur cheveux mouillés. Laissez poser quelques minutes. Rincez. En cas de contact avec les yeux, les rincer immédiatement. || Aqua/water, cetearyl alcohol, behentrimonium chloride, glycerin, cetyl esters, amodimethicone, argania spinosa oil/argania spinosa kernel oil, linalool, trideceth-6, methylparaben, limonene, chlorhexidine dihydrochloride, xylose, isopropyl alcohol, cetrimonium chloride, citronellol, hexyl cinnamal, butylphenyl, methylpropional, parfum/fragrance (f.i.l C164240/2). || 12 mois après ouverture. || 
32,36€ / L || 
8,09 € || 
Masque lissage intégral et protection, cheveux très secs, épais, indisciplinés, lissage parfait, volume maîtrisé longue tenue || Le pot de 250ml || Origine : FRANCE || Seul un grand coiffeur connaît le secret d'un lissage parfait pour les cheveux les plus rebelles et sait recréer et protéger ce résultat salon chez vous.Découvrez Lisse Absolu Richesse, le 1er programme professionnel sur mesure qui métamorphose la fibre pour un lisage intégral longue tenue. || Appliquez généreusement sur cheveux mouillés et bien essorés. Commencez par les pointes et remontez vers les racines. Laissez agir 3 minutes et rincez abondamment. En cas de contact avec les yeux, les rincer immédiatement. || Aqua/water, cetearyl alcohol, behentrimonium chloride, glycerin, cetyl esters, amodimethicone, argania spinosa oil/argania spinosa kernel oil, linalool, trideceth-6, methylparaben, limonene, chlorhexidine dihydrochloride, xylose, cetrimonium chloride, citronellol, hexyl cinnamal, butylphenyl methylpropional, parfum/fragrance (FIL C38622/1). || 12 mois après ouverture. || 
30,68€ / L || 
7,67 € || 
Sérum soin et brillance sans rinçage, cheveux colorés, ternes, pro-vitamine B5 et anti-oxydant protecteur || Le flacon de 100ml || Origine : FRANCE || Le sérum biphasé Réveil'color offre à vos cheveux une dose de soin pour réparer et une dose de brillance pour sublimer : sentez sous vos doigts cette douceur, regardez comme votre couleur vibre ! || Démêlez soigneusement les cheveux, appliquez 8 à 12 vaporisations sur l'ensemble de la chevelure. S'applique sur cheveux secs ou humides. Peut s'utiliser quotidiennement. Agiter avant emploi. Ne pas rincer. || Aqua/water, isododecane, phenyl trimethicone, cyclopentasiloxane, Cl17200/red 33, glycine, dimethiconol, methylparaben, alpha-isomethyl ionone, coumarin, chlorphenesin, tocopheryl acetate, citronellol, panthenol, butylphenyl methylpropional, benzyl benzoate, benzyl salicylate, parfum/fragrance (F.I.L. C25738/1). || 12 mois après ouverture. || 
80,20€ / L || 
8,02 € || 
Soin patine correcteur de blond, blond californien || Le tube de 125ml || Origine : FRANCE || Sa formule enrichie en colorants bleus correcteurs et en huile de lin, nourrit intensément la fibre capillaire et corrige les reflets jaunes ou orangés. || Une fois par semaine sur cheveux humides, appliquez 3 à 6 noisettes de soin en fonction de la longueur et de l'épaisseur de la chevelure. Répartir le produit sur toute la longueur en étirant de la racine à la pointe. Emulsionnez avec un peu d'eau puis laissez agir 5 à 10 min en fonction de l'intensité désirée. Rincez abondamment. Les colorants capillaires peuvent provoquer des réactions allergiques sévères. Ce produit n'est pas destiné à être utilisé sur les personnes de moins de 16 ans. Les tatouages temporaires noirs à base de henné peuvent augmenter le risque d'allergie. Ne vous colorez pas les cheveux si : vous présentez une éruption cutanée sur le visage ou si votre cuir chevelu est sensible, irrité ou abîme. Vous avez déjà fait une réaction après avoir coloré vos cheveux. Vous avez fait par le passé une réaction à un tatouage temporaire noir à base de henné. Il est obligatoire de faire un test d'allergie cutané impérativement 48 heures avant chaque utilisation de ce produit (se conformer à la notice). Penser à acheter votre produit à l'avance pour faire le test d'allergie cutanée 48 heures avant. Réalisation du test d'alerte allergie : enlever le boucles d'oreilles. Appliquer derrière l'oreille à l'aide d'un coton-tige suffisamment de produit colorant pour recouvrir une surface de la taille d'un centime d'euro. Réappliquer en laissant sécher dans l'intervalle. Reboucher soigneusement le produit colorant. Attendre 48h sans laver, ni couvrir ou toucher. Si au cours de cet || Aqua/water, cetearyl alcohol, behentrimonium chloride, hydroxypropyl starch phosphate, candelilla cera/candelilla wax, propylene glycol, cocamidopropyl betaine, sclerotium gum, acid violet 43, CI60730/ext violet 2, linalool, ethanolamine, geraniol, alpha-isomethyl ionone, sodium chloride, phenoxyethanol, limonene, chlorhexidine digluconate, isopropyl alcohol, citronellol, citric acid, poly (linseed oil), hexyl cinnamal, benzyl salicylate, benzyl alcohol, parfum/fragrance (FIL C161846/2). || 12 mois après ouverture. || 
78,16€ / L || 
9,77 € || 
Spray soleil éclaircissant, cheveux blonds naturels, sans rinçage || Le spray de 125ml || Origine : FRANCE || Brillant et éclairci, votre blond retrouve ses reflets originels, pour un blond ensoleillé comme en été. Cette formule  inédite éclaircit naturellement votre blond comme un rayon de soleil. || Sans mélange, ni rinçage, le spray soleil éclaircissant est facile d'utilisation. Au moment du coiffage, sur cheveux essorés, vaporisez uniformément ou seulement sur certaines mèches, puis coiffez selon vos envies. Contient de l'eau oxygénée. Eviterle contact du produit avec les yeux et les vêtements. Rincer immédiatement et abondamment les yeux si le produit entre en contact avec ceux-ci. Porter des gants appropriés. En cas de transport, isoler soigneusement le flacon. Ne pas utiliser chez l'enfant. Ne pas appliquer en cas de cuir chevelu sensible, irrité ou abimé. Ce produit est exclusivement réservé à l'éclaircissement des cheveux. Il serait dangereux de s'en servir pour un autre usage. Ne pas utiliser sur barbe et moustache. Ne pas utiliser si vous avez les cheveux colorés, y compris avec du henné ou une coloration progressive. Si vos cheveux sont permanentés ou lissés, l'éclaircissement sera plus prononcé. Il est donc préférable d'attendre 15 jours après la permanente avant d'appliquer ce produit. Ne pas vaporiser vers les yeux ou sur une peau irritée. Ne pas vaporiser vers une flamme, un corps incandescent ou une résistance chauffante. Tenir hors de la portée des enfants. || Aqua, alcohol denat, hydrogen peroxide, acetanilid, peg-40 hydrogenated castor oil, polyquaternium-11, phosphoric acid, hexadimethrine chloride, parfum (FIL C51052/1). || 18 mois après ouverture. Stocker à l'abri de la chaleur et de la lumière. || 
95,52€ / L || 
11,94 € || 
Huile cristal, Million Gloss || Le flacon de 75ml || Origine : ALLEMAGNE || Sa formule innovante à l'Elixir-Gloss concentré apporte aux cheveux une brillance éblouissante. Une goutte suffit pour des reflets éclatants comme millionisés. 4 rituels de soin : en ajoutant une goutte à votre shampooing, après rinçage sur cheveux essorés, en finition beauté, sur cheveux secs, en retouche, au cours de la journée. || Utilisez avec modération (1 à 2 pressions). En rituel avec shampooing : ajoutez une goutte au creux de votre main à votre quantité de quotidienne de shampooing et mélangez. Appliquez sur cheveux mouillés, massez puis rincez soigneusement. Comme soinsans rinçage : appliquez sur cheveux essorés ou secs directement sur les longueurs et les pointes. || Cyclomethicone, dimethiconol, prunus armeniaca kernel oil, octocrylene, parfum, hexyl cinnamal, benzyl salicylate, limonene, geraniol, citronellol, coumarin. || A protéger contre les rayons du soleil. || 
149,60€ / L || 
11,22 € || 
Huile élixir 6 miracles || Le flacon de 75ml || Origine : ALLEMAGNE || Une texture fabuleuse et une sélection sublime d'huiles précieuses pour répondre à 6 besoins capillaires essentiels en un seul geste. Un soin intense pour des cheveux somptueux. Hydrate sans alourdir pour une action anti-casse. Protège contre la chaleur durant l'utilisation du sèche cheveux et du fer à lisser. Réduit les fourches et renforce la fibre capillaire. Contrôle les frisottis et les mèches rebelles. Facilite le démêlage pour un toucher soyeux. Nourrit intensément la fibre pour une chevelure resplendissante et un tombé parfait. || Utilisez avec modération (1 à 2 pressions). Appliquez en rituel avec shampooing, en ajoutant une goutte à votre quantité quotidienne de shampooing. Ou comme soin sans rinçage, en appliquant sur les longueurs et les pointes. || Cyclomethicone, dimethiconol, caryocar brasiliense fruit oil, sclerocarya birrea seed oil, argania spinosa kernel oil, gardenia tahitensis flower extract, cocos nucifera oil, moringa pterygosperma seed oil, octocrylene, parfum, hexyl cinnamal, linalool, limonene, coumarin. || 12 mois après ouverture. A protéger contre les rayons du soleil et contre le froid. || 
150,40€ / L || 
11,28 € || 
Huile nectar, Nutrition || Le flacon de 75ml || Origine : ALLEMAGNE || Enrichi en nectar de fleurs précieuses, ce soin procure une souplesse incroyable à votre chevelure et la laisse parfaitement protégée. En ajoutant une goutte à votre shampooing, pour nourrir intensément les cheveux. Après le shampooing, sur cheveux rincés et essorés, pour un démêlage facile. En finition beauté, sur cheveux secs pour protéger la fibre capillaire des agression. En soin de nuit, pour sublimer votre chevelure. || Utilisez avec modération (1 à 2 pressions). En rituel avec shampooing : ajouter une goutte au creux de votre main à votre quantité quotidienne de shampooing et mélangez. Appliquez sur cheveux mouillés, massez puis rincez soigneusement. Comme soin sans rinçage, appliquez sur cheveux essorés ou secs directement sur les longueurs et les pointes. || Cyclomethicone, dimethiconol, prunus persica kernel oil, combretum farinosum flower nectar, helianthus annuus seed oil, octocrylene, parfum, benzyl salicylate, hexyl cinnamal, butylphenyl methylpropional, linalool, limonene, benzyl alcohol, alpha-isomethyl ionone, coumarin, citronellol, geraniol, Cl40800. || 12 mois après ouverture. A protéger contre les rayons du soleil et contre le froid. || 
150,40€ / L || 
11,28 € || 
Lait  démêlant express, Million Gloss || Le flacon de 200ml || Origine : ALLEMAGNE || La nouvelle formule aux constituants capillaires liquides identiques à ceux du cheveu comble précisément les zones endommagées pour une réparation intense. Vos cheveux sont ternes, éteints, sans éclat ? Gliss Million Gloss : sa formule réparatrice contient de l'Élixir-Gloss concentré. Résultats prouvés : démêlage facile et immédiat, formule innovante qui scelle la brillance autour de la fibre capillaire. Éclat longue durée sans alourdir. Reflets éclatants comme millionisés. || Pour cheveux ternes, éteints, sans éclat. Conseils Professionnels Schwarzkopf : bien agiter le flacon ! Vaporisez sur cheveux essorés ou secs après chaque shampooing. Ne pas rincer. À utiliser régulièrement. Ne pas vaporiser vers les yeux.  Conserverle flacon à la verticale. || 12 mois après ouverture. Tenir à lécart du soleil et du froid. || 
26,00€ / L || 
5,20 € || 
Masque brillance 10 jours, Million Gloss || La boite de 150ml || Origine : ALLEMAGNE || La nouvelle formule aux constituants capillaires liquides identiques à ceux du cheveu comble précisément les zones endommagées pour une réparation intense. Vos cheveux sont ternes, éteints, sans éclats ? Gliss Million Gloss sa formule réparatrice contient de l'élixir-Gloss concentré. || Avec rinçage. Répartir en massant sur cheveux mouillés et lavés, et laissez agir 1 minute. Rincez soigneusement. Usage fréquent. || Aqua, cetearyl alcohol, behentrimonium chloride, glycol distearate, dimethicone, distearoylethyl hydroxyethylmonium methosulfate, dicaprylyl carbonate, prunus armeniaca kernel oil, amodimethicone/morpholinomethyl silsesquioxane copolymer, panthenol,cocodimonium hydroxypropyl hydrolyzed keratin, hydrolyzed keratin, glycerin, isopropyl alcohol, phenoxyethanol, methylparaben, parfum, polyquaternium-67, lactic acid, hexyl cinnamal, benzyl salicylate, limonene, trideceth-5, Cl42053. || 12 mois après ouverture. || 
41,87€ / L || 
6,28 € || 
Huile de soin précieuse, Cheveux très abimés, Secs || Le flacon de 75ml || Origine : ALLEMAGNE || Nourrit et sublime les cheveux. Soin intense en toute légèreté. || Vaporisez (1-2 pressions) sur les longueurs et pointes. En soin quotidien : sur cheveux secs, pour nourrir la fibre capillaire. Avant le brushing : sur cheveux essorés, pour faciliter le coiffage et assurer une meilleure tenue. Le geste beauté : en finition sur cheveux secs, pour illuminer et structurer la chevelure. || Cyclomethicone, trisiloxane, dimethiconol, helianthus annuus seed oil, argania spinosa kernel oil, parfum, benzyl alcohol, butylphenyl methylpropional, geraniol, hexyl cinnamal, citronellol, limonene, benzyl salicylate, linalool, alpha-isomethyl ionone, citral, CI 40800. || 12 mois après ouverture. A protéger contre les rayons du soleil. || 
127,60€ / L || 
9,57 € || 
Lait démêlant express à l'huile précieuse nourrissante           Cheveux secs, fourchus, sur-sollicités || Un flacon de 200ml || Origine : ALLEMAGNE || La nouvelle formule aux constituants capillaires liquides identiques à ceux du cheveu comble précisément les zones endommagées pour une réparation intense. Sa formule réparatrice est enrichie en huile précieuse nourrissante. Résultats : Démêlage facile & immédiat. Nourrit intensément et renforce la fibre capillaire, pour des cheveux sublimés. Redonne souplesse & luminosité aux cheveux très secs, fourchus et sur-sollicités. || Bien agiter le flacon ! Vaporisez sur cheveux essorés ou secs après chaque shampooing. Ne pas rincer. Ne pas vaporiser vers les yeux. Tenir à lécart du soleil et du froid. Conserver le flacon à la verticale. || Aqua, cyclomethicone, phenyl trimethicone, argania spinosa kernel oil, hydrolyzed keratin, cocodimonium hydroxypropyl hydrolyzed keratin, panthenol, dimethiconol, cetyl PEG/PPG-10/1 dimethicone, lactic acid, polyquaternium-16, parfum, cetrimonium chloride, sodium benzoate, hexyl cinnamal, linalool, limonene, phenoxyethanol, potassium sorbate, Cl 15985, Cl 47005. || 12 mois après ouverture. || 
26,00€ / L || 
5,20 € || 
Lait démêlant express Hair Repair, racines grasses, pointes sèches || Le spray de 200ml || Origine : ALLEMAGNE || Expert capillaires depuis plus de 100 ans, les professionnels Schwarzkopf créent Gliss, une gamme complète de soins capillaires. || Aqua, cyclomethicone, phenyl trimethicone, dimethiconol, lactic acid, polyquaternium-16, PEG/PPG-18/18 dimethicone, pantolactone, panthenol, parfum, cetrimonium chloride, sodium benzoate, laurdimonium hydroxypropyl hydrolyzed wheat protein, hydrolyzed wheat protein, benzophenone-4, limonene, butylphenyl methylpropional, hexyl cinnamal, hydroxyisohexyl 3-cyclohexene carboxaldehyde, citronellol, Cl15985, Cl16255. || 
26,50€ / L || 
5,30 € || 
Masque nutrition intense, cheveux secs, fourchus, sur-sollicités, à l'huile préciseuse nourrissante || Le pot de 200ml || Origine : ALLEMAGNE || La nouvelle formule aux constituants capillaires liquides identiques à ceux du cheveu comble précisément les zones endommagées pour une réparation intense. Nourrit intensément et renforce la fibre capillaire, redonne souplesse & luminosité aux cheveux secs et sur sollicités pour une chevelure sublimée. Agit en 1 min seulement. || Pour cheveux secs, fourchus, sur-sollicités. Appliquez mèche à mèche sur cheveux rincé ou essorés. Laissez agir 1 minute puis rincez abondamment. A utiliser 2 à 3 fois par semaine. || Aqua, cetearyl alcohol, behentrimonium chloride, glycol distearate, dimethicone, distearoylethyl hydroxyethylmonium methosulfate, dicaprylyl carbonate, argania spinosa kernel oil, hydrolyzed keratin, cocodimonium hydroxypropyl hydrolyzed keratin, panthenol, glycerin, isopropyl alcohol, phenoxyethanol, methylparaben, mica, parfum, polyquaternium-67, silica, citric acid, hexyl cinnamal, linalool, limonene, potassium sorbate, CI77891, CI77491, CI47005, CI15985. || 12 mois après ouverture. || 
36,00€ / L || 
7,20 € || 
Masque réparation ultra-ciblée, cheveux extrêment abîmés, secs || Le pot de 200ml || Origine : ALLEMAGNE || La nouvelle formule aux constituants capillaires liquides identiques à ceux du cheveu comble précisément les zones endommagées pour une réparation intense. Agit en 1 minute seulement. || Appliquez mèche à mèche sur cheveux rincés et essorés. Laissez agir 1 minute puis rincez abondamment. A utiliser 2 à 3 fois par semaine. || Aqua, cetearyl alcohol, behentrimonium chloride, glycol distearate, dimethicone, distearoylethyl hydroxyethylmonium methosulfate, dicaprylyl carbonate, polyquaternium-37, cocodimonium hydroxypropyl hydrolyzed keratin, hydrolyzed keratin, panthenol, phenoxyethanol, methylparaben, parfum, propylene glycol, propylene glycol, propylene glycol dicaprylate/dicaprate, PPG-1 trideceth-6, citric acid, hexyl cinnamal, sodium sulfates, linalool, limonene. || 12 mois après ouverture. || 
31,40€ / L || 
6,28 € || 
Masque soin anti-casse, Total repair || Le pot de 200ml || Origine : ALLEMAGNE || La formule du masque Gliss Total Repair contient 19 ingrédients actifs. Jusqu'à 100% de cheveux cassés en moins*. Pour des cheveux intensément nourris et brillants. Agit en 1 minute. *Mesure instrumentale en laboratoire après brossage de cheveux traités avec ce produit vs des cheveux non traités. || Appliquez mèche à mèche sur cheveux rincés et essorés. Laissez agir 1 minute puis rincez abondamment. A utiliser 2 à 3 fois par semaine. || Aqua, cetearyl alcohol, behentrimonium chloride, glycol distearate, dimethicone, distearoylethyl hydroxyethylmonium methosulfate, dicaprylyl carbonate, polyquaternium-37, propylene glycol, glycerin, panax ginseng root extract, arginine, acetyl tyrosine, arctium majus root extract, hydrolyzed soy protein, peg-12 dimethicone, polyquaternium- 11, niacinamide, ornithine HCl, citrulline, biotin, panthenol, cocodimonium hydroxypropyl hydrolyzed keratin, hydrolyzed keratin, parfum, phenoxyethanol, methylparaben, propylene glycol dicaprylate/dicaprate, ppg-1 trideceth-6, citric acid, vanilline, linalool. || 12 mois après ouverture. || 
36,00€ / L || 
7,20 € || 
Soin réparation + gloss, réparation ultra-ciblée, cheveux extrêmement abîmés, secs || Le flacon de 100ml || Origine : ALLEMAGNE || Gliss Ultimate Repair sa formule répare même les zones extrêmement abîmées. Répare la fibre capillaire jusqu'à 95% de cheveux cassés en moins. Brillance gloss. || Bien agiter le flacon ! Vaporisez sur les cheveux lavés et essorés. Ne pas rincer ! Inflammable. Ne pas vaporiser vers les yeux. Grader hors de la portée des enfants. || Aqua, alcohol denat, trisiloxane, PEG-7 glyceryl cocoate, glycerin, stearamidopropyl dimethylamine, cetrimonium chloride, cocodimonium hydroxypropyl hydrolyzed keratin, hydrolyzed keratin, panthenol, lactic acid, parfum, sodium sulfate, hexyl cinnamal, linalool, limonene, CI19140, CI17200. || 12 mois après ouverture. Tenir à l'abri des rayons du soleil et du froid. || 
70,60€ / L || 
7,06 € || 
Ultimate huile précieuse sérum, cheveux secs, fourchus, sur-sollicités || Le spray de 100 ml || Origine : ALLEMAGNE || Nourrit intensément et renforce la fibre capillaire, sans alourdir. Redonne souplesse & luminosité aux cheveux très secs, fourchus pour une chevelure sublimée. || Vaporisez sur cheveux essorés ou secs après chaque shampooing. Ne pas rincer. Déconseillé aux cheveux décolorés, blancs ou permanentés. Ne pas vaporiser vers les yeux. Ne pas laisser à la portée des enfants. || Alcohol denat, trisiloxane, cyclomethicone, argania spinosa kernel oil, helianthus annuus seed oil, octocrylene, vp/va copolymer, parfum, aqua, mica, silica, hexyl cinnamal, linalool, limonene, CI 77891, CI77491, CI40800. || 12 mois après  ouverture. A protéger contre les rayons du soleil. || 
72,00€ / L || 
7,20 € || 
BB baume de beauté, Omega repair, Cheveux abîmés, Secs || Le flacon de 100ml || Origine : ALLEMAGNE || 
102,50€ / L || 
10,25 € || 
Crystal brillance, Cheveux normaux, Ternes || Le flacon de 100ml || Origine : ALLEMAGNE || 
101,50€ / L || 
10,15 € || 
Diamond color, Huile lumière, Cheveux colorés ou méchés || Le flacon de 75ml || Origine : ALLEMAGNE || 
154,53€ / L || 
11,59 € || 
Huile finition beauté, Cheveux normaux, Ternes || Le flacon de 75ml || Origine : ALLEMAGNE || Brillance glamour. Reflets sublimés. || Cheveux normaux, ternes. Avant-shampooing, pour un soin ultra léger. Après-shampooing, pour lisser la fibre capillaire. En finition, pour donner une touche de lumière 100% glamour. || Cyclomethicone, dimethiconol, prunus armeniaca kernel oil, octocrylene, parfum, hexyl cinnamal, linalool, limonene, benzyl salicylate, alpha-isomethyl ionone, coumarin, geraniol, citronellol. || 12 mois après ouverture. Tenir à l'écart du soleil. || 
154,53€ / L || 
11,59 € || 
Lotion volume racines, Biotine+ volume, Cheveux fins, sans volume || Le flacon de 100ml || Origine : ALLEMAGNE || 
102,50€ / L || 
10,25 € || 
Masque intense, Diamond color, Cheveux colorés ou méchés || Le pot de 200ml || Origine : ALLEMAGNE || 
40,45€ / L || 
8,09 € || 
Masque intense, Omega repair, Cheveux abîmés, Secs || Le pot de 200ml || Origine : ALLEMAGNE || 
40,45€ / L || 
8,09 € || 
Spray booster brillance, Diamond color, Cheveux colorés ou méchés || Le flacon de 100ml || Origine : ALLEMAGNE || 
102,50€ / L || 
10,25 € || 
Spray démêlant, Biotine+ volume, Cheveux fins, Sans volume || Le flacon de 200ml || Origine : ALLEMAGNE || 
34,75€ / L || 
6,95 € || 
Crème de soin nutrition intense sans rinçage, à l'huile d'avocat et beurre de karité, cheveux très secs ou frisés || Le flacon de 200ml || Origine : FRANCE || Nourris intensément, vos cheveux sont extrêmement faciles à coiffer. Ils sont incroyablement souples, brillants et doux au toucher.Véritable recette de nutrition intense pour les cheveux très secs ou frisés, la crème de soin Nutrition Intense GarnierUltra Doux combine les vertus assouplissantes de l'huile d'Avocat et les propriétés hautement nutritives du Beurre de Karité, dans une crème de soin onctueuse et légère qui fond dans vos cheveux. || A utiliser chaque jour au moment du coiffage sur cheveux secs ou mouillés. Secouer le flacon tête en bas, puis le presser. Répartir la crème dans vos cheveux. Pas besoin de rincer. Et procéder au coiffage. En cas de contact avec les yeux, les rincerimmédiatement. || Aqua/water, cetearyl alcohol, cetyl esters, Cl19140/yellow 5, Cl15985/yellow 6, phenoxyethanol, behentrimonium chloride, trideceth-6, limonene, linalool, benzyl salicylate, benzyl alcohol, amodimethicone, persea gratissima oil/avocado oil, butyrospermum parkii butter/shea butter, cetrimonium chloride, butylphenyl methylpropional, citronellol, coumarin, hexyl cinnamal, parfum/fragrance (FIL C34896/1). || 12 mois après ouverture. || 
24,05€ / L || 
4,81 € || 
Crème de soin réparation intense sans rinçage, à la mangue et fleur de tiaré, cheveux secs, abîmés || Le flacon de 200ml || Origine : FRANCE || La crème de soin Réparation Intense Garnier Ultra Doux associe la Mangue, aux vertus nourrissantes et réparatrices, à la Fleur de Tiaré réputée pour ses propriétés adoucissantes et satinantes.Une crème de soin onctueuse et veloutée qui fond dans voscheveux. Résultat : nourris, vos cheveux sont comme repulpés, reposés, jusqu'aux pointes. Ils retrouvent toute leur souplesse et leur vitalité. Faciles à coiffer, ils sont brillants, doux au toucher comme satinés. || À utiliser chaque jour au moment du coiffage sur cheveux secs ou mouillés. Secouez le flacon tête en bas, puis le presser. Répartir la crème dans vos cheveux. Pas besoin de rincer. Et procéder au coiffage. || Aqua/water, cetearyl alcohol, cetyl esters, Cl19140/yellow5, Cl17200/red 33, cocos nucifera oil/coconut oil, phenoxyethanol, behentrimonium chloride, trideceth-6, limonene, mangifera indica seed oil/mango seed oil, benzyl alcohol, benzyl salicylate,linalool, amodimethicone, geraniol, gardenia tahitensis flower, cetrimonium chloride, coumarin, hexyl cinnamal, parfum/fragrance (FIL C36534/1). || A utiliser dans les 12 mois après ouverture. || 
23,65€ / L || 
4,73 € || 
Huile merveilleuse, Tous les types de cheveux || Le flacon de 150ml || Origine : FRANCE || Véritable embellisseur capillaire, l'huile merveilleuse associe 2 huiles de légendes aux vertus multiples. Une pression suffit pour faire des merveilles : nutrition, souplesse, brillance etc. || A appliquer sur longueurs et pointes, mèche à mèche. || Cyclopentasiloxane, dimethiconol, argania spinosa oil/argania spinosa kernel oil, ethylhexyl methocinnamate, camellia oleifera seed oil, limonene, linalool, benzyl alcohol, geraniol, citronellol, hexyl cinnamal, parfum (FIL C51607/1). || 18 mois après ouverture. || 
66,27€ / L || 
9,94 € || 
Masque nourrissant, huiles d'argan et camélia, pour cheveux secs || Le pot de 300ml || Origine : FRANCE || Nourris en profondeur et protégés jusqu'aux pointes, vos cheveux retrouvent une souplesse et une douceur incomparables. Ils deviennent brillants et resplendissent de beauté. Dans sa nouvelle recette de soin pour les cheveux secs, Garnier Ultra doux associe 2 huiles précieuses aux vertus merveilleuses. Héritée des secrets de beauté des femmes marocaines, l'huile d'argan aux propriétés nutritives se mêle à l'huile de camélia, réputée pour apporter éclat et douceur à vos cheveux. || Appliquez sur les longueurs et les pointes. Laissez poser 3 à 5 minutes pour un résultat optimal et rincez. || Aqua, cetearyl alcohol, quaternium-87, paraffinum liquidum/mineral oil, behentrimonium chloride, cetyl esters, glycerin, CI19140/yellow5, CI14700/red4, hydroxyethylcellulose, phenoxyethanol, argania spinosa oil/argania spinosa kernel oil, camellia oleifera seed oil, limonene, linalool, benzyl alcohol, propylene glycol, isopropyl alcohol, caprylyl glycol, geraniol, citronellol, citric acid, hexyl cinnamal, parfum (FIL C158281/1). Sans paraben, sans silicone. || 12 mois après ouverture. || 
20,90€ / L || 
6,27 € || 
Masque nutrition intense à rincer, à l'huile d'avocat et de beurre de karité, cheveux très secs ou frisés || Le pot de 300ml || Origine : FRANCE || Véritable recette de nutrition intense pour les cheveux très secs et frisés, Garnier Ultra Doux a mélanger de l'huile d'avocat aux propriétés assouplissantes et du beurre de karité aux vertus hautement nutritives, dans une crème onctueuse et légère qui fond instantanément dans vos cheveux. Résultat : nourris intensément et extrêmement faciles à coiffer, vos cheveux sont réparés et assouplit en profondeur. Ils retrouvent une douceur et une brillance irrésistibles, et regorgent de santé. || 3 minutes de plaisir pour ressourcer vos cheveux. Enrobez-les d'une crème velouté soyeuse qui agit en profondeur, pour un moment de pur détente. Après le rinçage, vos cheveux sont nourris en profondeur et retrouvent une douceur incomparable.  En casde projection dans les yeux, les rincer immédiatement. || Aqua/water, cetearyl alcohol, behentrimonium chloride, glycerin, cetyl esters, amodimethicone, Cl19140/yellow 5, Cl15985/yellow 6, trideceth-6, chlorhexidine dihydrochloride, dimethyl tin dineodecyl ester, persea gratissima/avocado oil, methylparaben, butyrospermum parkii/shea butter, cetrimonium chloride, hexyl cinnamal, parfum/fragrance (FIL C25242/1). || 
20,43€ / L || 
6,13 € || 
Masque reconstituant, Cheveux fragiles, Cassants || Le pot de 300ml || Origine : FRANCE || 
21,27€ / L || 
6,38 € || 
Masque réparateur après-soleil || Le pot de 300ml || Origine : FRANCE || Garnier Ultra Doux crée une recette de soin délicieusement ensoleillée, idéale pour garder des cheveux sublimes tout l'été. L'huile de Monoï, réputée pour ses puissantes vertus nourrissantes, réparatrices et protectrices, se mêle au Néroli, huile précieuse extraite de la fleur d'oranger, reconnue pour son arôme floral exquis et ses propriétés relaxantes. Résultat : vos cheveux exposés au soleil, à la plage ou à la piscine sont nourris intensément, réparés et protégés. Assouplis et démêlés sur toute la longueur, ils sont plus faciles à coiffer. Sa texture riche se rince facilement et enveloppe vos cheveux d'un parfum paradisiaque. || Appliquez sur les longueurs et les pointes. Laissez poser 3 à 5 minutes pur un résultat optimal et rincez. Attention ne pas avaler. Ne pas laisser à la portée des enfants. En cas de contact avec les yeux, les rincer immédiatement. || 12 mois après ouverture. || 
20,90€ / L || 
6,27 € || 
Masque réparateur intense à la mangue et fleur de tiaré à rincer, extraits naturels, cheveux secs, abîmés || Le pot de 300ml || Origine : FRANCE || Nourris, vos cheveux sont comme repulpés, réparés jusqu'aux pointes.Véritable recette de nutrition et réparation pour les cheveux secs, abîmés, le masque soin Garnier Ultra Doux associe la mangue à la fleur de tiaré dans une crème onctueuse et veloutée qui fond instantanément dans vos cheveux. || Après votre shampooing, appliquez généreusement jusqu'aux pointes. Laissez agir 3 minutes et rincez. En cas de contact avec les yeux, les rincer immédiatement. || Aqua/water, cetearyl alcohol, dipalmitoylethyl hydroxyethylmonium methosulfate, cetyl esters, Cl19140/yellow 5, Cl17200/red 33, cocos nucifera oil/coconut oil, sodium hydroxyde, trideceth-6, benzoic acid, mangifera indica seed oil/mango seed oil, benzyl alcohol, benzyl salicylate, linalool, amodimethicone, caprylyl glycol, gardenia tahitensis flower, cetrimonium chloride, coumarin, hexyl cinnamal, parfum/fragrance (FIL C36822/1). || A utiliser dans les 12 mois après ouverture. || 
20,90€ / L || 
6,27 € || 
Trèsors reconstituant, Ciment spécial pointes || Le tube de 50ml || Origine : FRANCE || Sur les cheveux, la formule de ce sérum agit comme un ciment elle scelle et lisse les pointes fourchues. Son parfum subtil et gourmand aux notes miellées vous accompagnera toute la journée. || Attention à ne pas avaler. Ne pas laisser à la portée des enfants. En cas de contact avec les yeux, les rincer immédiatement. || 18 mois après ouverture. || 
171,00€ / L || 
8,55 € || 
Huile élixir, Nutrition intense, Cheveux très secs, Frisés || Le flacon pompe de 150ml || Origine : FRANCE || Pour sa recette, Le Petit Marseillais s'est inspiré de leurs rituels de beauté et a sélectionné l'huile de karité et l'huile d'argan. 1 huile élixir pour 4 utilisations : avant le shampooing : pour nourrir intensément et réparer. Avant le brushing :pour faciliter le coiffage. En soin régulier : pour sublimer. L'été : pour protéger du dessèchement. || Appliquez sur les longueurs et les pointes. || Glycine soja oil, argania spinosa kernel oil, butyrospermum parkii oil, lecithin, ascorbyl palmitate, tocopherol, parfum, benzyl salicylate, coumarin, hexyl cinnamal, limonene, linalool, benzyl benzoate, citronellol. Sans paraben. || 12 mois après ouverture. || 
71,33€ / L || 
10,70 € || 
Masque nutrition intense huile de karité et huile d'argan || Le pot de 300ml || Origine : FRANCE || Aqua, Isopropyl Alcohol  Aqua  Behentrimonium Chloride, Cetearyl Alcohol, Oleic/Linoleic/Linolenic Polyglycerides, Glycerin, Polyquaternium-22  Aqua, Polyester-11, Virgin Argan Oil, Shea Oil, Sodium Benzoate, Parfum, Citric Acid, CI15985, CI19140, || 
19,87€ / L || 
5,96 € || 
Masque protection et Réparation, Sève d'olivier et au lait d'acacia || Le pot de 300ml || Origine : FRANCE || Intensément nourris et réparés, vos cheveux sont plus forts de la racine jusqu'au pointes et sont plus faciles à démêler. Eclatants de santé, ils sont plus beaux, plus doux, plus brillants. 2 ingrédients récoltés sous le soleil du bassin méditerranéen : l'extrait de sève d'olivier, liquide vital de l'arbre, reconnu pour sa résistance, l'acacia, arbuste dont les feuilles sont récoltées à la main dans le Sud de la France. || Cheveux abîmés, fragilisés. Appliquez le masque sur toute la longueur des cheveux lavés et essorés. Laissez agir 3 minutes pour un maximum d'efficacité et rincez soigneusement. Sa texture crémeuse au parfum agréable n'alourdit pas les cheveux. || 12 mois après ouverture. || 
19,87€ / L || 
5,96 € || 
Masque soin au beurre de karité et au miel, cheveux secs, abîmés et cassants || Le pot de 300ml || Origine : FRANCE || L'efficacité des ingrédients naturels du Sud Le beurre de karité, utilisé pour ses vertus réparatrices, est associé au miel aux propriétés nourrissantes. Nourris, vos cheveux sont fortifiés. Ils retrouvent douceur, vitalité et souplesse. Naturellement. || Appliquez sur toute la longueur des cheveux lavés et essorés, laissez agir 3 minutes pour un maximum d'efficacité et rincez soigneusement à l'eau tiède ou froide. || Aqua, cetyl alcohol, cyclomethicone, behentrimonium chloride glyceril stearate, ceteth-20, cetearyl alcohol, cocos nucifera, methoxy PEG/PPG 7/3 aminopropyl dimethicone, butyrospermum parkii butter, parfum, steareth-20, potassium sorbate, guar hydroxypropyltrimonium chloride, cetrimonium chloride, citric acid, propylene glycol, gardenia tahitensis, methylisothiazolinone, mel extract, tocopherol, Cl19140, Cl15985. || 12 mois après ouverture. || 
17,53€ / L || 
5,26 € || 
Spray soin & Brillance, sans rinçage || Le flacon de 200ml || Origine : FRANCE || Spray soin brillance Le Petit Marseillais illumine les cheveux en un seul geste sans les alourdir. Les propriétés naturelles des ingrédients : l'extrait de fleur de coton est réputé pour ses vertus adoucissantes. Le vinaigre de fruit est traditionnellement reconnu pour éliminer les résidus des cheveux et les faire briller. || Sans rinçage, appliquez quelques vaporisations sur cheveux secs ou humides. || Aqua, polyquaternium-22, acetum, ficus carica fruit extract, gossypium herbaceum flower extract, ppg-26-buteth-26, glycerin, propylene glycol, peg-40 hydrogenated castor oil, polysorbate 20, lactic acid, sodium benzoate, potassium sorbate. || 12 mois après ouverture. || 
22,40€ / L || 
4,48 € || 
Nutri spray sous la douche, Cheveux secs || Le flacon de 200ml || Origine : FRANCE || Enrichie en huiles d'abricot, de mangue et d'amande, sa formule pénètre immédiatement les cheveux pour les transformer des racines jusqu'aux pointes. || Sous la douche, après chaque shampooing, appliquer 10 à 12 vaporisations sur cheveux mouillés. Répartir uniformément avec les mains. Rincer immédiatement. Eviter le contact avec les yeux ou les peaux sensibles. En cas de contact avec les yeux, les rincer immédiatement. || Aqua/water, quaternium-87, stearyl alcohol, behentrimonium chloride, cetyl esters, niacinamide, saccharum officinarum extract/sugar cane extract, trideceth-6, polysorbate 20, chlorhexidine digluconate, limonène, camellia sinensis leaf extract, candelilla cera/candelilla wax, linalool, benzyl salicylate, benzyl alcohol, mangifera indica seed oil/ mango seed oil, propylène glycol, amodimethicone, isopropyl alcohol, 2-oleamido-1,3-octadecanediol, pyrus malus extract/apple fruit extract, pyridoxine,hci, potato starch modified, citric acid, butylphenyl methylpropional, cetrimonium chloride, citrus medica limonum peel extract/lemon peel extract, prunus amygdalus dulcis oil/sweet almond oil, prunus armeniaca kernel oil/apricot kernel oil, hexyl cinnamal, parfum/fragrance (FIL C164310/2). || 12 mois après ouverture. || 
41,70€ / L || 
8,34 € || 
Sérum, Matière & densité sans rinçage || Le flacon de 50ml || Origine : FRANCE || Vous rêvez d'une chevelure visiblement plus abondante, épaisse au toucher ? Fructis Matière & Densité est fait pour vous ! Ce sérum apporte force, résistance, épaisseur à vos longueurs affinées. || Aqua / water, hydroxyethylcellulose, vp/va copolymer, ci 19140 / yellow 5, ci 17200 / red 33, phenoxyethanol, peg-40 hydrogenated castor oil, triethanolamine, aminopropyl triethoxysilane, benzyl alcohol, linalool, punica granatum extract, 2-oleamido-1,3-octadecanediol, methylisothiazolinone, hexyl cinnamal, styrene/acrylates copolymer, amyl cinnamal, parfum / fragrance. ( f. i . L c163402/2). || 
156,40€ / L || 
7,82 € || 
Huile miraculeuse || Le flacon de 150ml || Origine : FRANCE || 
68,60€ / L || 
10,29 € || 
Masque fortifiant Oil Repair, pour cheveux desséchés, sensibilisés, abîmés || Le pot de 300ml || Origine : FRANCE || La force unique de 3 huiles pour une triple nutrition. Huile d'olive : nourrit en profondeur. Huile d'avocat : nourrit et assouplit. Huile de karité : nourrit et adoucit. || Répartir généreusement sur cheveux essorés, laisser pauser 1 minute et rincer. En cas de contact avec les yeux, les rincer immédiatement. || Aqua/water, cetearyl alcohol, behentrimonium chloride, peg-180, cetyl esters, niacinamide, ribes nigrum / black currant seed oil, saccharum officinarum extract/sugar cane extract, hydroxyethylcellulose, olea europaea oil/olive fruit oil, trideceth-6,chlorhexidine dihydrochloride, camellia sinensis extract/camellia sinenis leaf extract, benzyl alcohol, linalool, amodimethicone, isopropyl alcohol, pyrus malus extract/apple fruit extract, pyridoxine HCI, persea gratissima oil/avocado oil, methylparaben, butyrospermum parkii butter/shea butter, citric acid, cetrimonium chloride, butylphenyl methylpropional, citrus medica limonum peel extract/lemon peel extract, parfum/fragrance. (FIL C42540/2). || 12 mois après ouverture. || 
21,80€ / L || 
6,54 € || 
Nutri-repair, démêlant-soin instantané, sans rinçage, cheveux secs, abîmés || Le spray de 150ml || Origine : FRANCE || Enrichie en sève de bambou, sa formule nourrit les boucles pour un ressort et une définition longue durée. Nourris et réparés, les cheveux redeviennent soyeux, fluides & lumineux en 1 seul geste. || Bien secouer le flacon et appliquer sur cheveux essorés ou secs, ne pas rincer. Une texture si légère qu'elle peut être utilisée tous les jours. Eviter de vaporiser sur une peau irritée ou vers les yeux. En cas de contact avec les yeux, les rincer immédiatement et abondamment avec de l'eau. || Aqua/water, isododecane, cyclopentasiloxane, Cl19140/yellow 5, Cl15985/yellow 6, niacinamide, saccharum officinarum extract/sugar cane extract, phenyl trimethicone, phenoxyethanol, behentrimonium chloride, trideceth-5, trideceth-10, polyquaternium-16, polyaminopropyl biguanide, dimethiconol, dimethicone, camellia sinensis extract/camellia sinensis leaf extract, benzyl alcohol, linalool, amodimethicone, pyrus malus extract/apple fruit extract, pyridoxine hci, persea gratissima oil/avocado oil, citric acid, butylphenyl methylpropional, citronellol, citrus medica limonum peel extract/lemon peel extract, laureth-23, laureth-4, prunus armeniaca kernel oil/apricot kernel oil, parfum/fragrance (FIL C34629/1). || 12 mois après ouverture. || 
30,80€ / L || 
4,62 € || 
Masque réparateur, Fleur de lotus & jojoba || Le pot de 300ml || Origine : FRANCE || Cette formule exceptionnelle hydrate, ravive et rend la fibre capillaire soyeuse et souple, pour des cheveux sains et éclatants naturellement ! || Appliquer sur les longueurs et pointes. Pour une utilisation quotidienne, rincer soigneusement. Pour réhydrater en profondeur, laisser reposer 3 à 5 min et rincer abondamment à l'eau tiède. Eviter le contact avec les yeux, si cela se produit, rincerabondamment à l'eau. || Aqua, cetearyl alcohol, behentrimonium chloride, cetyl esters, parfum, cetrimonium chloride, isopropyl alcohol, butyrospermum parkii, cocos nucifera (coconut) oil, panthenol, simmondsia chinensis (jojoba) seed oil, glycerin, bis-isobutyl peg/ppg-20/35/amodimethicone copolymer, cetyl ethylhexanoate, magnesium nitrate, benzyl alcohol, polysorbate 80, butylene glycol, nelumbium speciosum flower extract, gluconolactone, magnesium chloride, sodium benzoate, methylchloroisothiazolinone, potassium sorbate, methylisothiazolinone. || 12 mois après ouverture. || 
24,00€ / L || 
7,20 € || 
S.O.S.Help Me!, Masque réparateur || Le pot de 300ml || Origine : ROYAUME UNI || SOS Help Me ! Le Masque. La superstar des traitements réparateur. Quand les cheveux ont besoin d'une solution de choc.Avec ses extraits de karité il restructure les cuticules tout en apportant de la brillance. || Masser une noisette de masque des racines aux pointes. Laisser reposer 3 minutes et rincer abondamment. Eviter le contact avec les yeux. Si cela se produit, rincer abondamment à l'eau. || Aqua (water), cetearyl alcohol, behentrimonium chloride, cetyl esters, glycerin, boswellia serrata (olibanum) gum, butyrospermum parkii (shea butter), panthenol, parfum (fragrance), glycereth-26, tetrasodium edta, cetrimonium chloride, dipropylene glycol, isopropyl alcohol, citric acid, magnesium nitrate, magnesium chloride, benzyl alcohol, methylchloroisothiazolinone, methylisothiazolinone. || 12 mois après ouverture. || 
24,00€ / L || 
7,20 € || 
Après-Shampoing, Miracle moist || Le flacon de 250ml || Origine : FRANCE || Finis les matins à se prendre la tête avec ses cheveux ! Notre formule spéciale, à l'huile de noix de macadamia d'Australie, aide à hydrater et adoucir les cheveux. || Pour cheveux secs, abîmés et malheureux. Pour un meilleur résultat nous conseillons de commencer par le shampoing Aussie Miracle Moist puis de passer en douceur à ce fabuleux après-shampoing ! Rincer à l'eau tiède. || Aqua, cetyl alcohol, stearamidopropyl dimethylamine, stearyl alcohol, quaternium-18, benzyl alcohol, cetearyl alcohol, hydroxypropyl guar, parfum, bis-aminopropyl dimethicone, oleyl alcohol, glyceryl stearate, citric acid, polysorbate 60, edta, limonene, magnesium nitrate, aloe barbadensis leaf juice, macadamia ternifolia seed oil, Cl 19140,  methylchloroisothiazolinone, magnesium chloride, methylisothiazolinone, Cl 17200, ascorbic acid, sodium benzoate, sodium sulfite, potassium sorbate. || 12 mois après ouverture. || 
28,80€ / L || 
7,20 € || 
Soin intensif, Colour || Le flacon de 250ml || Origine : FRANCE || Revitalise et régénère. Notre formule spéciale à l'extrait de pêche sauvage d'Australie est une concoction étonnante. En seulement 3 minutes, elle aide à transformer les cheveux rêches en une chevelure canon, revitalisée et éclatante. || Commencer par le shampoing Aussie Color Mate, appliquer un splotch de produit et laisser poser sur les cheveux (selon leur état de manque). Rincer à l'eau tiède. || 12 mois après ouverture. || 
37,04€ / L || 
9,26 € || 
Soin intensif, Frizz remedy || Le flacon de 250ml || Origine : FRANCE || Lisse et contrôle les frisottis. Pour moins de frisottis et des cheveux souples et brillants, voici notre formule unique à l'aloe vera et huile de graines de jojoba d'Australie ! || Après le shampoing, appliquer un splotch de 3 Minute Miracle Frizz Remedy et laisser poser 1 à 3 minutes. Rincer à l'eau tiède. || 12 mois après ouverture. || 
37,04€ / L || 
9,26 € || 
Soin intensif, Luscious long || Le flacon de 250ml || Origine : FRANCE || Douceur soyeuse. Notre formule de soin intensif à l'extrait d'eucalyptus d'Australie et à l'huile d'avocat, pénètre et nourrit chaque cheveu des racines aux pointes, et aide à limiter la casse due au brossage. || Démarrer avec le shampoing Aussie Luscious Long puis appliquer le soin sur cheveux propres et essorés et laisser poser 1 à 3 minutes. Rincer à l'eau tiède. || 12 mois après ouverture. || 
37,04€ / L || 
9,26 € || 
Soin intensif, Reconstructor || Le flacon de 250ml || Origine : FRANCE || Redonne souplesse et brillance. En 3 minutes chrono, notre formule spéciale à l'extrait de mélisse citronnelle d'Australie, aide à transformer les cheveux secs et abîmés en une crinière brillante et facile à coiffer. || Appliquer un splotch de 3 Minute Miracle sur cheveux propres et humides. Laisser agir de 1 à 3 minutes. Rincer à l'eau tiède. || 12 mois après ouverture. || 
37,04€ / L || 
9,26 € || 
Soin intensif, Shine || Le flacon de 250ml || Origine : FRANCE || Super brillance. Ce soin miracle nourrit profondément et lisse les cheveux, les rendant resplendissants en 3 minutes à peine. Inspirée d'anciens secrets de beauté d'Australie, cette formule combine des extraits de ginseng d'Australie et à la poudre de perles scintillantes. || Après le shampoing Miracle Shine, répartir sur les cheveux. Rincer et chercher une coiffure belle et lumineuse. || 12 mois après ouverture. || 
37,04€ / L || 
9,26 € || 
Karité, crème de soin, sans rinçage || Le pot de 300ml || Origine : FRANCE || Enrichie en karité, la Crème de Soin DOP démêle et nourrit intensivement les cheveux très secs ou frisés.Vos cheveux font le plein de souplesse, de douceur et de brillance, ils sont incroyablement doux au toucher et beaux à regarder. || Chaque jour, au moment du coiffage, appliquer sur cheveux secs ou humides la crème de soin DOP au Karité. Ne pas rincer. Procéder à la mise en forme des cheveux. En cas de projection dans les yeux, les rincer immédiatement. || Aqua/water, cetearyl alcohol, amodimethicone, cetyl, esters, linalool, trideceth-6, behentrimonium chloride, coumarin, phenoxyethanol, limonene, cetrimonium chloride, butyrospermum parkii butter/shea butter, hexyl cinnamal, benzyl alcohol, parfum/fragrance, C38711/1. || 12 mois après ouverture. || 
15,60€ / L || 
4,68 € || 
Masque minute, Après-shampooing || Le tube de 180ml || Origine : FRANCE || Riche comme un masque, mais rapide et léger comme un après-shampooing. Il laisse vos cheveux instantanément nourris jusqu'aux pointes. || Appliquez sur cheveux mouillés, laissez poser une minute. Rincez pour un résultat instantané. || Aqua, cetearyl alcohol, dimethicone, stearamidopropyl dimethylamine, lactic acid, behentrimonium chloride, glycerin, parfum, dipropylene glycol, petrolatum, paraffinum liquidum, PEG-180M, amodimethicone, sodium chloride, trehalose, gluconolactone, PEG-150 distearate, DMDM hydantoin, disodium EDTA, PEG-7 propylheptyl, ether, sodium hydroxyde, cetrimonium chloride, phenoxyethanol, benzyl salicylate, butylphenyl methylpropional, citronellol, hexyl cinnamal, hydroxycitronellal, linalool, CI 15985, CI 19140. || 12 mois après ouverture. || 
23,72€ / L || 
4,27 € || 
Masque professionnel, Extra riche || Le pot de 400ml || Origine : FRANCE || Ultra-nutrition & détente. Beurre de karité & huile de coco. || Idéal cheveux méditerranéens. Appliquez généreusement sur cheveux mouillés, laissez agir 3 ou 4 minutes, puis rincez abondamment. En cas de contact avec les yeux, les rincer immédiatement. || Aqua/water, cetearyl alcohol, paraffinum liquidum/mineral oil, dipalmitoylethyl hydroxyethylmonium methosulfate, cetyl esters, Cl19140/yellow 5, Cl14700/red 4, methylparaben, cocos nucifera oil/coconut oil, cetrimonium chloride, citric acid, butyrospermum parkii butter/shea butter, hexyl cinnamal, benzyl salicylate, benzyl alcohol, parfum/fragrance. (F.I.L. C47614/1). || 12 mois après ouverture. || 
18,78€ / L || 
7,51 € || 
Masque professionnel réparation intense au céramide reconstituant || Le pot de 400 ml || Origine : FRANCE || Céramide reconstituant. Restaure & renforce. || Appliquez généreusement sur cheveux mouillés, laissez agir 3 ou 4 minutes, puis rincer abondamment. En cas de contact avec les yeux, les rincer immédiatement. || Aqua/water, cetearyl alcohol, elaeis guineensis oil/palm oil, behentrimonium chloride, stearamidopropyl dimethylamine, glycerin, methylparaben, 2-oleamido-1,3-octadecanediol, chlorhexidine dihydrochloride, citric acid, hexyl cinnamal, butylphenyl methylpropional, parfum/fragrance (F.I.L. C38403/1). || 12 mois après ouverture. || 
18,40€ / L || 
7,36 € || 
Soin professionnel reconstituant anti-casse || Le flacon de 300ml || Origine : FRANCE || 
25,37€ / L || 
7,61 € || 
Soin professionnel ultra-nourrissant sans rinçage, Beurre de karité & huile de coco, Cheveux épais, très secs ou frisés || Le flacon de 300ml || Origine : FRANCE || Mon soin professionnel nutrition+, enrichi au beurre de karité et à l'huile de coco nourrit intensément & assouplit la fibre. Vos cheveux sont disciplinés, souples & durablement brillants. || Le jour de votre shampooing, appliquez une noisette sur cheveux mouillés, en insistant bien sur les pointes. Au quotidien, utilisez en retouche sur cheveux secs, pour dompter les frisottis ou redéfinir vos boucles. || Aqua/water, cetearyl alcohol, cetyl esters, Cl19140/yellow 5, Cl17400/red 4, amodimethicone, trideceth-6, behentrimonium chloride, phenoxyethanol, cocos nucifera oil/coconut oil, limonene, isopropyl alcohol, cetrimonium chloride, butyrospermum parkiibutter/shea butter, hexyl cinnamal, benzyl salicylate, benzyl alcohol, parfum/fragrance (F.I.L. C47617/1). || 12 mois après ouverture. || 
24,00€ / L || 
7,20 € || 
Soin protecteur de chaleur sans rinçage || Le flacon de 300ml || Origine : FRANCE || Le 1er spray protecteur de chaleur jusqu'à 180°C qui facilite le coiffage. Sa formule enrichie en actif protecteur de chaleur agit comme un bouclier contre les méfaits des appareils chauffants.Son format généreux permet un usage jour après jour. Protégés de la chaleur, vos cheveux sont doux et faciles à mettre en forme. || Agitez avant usage. Appliquez sur l'ensemble de la chevelure avant d'utiliser votre séchoir, fer a lisser ou autres appareils chauffants. Peut s'utiliser quotidiennement. Ne pas rincer. En cas de contact avec les yeux, rincer immédiatement. || Aqua/water, dimethicone, stearyl alcohol, peg-40 hydrogenated castor oil, linalool, amodimethicone, trideceth-6, behentrimonium chloride, salicylic acid, phenoxyethanol, xylose, isopropyl alcohol, laureth-4, laureth-23, cetrimonium chloride, citronellol, hexyl cinnamal, butylphenyl methylpropional, benzyl salicylate, benzyl alcohol, parfum/fragrance. (F.I.L. C41266/1). || 12 mois après ouverture. || 
24,53€ / L || 
7,36 € || 
Gelée éclaircissante, Effet soleil || Le pot de 150ml || Origine : FRANCE || Reflets blonds lumineux et ensoleillés, éclaircissement progressif. Effet méché. Effet Tie & Die. Application ultra-facile, pour cheveux châtains à blonds. Sans rinçage. || Appliquer à la main sur cheveux lavés et essorés ou secs pour le look de vos envies ! Pour un effet méché, appliquer des racines aux pointes pour ensoleiller et donner du contraste à vos cheveux. Pour un effet Tie & dye, appliquer uniquement sur lespointes. Ne pas appliquer sur cheveux colorés. Ne couvre pas les cheveux blancs. Ne pas utiliser sur une couleur naturelle plus foncée que châtain. Si vos cheveux sont plus prononcé, il est préférable d'attendre une quinzaine de jours après la permanente avant d'utiliser le produit. Contient du peroxyde d'hydrogène. Eviter le contact avec les yeux, la peau et les vêtements. Porter des gants appropriés. Rincer immédiatement et abondamment les yeux si le produit entre en contact avec ceux-ci. Ce produit est exclusivement destiné à l'éclaircissement des cheveux. Il serait dangereux de s'en servir pour un autre usage. Ne pas appliquer si vous avez le cuir chevelu sensible, irrité ou abîmé. Ne convient pas aux enfants. Tenir hors de la portée des enfants. || Aqua/water, alcohol denat, hydrogen peroxide, ammonium acryloyldimethyltaurate / steareth 25 methacrylate, crosspolymer, isopropyl myristate, chamomilla recutita extract / matricaria flower extract, sodium stannate, benzyl salicylate, benzyl alcohol,linalool, benzyl benzoate, propylene glycol, phosphoric acid, geraniol, tetrasodium pyrophosphate, coumarin, hexyl cinnamal, parfum / fragrance. Fil C161390/2. || 18 mois après ouverture. || 
12,56€ / Pce || 
12,56 € || 
Pur monoï Tahiti AO, soin capillaire, cheveux secs et abîmés || le flacon de 100ml || Origine : FRANCE || Grâce à l'effet nourrissant et réparateur du monoï, ce soin capillaire est idéal pour les cheveux secs, abîmés ou cassants. L'association du monoï et d'un hydratant capillaire aide à protéger les cheveux du dessèchement, leur apporte brillance et facilite leur coiffage. Appellation d'origine : 97,5%. || Appliquez en insistant sur les pointes. Ne pas rincer. Ne pas avaler. Eviter le contact avec les yeux. En cas de contact, rincer abondamment à l'eau claire. || Cocos nucifera (coconut) oil, gardenia tahitensis flower extract, parfum (fragrance), phytantriol, tocopherol, amyl cinnamal, linalool, benzyl salicylate, butylphenyl methylpropional, benzyl benzoate, benzyl alcohol, géraniol. || Eviter l'exposition prolongée à la chaleur et à la lumière. A utiliser dans les 12 mois après ouverture. || 
78,20€ / L || 
7,82 € || 
Elixir soin brillance, Tous types de cheveux || Le spray de 125ml || Origine : FRANCE || L'Elixir Soin Brillance Lovea Nature enrichi en huile d'Argan nourrissante, protège tous les types de cheveux. Sa texture non grasse concentrée en nacres sublime votre chevelure. || En cas de contact avec les yeux, rincez abondamment à l'eau claire. || Cyclopentasiloxane, cyclohexasiloxane, dimethiconol, argania spinosa kernel oil, silica dimethyl silylate, parfum (fragrance), alcohol denat, tocophérol, helianthus annuus (sunflower) seed oil, synthetic fluorphlogopite, cl77891, cl77491, benzyl salicylate, coumarin, hexyl cinnamal, limonène, linalool. || 12 mois après ouverture. || 
63,33€ / L || 
7,60 € || 
Masque nutritif karité, Cheveux secs || Le pot de 500ml || Origine : FRANCE || Masque au karité pour les cheveux secs. || Répartir le masque sur cheveux essorés. Masser délicatement. Laisser agir 5 minutes environ puis rincer soigneusement. || Aqua (water), cetyl alcohol, glyceryl stearate, butyrospermum parkii butter, cetrimonium chloride, panthenol, parfum (fragrance), ceteareth-20, bht, benzophenone-4, magnesium nitrate, pantolactone, cl19140, cl15985, methylchloroisothiazolinone, magnesium chloride, methylisothiazolinone, alpha isomethyl ionone, benzyl salicylate, hexyl cinnamal, linalool. || 12 mois après ouverture. || 
13,14€ / Pce || 
6,57 € || 
Masque, AgeDefy || Le pot de 200ml || Origine : FRANCE || Des cheveux qui paraissent jusqu'à 10 ans plus jeunes*                    * épaissit temporairement les mèches de cheveux existantes en les protégeant. || Utilisez 1 à 2 fois par semaine après le shampooing pour hydrater, aider à renforcer et réparer les cheveux fourchus et ternes. Appliquez sur les cheveux en commençant par les pointes jusqu'aux racines. Laissez le masque agir pendant 2 minutes et rincez abondamment. || Alcohol, parfum, bis-peg-4 dimethicone, benzyl alcohol, disodium edta, panthenol, panthenyl ethyl ether, lysine hcl c12-13 pareth-3, C12-13, pareth-23, hexyl cinnamal, limonene, butylphenyl methylpropional, linalool, methyl tyrosinate hcl, benzyl salicylate, histidine, sodium hydroxide, phenoxyethanol, magnesium nitrate, cl19140, citric acid, methylchloroisothiazolinone, Cl17200, magnesium chloride, methylisothiazolinone, cl42090. || 12 mois après ouverture. || 
43,25€ / L || 
8,65 € || 
Traitement AgeDefy || Le spray de 125ml || Origine : FRANCE || Des cheveux qui paraissent jusqu'à 10 ans plus jeunes*                    * épaissit temporairement les mèches de cheveux existantes en les protégeant. || 
82,32€ / L || 
10,29 € || 
Karité cashmere, Soin instantané || Le flacon de 150ml || Origine : ALLEMAGNE || Le Soin Instantané Gliss Karité Cashmere enrichi en beurre de Karité nourrit la fibre capillaire et offre à vos cheveux souplesse et toucher cashmere. || Appliquez sur vos cheveux essorés après chaque shampooing. Ne pas rincer. Evitez le contact avec les textiles ! || Aqua, dimethicone, polyquaternium-37, propylene glycol dicaprylate/dicaprate, propylene glycol, amodimethicone, phenoxyethanol, ppg-1 frideceth-6, dimethiconol, sodium methylparaben, parfum, panthenol, citric acid, laurdimonium hydroxypropyl hydrolyzed wheat protein, butyrospermum parkii butter, polyquaternium-10, trideceth-12, benzyl salicylate, hydrolyzed keratin, hexyl cinnamal, butylphenyl methylpropional, linalool, limonene, cetrimonium chloride, benzyl alcohol, alpha-isomethyl ionone, coumarin, citronellol, cl 47005, cl 17200. || Consommer 12 mois après ouverture. || 
36,73€ / L || 
5,51 € || 
Brume sublimante, Aux huiles précieuses || Le spray de 150ml || Origine : FRANCE || 
40,47€ / L || 
6,07 € || 
Créme bluffante au Gingembre sans rincage || Le flacon de 250ml || Origine : FRANCE || Le geste miracle pour sauver les cheveux abimés, ternes & fins. A la racine fraîche de gingembre et de thé vert, cette crème aérienne révèle l'éclat de la couleur & protège des dégâts liés à la chaleur du coiffage et aux UV. En coup de fouet dans lajournée elle hydrate, démêle et lisse les frisotis. Le cheveu revit, il devient fort, soyeux et éclatant. || Sur cheveux épongés après le shampooing, répartir dans la chevelure en insistant sur les pointes. Peigner et coiffer. L'astuce du Pro : en retouche, utilisez sur cheveux secs pour refaire un plein d'énergie & de fraîcheur dans la chevelure. Eviter lecontact pur avec les yeux, en cas d'irritation, arrêter l'utilisation. || Aqua (water), cetearyl alcohol, glyceryl stearate, peg-100 stearate, propylene glycol, cetrimonium chloride, phenoxyethanol, dimethicone, phenyl trimethicone, sodium benzoate, sodium laneth-40 maleate/styrene sulfonate copolymer, parfum, polyquaternium-37, propylene glycol dicaprylate/dicaprate, panthenol, limonene, hexyl cinnamal, benzophenone-4, xanthan gum, ppg-1 trideceth-6, sorbitol, camellia sinensis leaf extract, zingiber officinalis (ginger) root extract, linalool, potassium sorbate, eugenol, citral. || 12 mois après ouverture. || 
37,88€ / L || 
9,47 € || 
Crème lissante & douceur || Le spray de 100ml || Origine : FRANCE || Le 'must have' des produits professionnels pour la finition du coiffage. L'huile de jojoba pour l'éclat et la douceur. La vitamine E pour hydrater, nourrir & protéger. Ce soin crème tout à fait unique nourrit & renforce le cheveu, le laissant lisse &apaisé. Coiffer vos cheveux sera un pur régal car elle les rendra brillants et soyeux. || Idéal pour apaiser tous types de cheveux, longs ou courts ! A la première utilisation, presser pour libérer la crème. Presser quelques noisettes de crème dans la paume des mains et appliquer le long des cheveux secs et coiffés. L'effet doux et brillant est assuré. Réservé à l'usage externe. || A utiliser dans les 12 mois après ouverture. || 
94,70€ / L || 
9,47 € || 
Goutte magique sérum, à huile de jojoba & vitamine E, brillance &force. || Le flacon 50ml || Origine : FRANCE || Une petite goutte de miracle qui rend le cheveux plus fort, plus doux, plus soyeux. || Du bout des doigts, appliquer la goutte magique de la racine vers les pointes. Sur cheveux humides, la goutte magique transforme la texture du cheveu. Elle le rend plus épais & plus doux. Sur cheveux secs, d'un seul coup de goutte magique, les mèchesrebelles sont effacées & les cheveux métamorphosés en une matière douce, fluide a soyeuse. || Cyclopentasiloxane, cyclomethicone, dimethiconol, phenyl trimethicone, simmondsia chinensis (jojoba) seed oil, tocopheryl acetate, parfum, phenoxyethanol, butylphenyl methylpropional, linalool, alpha-methyl ionone, geraniol, hydroxycitronellal, citronellol, benzyl alcohol. || 12 mois après ouverture. || 
242,00€ / L || 
12,10 € || 
Masque nutrition éclatante || Le pot de 200ml || Origine : FRANCE || Un soin intense pour dorloter les cheveux abîmés & exalter la couleur. La fabuleuse huile de Babassu protège & nourrit instantanément. L'abricot, l'amande et le blé répare la texture externe et lui redonne brillance & couleur. || Pour réparer & raviver, utilisez le masque 1 fois par semaine. Commencez par le shampooing & démêlant puis appliquez sur les cheveux mouillés en massages légers. Concentrez-vous sur les pointes. Laissez 3-30 min puis rincez soigneusement à l'eau tiède. Eviter le contact avec les yeux. En cas d'irritation, arrêter l'utilisation. || Aqua (water), cetearyl alcohol, glyceryl stearate, peg-100 stearate, stearamidopropyl dimethylamine, dicetyldimonium chloride, prunus armeniaca (apricot) kernel oil, cetrimonium chloride, babassu (orbignya oleifera) oil, parfum, dimethicone, phenoxyethanol, prunus amygdalus dulcis (sweet almond) seed oil, sodium benzoate, panthenol, citric acid, hydroxyethylcellulose, propylene glycol, benzophenone-4, limonene, caramel, disodium edta, ethylhexyl methoxycinnamate, laureth-8, tocopherol, butylphenyl methylpropional, alpha-isomethyl ionone, hexyl cinnamal, succinoglycan, methylchloroisothiazolinone, methylisothiazolinone. || 12 mois après ouverture. || 
45,80€ / L || 
9,16 € || 
Masque réparation éblouissante || Le tube de 100ml || Origine : FRANCE || Cette crème de soin intensément riche est conçue pour réparer instantanément les dommages causés par la chaleur du séchage et des colorations. L'huile d'abricot apporte la douceur et aide à protéger le cheveu. L'huile d'avocat et le beurre de karités'ajoutent aux agents experts galbants et reconstituants pour donner de la texture et protéger durablement. || Après le shampooing, massez les cheveux en insistant sur les pointes et les mèches abîmées. Laissez reposer 3 min puis rincez abondamment. Eviter le contact pur avec les yeux. En cas d'irritations, arrêter l'utilisation. || Aqua, cetearyl alcohol, glyceryl stéarate, peg-100 stéarate, stearamidopropyl dimethylamine, cetrimonium chloride, silicone quaternium-22, parfum, dimethicone, behenyl alcohol, prunus armeniaca (apricot) kernel oil, sodium benzoate, phenoxyethanol, persea gratissima (avocado) oil, hydroxyethyl cetearamidopropyldimonium chloride, panthenol, citric acid, ppg-3 myristyl ether, hydroxyethylcellulose, polyquaternium-10, prunus amygdalus dulcis (sweet almond) oil, limonène, disodium edta, ethylhexyl methoxycinnamate, butyrospermum parkii (shea butter), laureth-8, linalool, tocophérol, citral, succinoglycan, pentaerythrityl tetra-di-t-butyl hydroxyhydrocinnamate, methylchloroisothiazolinone, methylisothiazolinone. || 12 mois après ouverture. || 
97,30€ / L || 
9,73 € || 
Kit, Mini serum gloss brillance & mini laque fixation forte || La boîte de 105ml || Origine : FRANCE || Contrôles les frisottis et apporte aux cheveux une brillance et un lissage incroyable. N'alourdit pas les cheveux. || Le sérum s'utilise sur cheveux secs ou mouillés. Faites chauffer 1 pression de sérum dans la paume de vos mains puis appliquez dur les longueurs et les pointes. Eviter les racines. Tenez la laque verticalement et vaporisez à 25 cm de vos cheveux après les avoir coiffés. Bien secouer avant utilisation. Ne pas vaporiser vers les yeux. Récipient sous pression. Ne pas percer ou brûler même après usage. Ne pas vaporiser vers une flamme ou un objet incandescent. Conserver et utiliser à l'écart de toute flamme ou source d'ignition et d'étincelles, source de chaleur, appareil électrique en fonctionnement. Ne pas fumer. Conserver hors de la portée des enfants. Eviter d'inhaler intentionnellement. Utiliser seulement dans des zones bien ventilées. || Sérum : cyclopentasiloxane, isododecane, dimethiconol, parfum, phenyl trimethicone, amodimethicone, alpha isomethyl ionone, benzyl alcohol, benzyl salicylate, butylphenyl methylpropional, citral, citronellol, coumarin, geraniol, hexyl cinnamal, hydroxycitronellal, limonene, linalool. Laque : alcohol denat, butane, propane, acrylates copolymer, aqua, isobutane, aminomethyl propanol, parfum, pvp, peg-8 dimethicone, dimethicone, alpha isomethyl ionone, benzyl alcohol, benzyl salicylate, butylphenylmethylpropional, citral, citronellol, coumarin, geraniol, hexyl cinnamal, hydroxycitronellal, limonene, linalool. || 12 mois après ouverture. A protéger contre les rayons solaires et à ne pas exposer à une température supérieure à 50°C. || 
8,65€ / Pce || 
8,65 € || 
Masque regénérant, soin profond || Le pot de 250ml || Origine : FRANCE || Réparation et reconstruction avancées pour une douceur et une brillance démultipliées. || Appliquez sur cheveux propres et mouillés. Laissez poser 3 à 5 minutes puis rincez abondamment. A utiliser exclusivement selon les instructions. Eviter le contact avec les yeux. Si cela se produit, rincer immédiatement abondamment avec de l'eau. Si une irritation survient, arrêter l'utilisation du produit immédiatement. || Aqua, cetearyl alcohol, dimethicone, stearamidopropyl dimethylamine, lactic  acid, behentrimonium chloride, glycerin, parfum (fragrance), hydroxypropyl methylcellulose, dipropylene glycol amodimethicone, petrolatum, polyurethane-39, paraffinum liquidum (mineral oil), sodium chloride, trehalose, gluconolactone, peg-180m, adipic acid, sodium sulfate, disodium edta, peg-7 propylheptyl ether, cetrimonium chloride, magnesium nitrate, magnesium chloride, silica, phenoxyethanol, dmdm hydantoin, benzoicacid, dehydroacetic acid, ethylhexylglycerin, methylchloroisothiazolinone, methylisothiazolinone, citronellol, geraniol, limonene, linalool. || 9 mois après ouverture. || 
46,10€ / L || 
9,22 € || 
Sérum magique, Glamour || Le flacon de 30ml || Origine : FRANCE || Aide à prévenir les frisottis ou les cheveux électriques. Apporte une brillance éclatante et une finition glossy. || S'utilise sur cheveux secs ou mouillés. Faites chauffer 2 pressions de sérum dans la paume de vos mains puis appliquez sur les longueurs et les pointes. Evitez les racines. Eviter le contact avec les yeux. Si cela se produit rincer immédiatement et abondamment avec de l'eau. Si une irritation survient, arrêter l'utilisation du produit immédiatement. || Cyclopentasiloxane, dimethiconol, parfum, phenyl trimethicone, amodimethicone, alpha isomethyl ionone, benzyl alcohol, benzyl salicylate, butylphenyl methylpropional, citral, citronellol, coumarin, geraniol, hexyl cinnamal, hydroxycitronellal, limonene, linalool. || 12 mois après ouverture. || 
339,67€ / L || 
10,19 € || 
Soin nourissant sans rinçage || Le tube de 100ml || Origine : ITALIE || 
92,20€ / L || 
9,22 € || 
Spray protection chaleur, Matière lisse & fini parfait || Le flacon pompe de 150ml || Origine : FRANCE || Hydrate les cheveux et aide à les protéger des dommages causés par la chaleur lors du coiffage jusqu'à 230°C. || Aqua (water), dimethiconol, vp/va copolymer, tea-dodecylbenzenesulfonate, peg-40 hydrogenated castor oil, glycerin, dimethiconol/silsesquioxane copolymer, laureth-23, parfum (fragrance), peg/ppg-20/15 dimethicone, citric acid, disodium edta, dmdm hydantoin, methylisothiazolinone, alpha-isomethyl ionone, benzyl alcohol, benzyl salicylate, butylphenyl methylpropional, citral, citronellol, coumarin, geraniol, hexyl cinnamal, hydroxycitronellal, limonene, linalool. || 12 mois après ouverture. || 
61,47€ / L || 
9,22 € || 
Gel coiffant, effer mouillé, tenue longue durée || Le tube de 150ml || Origine : BELGIQUE || Le gel coiffant effet mouillé Monoprix vous permet de modeler votre coiffure et de donner à vos cheveux une effet mouillé. Sa texture, non collante, se fond très facilement dans les cheveux, pour une coiffure brillante et souple, sans sensation de gras. Grâce à la tenue longue durée du gel coiffant, votre coiffure garde son aspect mouillé et brillant sans dessécher ni durcir le cheveux. Testée sous contrôle dermatologique sa formule enrichie en vitamine PP et en provitamine B5, respecte vos cheveux et les laisse brillants et doux au toucher. Le gel coiffant Monoprix s'élimine facilement au shampooing ou au brossage sans laisser de résidus. || Appliquez sur cheveux secs ou humides pour sculpter ou fixer vos cheveux. Etalez une noisette de gel avec vos mains ou au peigne sur l'ensemble de la coiffure ou simplement sur les mèches souhaitées. Séchez à l'air libre ou au sèche-cheveux. || Aqua, glycerin, alcohol denat., acrylates/hydroxyesters acrylates copolymer, acrylates/beheneth-25 methacrylate copolymer, aminomethyl propanol, peg/ppg-14/4 dimethicone, pentaerythrityl tetra-di-t-butyl hydroxyhydrocinnamate, peg-40 hydrogenated castor oil, panthenol, pantolactone, citric acid, niacinamide, parfum, tetrasodium edta, propylene glycol, benzoic acid, sodium benzoate, phenoxyethanol, methylisothiazolinone. || 12 mois après ouverture. || 
17,33€ / L || 
2,60 € || 
Gel coiffant, fixation béton, tenue longue durée || Le pot de 250ml || Origine : BELGIQUE || La formule ultra puissante du gel coiffant Monoprix fixation béton vous permet de sculpter et de fixer tous les tyles de coiffure, même les plus extrêmes et inventifs. Sa texture, non collante et non grasse, se fond très facilement dans vos cheveux,pour une coiffure impeccable toute la journée. Grâce à la tenue longue durée du gel, vos cheveux reviennent en place et votre coiffure résiste à toute épreuve (vent, pluie ). Testée sous contrôle dermatologique, sa formule enrichie en vitamine PP eten provitamine B5, respecte vos cheveux. Le gel coiffant Monoprix s'élimine facilement au shampooing ou au brossage sans laisser de résidus. || Appliquez sur cheveux secs ou humides pour sculpter ou fixer vos cheveux. Etalez une noisette de gel avec vos mains ou au peigne sur l'ensemble de la coiffure ou simplement sur les mèches souhaitées. Séchez à l'air libre ou au sèche-cheveux. || Aqua, alcohol denat, acrylates/steareth-20 methacrylate crosspolymer, acrylates/hydroxyesters acrylates copolymer, aminomethyl propanol, peg-40 hydrogenated castor oil, peg/ppg-14/4 dimethicone, propylene glycol, pentaerythrityl tetra-di-t-butyl hydroxyhydrocinnamate, panthenol, pantolactone, citric acid, niacinamide, parfum, tetrasodium edta, benzoic acid, sodium benzoate, phenoxyethanol, methylisothiazolinone. || 12 mois après ouverture. || 
10,40€ / L || 
2,60 € || 
Gel coiffant, fixation extra-forte, tenue longue durée || Le pot de 250ml || Origine : BELGIQUE || Le gel coiffant fixation extra forte Monoprix vous permet de fixer tous les styles de coiffure. Sa texture, non collante et non grasse, se fond très facilement dans vos cheveux, pour une coiffure impeccable. Grâce à la tenue longue durée du gel coiffant, votre coiffure reste fixée et vos cheveux sont protégés de l'humidité. Testée sous contrôle dermatologique, sa formule enrichie en vitamine PP et en provitamine B5, respecte vos cheveux et les laisse brillants sans les dessécher. Le gel coiffantMonoprix s'élimine facilement au shampooing ou au brossage sans laisser de résidus. || Appliquez sur cheveux secs ou humides pour sculpter ou fixer vos cheveux. Etalez une noisette de gel avec vos mains ou au peigne sur l'ensemble de la coiffure ou simplement sur les mèches souhaitées. Séchez à l'air libre ou au sèche-cheveux. || Aqua, PVP, polyquaternium-68, aminomethyl propanol, peg-40, hydrogenated castor oil, panthenol, pantolactone, citric acid, niacinamide, acrylates/C10-30 alkyl acrylate crosspolymer, parfum, tetrasodium edta, ethylhexylglycerin, propylene glycol, methylisothiazolinone, phenoxyethanol, polyaminopropyl biguanide. || 12 mois après ouverture. || 
10,16€ / L || 
2,54 € || 
Gel coiffant, fixation forte, sans résidus, non collant, tenue longue durée || Le tube de 150ml || Origine : BELGIQUE || Le gel coiffant fixation forte Monoprix vous permet de fixer tous les styles de coiffure. Sa texture, non collante, se fond très facilement dans vos cheveux, pour une coiffure impeccable, sans sensation de gras. Grâce à la tenue longue durée du gel coiffant, votre coiffure est fixée toute la journée. Testée sous contrôle dermatologique sa formule enrichie en vitamine PP et en provitamine B5, respecte vos cheveux et les laisse brillants. Le gel coiffant Monoprix s'élimine facilement au shampooingou au brossage sans laisser de résidus. || Appliquez sur cheveux secs ou humides pour sculpter ou fixer vos cheveux. Etalez une noisette de gel avec vos mains ou au peigne sur l'ensemble de la coiffure ou simplement sur les mèches souhaitées. Séchez à l'air libre ou au sèche-cheveux. || Aqua, alcohol denat., acrylates/hydroxyesters acrylates copolymer, aminomethyl propanol, acrylates/beheneth-25 methacrylate copolymer, peg/ppg-14/4 dimethicone, pentaerythrityl tetra-di-t-butyl hydroxyhydrocinnamate, peg-40 hydrogenated castor oil, panthenol, pantolactone, citric acid, niacinamide, parfum, tetrasodium edta, propylene glycol, benzoic acid, sodium benzoate, phenoxyethanol, methylisothiazolinone. || 12 mois après ouverture. || 
17,33€ / L || 
2,60 € || 
Gel coiffant fixation extrême || Tube 150ml || Origine : BELGIQUE || La formule ultra puissante du gel coiffant fixation extrême vous permet de sculpter et de fixer tous les styles de coiffure même les plus extrêmes et inventifs. Sa texture, non collante et non grasse se fond très facilement dans vos cheveux, pour unecoiffure impeccable toute la journée. || Appliquez sur cheveux secs ou humides pour sculpter ou fixer vos cheveux. Etalez une noisette de gel avec vos mains ou au peigne sur l'ensemble de la coiffure ou simplement sur les mèches souhaitées. Séchez à l'air libre ou au sèche-cheveux. || Aqua, alcohol denat, acrylates/steareth-20 methacrylate crosspolymer, acrylates/hydroxyesters acrylates copolymer, aminomethyl propanol, peg/ppg-14/4 dimethicone, pentaerythrityl tetra-di-t-butyl hydroxydrocinnamate, panthenol, pantolactone, citric acid, niacinamide, parfum, tetrasodium edta, propylene glycol, benzoic acid, sodium benzoate, phenoxyethanol, methylisothiazolinone. || 12 mois après ouverture. || 
17,33€ / L || 
2,60 € || 
Crème de coiffage, soin quotidien brillant des cheveux secs et abîmés, sans rinçage || La boîte de 25ml || Origine : FRANCE || La crème de coiffage Biorène est un soin quotidien brillantant particulièrement destiné aux cheveux secs, desséchés et abîmés. Elle facilite le coiffage, maintient la coiffure et donne une remarquable brillance aux cheveux sans les alourdir. || Paraffinum liquidum (mineral oil), aqua (water), cetyl alcohol, hydroxystearic/linolenic/oleic polyclycerides, synthetic beeswax, cera microcristallina (microcrystalline wax), diisopropyl adipate, glycol stearate, ceresin, sorbitan oleate, hydrogenated castor oil, stearic acid, magnesium stearate, parfum (fragrance), methylparaben, dmdm hydantoin, butylparaben, cetrimonium chloride, ethylparaben, isobutylparaben, propylparaben,citronellol, linalool, geraniol, evernia prunastri (oakmoss) extract.cinnamyl alcohol, eugenol, (F14). || 
183,20€ / L || 
4,58 € || 
Brillantine spray, soin et coiffage à l'huile de macadamia, cheveux secs et abîmés || Le spray de 100ml || Origine : FRANCE || La brillantine spray à l'huile de macadamia Biorène procure aux cheveux secs et abîmés une brillance exceptionnelle au toucher soyeux non gras (silicones fluides : 50%). Des huiles naturelles se conjuguent pour réparer et nourrir la fibre capillaire.Grâce à son système de pulvérisation microfine, ce spray permet un coiffage précis : modelage des racines et gainage des pointes. Huile de macadamia : 1%. || Valeur énergétique en Joules :  0 || Valeur énergétique en Kcal : 0 || Glucides : 0 || Lipides : 0 || Protides :0 || Cyclomethicone, paraffinum liquidum, oleic acid, palmitic acid, macadamia ternifolia seed oil, parfum (fragrance), tocopherol, citronellol, eugenol, limonene, linalool, alpha-isomethyl ionone, amyl cinnamal, cinnamyl alcohol, coumarin, geraniol, hydroxycitronellal, hydroxyisohexyl 3-cyclohexene carboxaldehyde, isoeugenol, (F01). || 
111,80€ / L || 
11,18 € || 
Poudre densifiante professionnelle, s'adapte à tous les cheveux poivres et sel || La boîte de 14g || Origine : FRANCE || 
1610,71€ / Kg || 
22,55 € || 
Brillantine parfum || Le flacon de 50ml || Origine : FRANCE || Apporte aux cheveux une brillance durable sans les alourdir. Les parfume toute la journée. Leur redonne éclat et santé. || PARAFFINUM LIQUIDUM, PARFUM, ISOPROPYL MYRISTATE, LECITHIN, Cl 60725,Cl 61565,(F.I.L. C 5062/1) || 
130,80€ / L || 
6,54 € || 
Cire brillance aux micro-cires de fruits fortifiantes, fort || Le pot de 75ml || Origine : FRANCE || Structure brillance, toucher doux. Donnez à votre style une définition parfaite et une brillance longue durée tout en conservant sa souplesse.La 1ère cire coiffante Fructis Style aux micro-cires de fruits fortifiantes qui définit votre style tout enbrillance et en douceur tout en respectant vos cheveux. || Petrolatum, ozokerite, paraffinum liquidum/mineral oil, phenyl trimethicone, Cl47000/yellow 11, Cl61565/solvant green 3, oleyl alcohol, PEG-192 apricot kernel glycerides, PEG-70 mango glycerides, limonene, lanolin alcohol, linalool, cholesterol, propylparaben, propylene glycol, citrus limonum/lemon extract, aqua/water, amyl cinnamal, parfum/fragrance (FIL C21609/1). || 12 mois après ouverture. || 
85,07€ / L || 
6,38 € || 
Cire coiffante collé-serré || Le pot de 75ml || Origine : ALLEMAGNE || La première cire de got2b avec une tenue stupéfiante et une texture modelante pour structurer ton look sans effet carton. Modèle comme une cire, fixe comme un gel ! || Mets une petite quantité de cire dans ta main et modèle-la sur cheveux secs selon tes envies. || 12 mois après ouverture. || 
95,07€ / L || 
7,13 € || 
Cire Sculptante Fixation Forte Indestructible || Le pot de 75ml || Origine : ROYAUME UNI || Petrolatum, ozokerite, paraffinum liquidum/mineral oil, phenyl trimethicone, phenoxyethanol, oleyl alcohol, ethylparaben, limonene, lanolin alcohol, benzyl salicylate, cholesterol, propylparaben, isobutylparaben, methylparaben, butylparaben, butylphenyl methylpropional, parfum/fragrance. (F.I.L. C27963/1). || 12 mois après ouverture. || 
81,20€ / L || 
6,09 € || 
Crème Fibre Effet Décoiffé 24h Out of Bed || Le pot de 150ml || Origine : ROYAUME UNI || Aqua/water, alcohol denat, PVP, VP / dimethylaminoethylmethacrylate- copolymer, hydroxypropylcellulose, PEG-40 hydrogenated castor oil, PEG-PPG-22/24 dimethicone, triethanolamine, polyquaternium-11, polystyrene, limonene, pentasodium pentetate, benzophenone-4 benzyl salicylate, carbomer, butylphenyl methylpropional, parfum/fragrance (FIL C29212/1). || 12 mois après ouverture. || 
44,53€ / L || 
6,68 € || 
Gel coiffant Invisi'Fix Zero Clear Control || Le flacon de 300ml || Origine : FRANCE || Ultra propre : Invisi'Fix Zéro est spécialement formulé pour ne laisser aucun résidu sur les cheveux. Ultra clair : pour un toucher ultra naturel, qui ne brille pas et ne colle pas. Zéro compromis : Invisi'Fix Zéro respecte les cheveux. Sa formule, sans alcool, est enrichie en arginine, acide aminé semi-essentiel nécessaire à la croissance naturelle du follicule. || Testé sous contrôle dermatologique. Adapté à un usage quotidien. Convient particulièrement aux cheveux clairsemés ou fatigués. Appliquer sur cheveux secs ou humides et définir la coiffure aux doigts. S'élimine facilement au shampooing. || Aqua/water, propylene glycol, acrylates/hydroxyesters acrylates copolymer, acrylates/steareth-20 methacrylate crosspolymer, triethanolamine, sodium benzoate, hydroxyisohexyl 3- cyclohexene carboxaldehyde, phenoxyethanol, peg-40 hydrogenated castor oil, arginine, ethylhexylglycerin, limonene, pentasodium pentetate, benzoic acid, benzyl salicylate, benzyl alcohol, linalool, butylphenyl methylpropional, methylisothiazolinone, hexyl cinnamal, parfum/fragrance (FIL C159947/1). || 12 mois après ouverture. || 
22,27€ / L || 
6,68 € || 
Gel Fixation Extrême Indestructible || Le tube de 150ml || Origine : ROYAUME UNI || Indestructible Gel, le 1er gel coiffant de L'Oréal Paris qui permet à la coiffure de revenir en forme en toutes circonstances passage des mains, d'un vêtement et d'un casque. Innovation technologique, effet mémoire de forme : pour une fixation extrême à résistance élastique. La coiffure encaisse la déformation et reprend sa forme. Sans résidus : le Gel Indestrictible ne graisse pas les cheveux ne fait pas de résidus. S'élimine au shampooing habituel. Sans cartonner : les cheveux ne durcissent pas. || Frottez une noisette de gel dans vos mains. Appliquez sur cheveux secs ou humides. Pour encore plus d'effet, sculptez, dressez, travaillez vos mèches aux doigts. Repartissez sur toute la chevelure puis travailler vos cheveux des la racine en étirantjusqu'aux pointes. || AQUA / WATER, ALCOHOL DENAT., AMP-ACRYLATES/ ALLYL METHACRYLATE COPOLYMER, AMINOMETHYL PR0PANOL, CARBOMER. NIACINAMIDE, HYDROXYPROPYL GUAR, SODIUM METHYLPARABEN, HYDROGENATED CASTOR OIL PEG-14 DIMERHICONE, CHLORHENISIN, POLYETHYLENE GLYCOL LIMONENE,PANTHENOL, PENTASODIUL PENTATE, BENZYL SALICYLATE, BENZOPHENONE-4, LINALOOL, BUTYLPHENYL METHYLPROPIONAL, PARFUM / FRAGRANCE, (FIL C25998/1). || 12 mois après ouverture. || 
43,87€ / L || 
6,58 € || 
Gel Indestructible Fixation Ultime || Le flacon de 300ml || Origine : FRANCE || Grâce à sa concentration extrême en polymères ultra fixants, la technologie Kevlax assure une tenue 48h à toute épreuve, sans faire de paquet et sans alourdir le cheveu. || Dépose du gel sur tes mains et frotte les pendant 5 sec pour chauffer la matière. Utilisé avec de l'eau, le gel KVX 48 peut aussi apporter un look effet mouillé aux cheveux les plus rebelles et indomptables. S'élimine au shampooing habituel. || Aqua/water, acrylates/hydroxyesters acrylates copolymer, propylene glycol, triethanolamine, alcohol denat, acrylates/steareth-20 methacrylate crosspolymer, sorbitol, sodium benzoate, hydroxyisohexyl 3-cyclohexene carboxaldehyde, phenoxyethanol, peg-40 hydrogenated castor oil, ethylhexylglycerin, aminomethyl propanol, limonene, benzoic acid, benzyl salicylate, benzyl alcohol, benzophenone-4, linalool, moringa pterygosperma seed extract, disodium edta, methylparaben, butylphenyl methylpropional, methylisothiazolinone, hexyl cinnamal, glycerin, parfum/fragrance. (FIL C159188/1). || 12 mois après ouverture. || 
22,63€ / L || 
6,79 € || 
Gel Pure Wet Effet Mouillé 24h || Le tube de 150ml || Origine : FRANCE || Pure Wet, le gel effet mouillé de Studio Line. Texture fraîche, non grasse pour un résultat ultra-brillant qui ne sèche pas. Effet mouillé 24h.Sans graisser ni cartonner : des cheveux parfaitement disciplinés, maintenus en souplesse, sans aucune sensation de gras ou collant. || Etalez uniformément une grosse noisette de gel dans vos mains. Appliquez sur cheveux humides de préférence. Pour un effet mouillé miroir : répartissez-la sur l'ensemble de la chevelure en plaquant les cheveux en arrière avec les paumes des mains. Vous pouvez aussi brosser vos cheveux aux doigts vers l'avant et relever quelques mèches sur le front. || Aqua/water, glycerin, alcohol denat, PEG-8, hydroxyisohexyl 3-cyclohexene carboxaldehyde, phenoxyethanol, PEG-40 hydrogenated castor, oil, triethanolamine, polyacrylate-3, limonene, benzyl salicylate, caprylyl glycol, butylphenyl methylpropional, hexyl cinnamal, glyceryl polyacrylate, parfum/fragrance, (FIL C45047/1). || 12 mois après ouverture. || 
43,87€ / L || 
6,58 € || 
Gel Très Fixant 24h Mineral FX || Le tube de 150ml || Origine : ROYAUME UNI || Mineral FX invisi'gel, le 1er gel coiffant de StudioLine enrichi en actifs minéraux. || Conseils coiffeurs : Étalez uniformément une grosse noisette de gel dans vos mains. Sur cheveux pré séchés ou humides, répartissez-la dans la chevelure. Pour une coiffure plaquée, lissez vos cheveux avec la paume de vos mains. Pour une coiffure structurée, soulevez les mèches avec vos doigts. || Aqua/water, propylene glycol, sorbitol, ammonium polyacryloyldimethyl taurate, VP/acrylates/lauryl methacrylate copolymer, diazolidinyl urea, hydroxyisohexyl 3-cyclohexene carboxaldehyde, PEG-40 hydrogenated castor oil, triethanolamine, polyethyleneglycol, limonene, benzyl salicylate, linalool, methylparaben, butylphenyl methylpropional, parfum/fragrance, (fil C25393/1). || Se conserve 12 mois après ouverture. || 
42,20€ / L || 
6,33 € || 
Gomme aérienne Matt & Messy || Le pot de 150ml || Origine : FRANCE || Appliquer uniformément sur les cheveux secs ou humides. Facile à appliquer, s'élimine au shampooing habituel. || Aqua, cetearyl alcohol, c12-15 alkyl benzoate, propylene glycol, lithium magnesium sodium silicate, vp/va copolymer, peg-100 stearate, glyceryl stearate, cera alba/beeswax, cetyl esters, CI77491, CI77499/iron oxides, CI77891/titanium dioxide, mica, sodium chloride, hydroxyisohexyl 3-cyclohexene carboxaldehyde, phenoxyethanol, triethanolamine, limonene, benzyl salicylate, benzyl alcohol, linalool, acrylates/c10-30 alkyl acrylate crosspolymer, methylparaben, butylphenyl methylpropional, hexyl cinnamal, parfum (FIL C52746/1). || 12 mois après ouverture. || 
43,87€ / L || 
6,58 € || 
Gomme destructurante, effet brut décoiffé TXT02 || Le pot de 75ml || Origine : ROYAUME UNI || Texturise pour un fini brut. Look ultra-mat longue tenue. Ne cartonne pas. Facilement remodelable. Ne colle pas / sans effet gras / sans résidus. || Chauffer une noisette de gomme dans vos mains et appliquer sur cheveux secs. || 12 mois après ouverture. || 
106,93€ / L || 
8,02 € || 
Invisi'FX, liquid'gel sans résidus, fixant || Le flacon de 150ml || Origine : FRANCE || Une fixation 24h sans résidus. Ne colle pas et ne cartonne pas les cheveux. Texture et diffusion ultra-fine pour un résultat ultra-propre. || Conseils coiffeurs : Vaporisez directement à environ 10 cm de la chevelure et répartissez uniformément. Pour donner à votre coiffure la forme ou le mouvement souhaité, coiffez au peigne ou modelez aux doigts. Pour discipliner ou fixer une mèche, vaporisez localement et modelez aux doigts. En cas de contact avec les yeux, les rincer immédiatement. || Aqua / water, PVP, propylene glycol, niacinamide, hydroxyisohexyl 3-cyclohexene carboxaldehyde, phenoxyethanol, PEG-40 hydrogenated castor oil, aminomethyl propanol, polyacrylate-3, limonene, panthenol, benzyl salicylate, linalool, terephthalylidenedicamphor sulfonic acid, methylparaben, butylphenyl methylpropional, parfum / fragrance, (fil C21983/1). || 12 mois après ouverture. || 
43,20€ / L || 
6,48 € || 
Pâte Fibre Effet Remodelable 24h Remix || Le pot de 150ml || Origine : ROYAUME UNI || Effet remodelable à volonté. Un effet texturisé uniforme modelable et remodelable à volonté, toute la journée. La pâte fibreuse enrobe et donne de la matière aux cheveux.Les agents fixants flexibles ne durcissent pas, vous pouvez remodeler votre coiffure à volonté. || Frotter et étalez une noisette au creux de vos mains et écartez-les à plusieurs reprises pour créer un réseau de fibres. Répartissez sur l'ensemble de la chevelure en donnant un mouvement. Bien passer les doigts dans les cheveux pour une meilleure répartition. Remixez votre style à votre guise n'importe quand, n'importe où. || Aqua/water, glycerin, butylene glycol, cetearyl alcohol, PEG-100 stearate, glyceryl stearate PVP, dimethicone, sodium methylparaben, hydroxypropyl guar, PEG-150 pentaerythrityl tetrastearate, PEG-90M, chlorhexidine dihydrochloride, limonene, linalool, butylphenyl methylpropional, citronellol, citral, hexyl cinnamal, amyl cinnamal, parfum/fragrance, (F.I.L. C15366/2). || 12 mois après ouverture || 
45,00€ / L || 
6,75 € || 
Pâte Fibre Matt & Messy || Le tube de 150ml || Origine : FRANCE || 
43,60€ / L || 
6,54 € || 
Pâte modelante, tenue souple extrème, effet mat TXT01 || Le pot de 75ml || Origine : ROYAUME UNI || Texture ultra-malléable pour un look sans faute. Look semi-mat longue tenue, non gras. || Frotter une noisette de pâte dans vos mains et appliquer sur cheveux secs. || 12 mois après ouverture. || 
108,40€ / L || 
8,13 € || 
Crème capillaire || Le tube de 100ml || Origine : FRANCE || Pento conditionne vos cheveux sans leur donner un aspect gras ni les laquer. Il apporte les éléments qui leur sont nécessaires pour conserver un aspect souple et plein de vie. || Chaque matin, appliquez une noisette de Pento sur vos cheveux, de préférence légèrement humidifiés. Répartissez uniformément en massant doucement. Vos cheveux se mettent en place tout naturellement. Pento, une noisette suffit. || Aqua, paraffinum liquidum, cera alba, parfum, calcium hydroxide, limonene, citral, linalool. || 12 mois après ouverture. || 
29,40€ / L || 
2,94 € || 
Cire gloss, effet soie, tenue forte || Le pot de 50ml || Origine : FRANCE || Cire Gloss : une formule irisée et soyeuse spécifiquement développée pour modeler vos cheveux et leur apporter contraste et luminosité. Résultat : votre coiffure est structurée et ultra brillante. Sans résidus, se rince facilement. Ne graisse pas. || Prélevez une petite quantité de cire, chauffez-la entre vos mains et travaillez mèche à mèche jusqu'aux pointes. || Aqua, ceteareth-30, peg-7 glyceryl cocoate, coco-caprylate/caprate, oleth-10, parfum, distearyldimonium chloride, methylparaben, propylparaben, panthenol, dmdm hydantoin, citric acid, sorbic acid, limonene, phenoxyethanol, benzophenone-4, hexyl cinnamal, coumarin, citronellol, linalool, geraniol, eugenol, butylphenyl methylpropional, alpha-isomethylionone, mica, tin oxide, Cl77891. || 12 mois après ouverture. || 
123,40€ / L || 
6,17 € || 
Cire Wax brillance || Le pot de 75ml || Origine : FRANCE || Tenue longue durée 24h. Structure votre coiffure en lui apportant une brillance ultra. Facile à étaler et facile à rincer. Protège les cheveux du dessèchement. || Aqua, ceteareth-30, peg-7 glyceryl cocoate, coco-caprylate/caprate, oleth-10 , parfum, phenoxyethanol, panthenol, citric acid, methylparaben, propylene glycol, citronellol, limonene, linalool, hexyl cinnamal, propylparaben, butylphenyl methylpropional, geraniol, methylisothiazolinone, amyl cinnamal. || 12 mois après ouverture. || 
71,07€ / L || 
5,33 € || 
Coup de tête, gel fibre décoiffant || Le pot de 100ml || Origine : ALLEMAGNE || Changez de look sur un coup de tête ... ,.. avec ce gel à la texture fibreuse qui ne durcit jamais totalement Inventez, modelez et remodelez ... indéfiniment tous les styles qui vous passent par la tête. || Règles du jeu: Pour un effet complètement décoiffé, appliquez en désordre du bout des doigts sur cheveux secs ou humides. Sans résidu. || AQUA, ISOPROPYL MYRISTATE, OLETH-10, EUPHOBIA CERIFERA WAX, OCTYLACRYLAMIDE/ACRYLATES/BUTYLAMINO ETHYL METHACRYLATE COPOLYMER, PALMITIC ACID, STEARIC ACID, BUTYLENE GLYCOL, CETETH-2, PARFUM, CERA MICROCRISTALLINA, AMINOMETHYL PROPANOL, PHENOXYETHANOL, PEG-90M, PROPYLENE GLYCOL, METHYLPARA BEN, PROPYLPARABEN, MEL, ACRYLATES/C10-30 ALKYLACRYLATE CROSSPOLYMER, DMDM, HYDAN TOIN, POTASSIUM SORBATE, CI 42090, CI 60730 || 12 mois après ouverture. || 
71,30€ / L || 
7,13 € || 
Gel mousse coiffant                                              Fixation extra forte, effet redensifiant || Le flacon de || Origine : ALLEMAGNE || Le premier Gel Mousse Taft combinant la tenue forte d'un gel et la densité d'une mousse. Effet redensifiant, sans effet carton, tenue 24h non collant. || Agitez avant utilisation. Maintenir en position verticale. Dosez l'équivalent d'une balle de golf dans votre main. Répartissez dans vos paumes et appliquez uniformément sur cheveux essorés ou secs. Ne pas rincer. Travaillez vos cheveux de la même manière qu'avec un gel. Séchez au sèche cheveux pour davantage de volume. Récipient sous pression. Ne pas percer ou bruler même après usage. Ne pas vaporiser vers une flamme ou un corps incandescent. Utiliser et ranger à l'écart de toute flamme ou source d'étincelles, source de chaleur, appareil électrique en fonctionnement. Ne pas fumer. Conserver hors de la portée des enfants. Ne pas utiliser pour un usage autre que celui pour lequel le produit est destiné. Utiliser dans un endroit bien ventilé.Ne pas vaporiser vers les yeux. || Aqua, butane, propane, vinyl caprolactam/vp/dimethylaminoethyl methacrylate copolymer, polyquaternium-4, polyquaternium-11, sodium benzoate, cetrimonium chloride, peg-40 hydrogenated castor oil, pvp, parfum, lactic acid, isobutane, ceteareth-25, hydroxyethylcellulose, phenoxyethanol, caprylyl glycol, citric acid, linalool, butylphenyl methylpropional, limonene, CI42090. || A protéger contre les rayons solaires et à ne pas exposer à une température supérieure à 50°C. || 
42,53€ / L || 
6,38 € || 
Gel Strand mat et chic et mat || Le pot de100ml || Origine : ALLEMAGNE || Avec et chic et mat, tu es sûr de gagner la partie . Que tu aies les cheveux, hérissés, en bataille, lisses ou bien coiffés : le chic réside dans le mat. Tous les mecs chic choc et charme et autres tombeurs de plage te le diront ce gel mat, tenue moyenne fait des miracles. || AQUA, CERA ALBA, ISOPROPYL MYRISTATE, CERA CARNAUBA, GLYCERYL STEARATE, PETROLATUM, EUPHOBIA CERIFERA WAX, PALMITIC ACID, PEG-8 BEESWAX, AMINOMETHYL PROPANOL, HYDROXYETHYLCELLULOSE, PARFUM, STEARIC ACID, PHENOXYETHANOL, METHYLPARABEN, BUTYLPARABEN, ETHYLPARABEN, ISOBUTYL PARABEN, PROPYLPARABEN, MICA, CI 77499. || A conserver 12 mois après ouverture || 
71,30€ / L || 
7,13 € || 
Gel tenue longue durée                                           Endurance 48H || La boîte de 250ml || Origine : FRANCE || Le premier gel Taft avec une tenue longue durée 48 h. Pour une tenue ultra forte qui résiste à toutes les épreuves. Sa formule enrichie en polymères haute endurance vous assure une longue durée sans résidus et non collante. || Appliquez sur cheveux secs ou essorés. Coiffez vos cheveux pour obtenir le look souhaité. Pour structurer votre coiffure, travaillez-la du bout des doigts. || 12 mois après ouverture. || 
25,32€ / L || 
6,33 € || 
Poudre coiffante, structure et matifie instantanément || Le pot de 10g || Origine : ALLEMAGNE || La révolution par Taft : Taft chaotique Fix poudre coiffante ! Essayez la nouvelle formule en poudre. Elle devient invisible en quelques secondes et vous offre une texture inédite. || Mettez une petite quantité de la poudre Chaotique Fix dans votre main et frottez vos mains l'une contre l'autre. Appliquez sur cheveux secs et sculptez votre coiffure. Pour encore plus de fixation, mouillez le bout de vos doigts et sculptez quelquesmèches après avoir fini de vous coiffer. Garder hors de la portée des enfants. || Aqua, silica silylate, octylacrylamide, acrylates, butylaminoethyl methacrylate copolymer, sodium benzoate, citric acid. || 12 mois après ouverture. || 
685,00€ / Kg || 
6,85 € || 
Power gel, fixation super glue, tenue ultime, prise instantanée, sans résidus || Le pot de 250ml || Origine : ALLEMAGNE || Le premier gel Taft avec une fixation Super Glue ! Sa nouvelle technologie prise instantanée vous assure une fixation immédiate et très puissante, pour une tenue inégalée ! || Appliquez sur cheveux secs ou essorés. Coiffez vos cheveux pour obtenir le look souhaité. Pour structurer votre coiffure, travaillez-la du bout des doigts. || 12 mois après ouverture. || 
25,08€ / L || 
6,27 € || 
Power gel effet mouillé extra forte || Le flacon de 300ml || Origine : ALLEMAGNE || 
19,20€ / L || 
5,76 € || 
Power Gel Maxx Power || Le pot de 250ml || Origine : ALLEMAGNE || 
26,16€ / L || 
6,54 € || 
Power gel titane, tenue ultime || Le flacon de 300ml || Origine : ALLEMAGNE || Une tenue ultime longue durée qui résiste même à l'humidité  aussi forte que du Titane ! Pour une tenue 24h sans effet collant, sans résidus et facile à rincer. N'alourdit pas les cheveux. || Appliquez sur cheveux secs ou légèrement humides. Coiffer vos cheveux pour obtenir le look souhaité. Pour sculpter et structurer votre coiffure, travaillez-la du bout des doigts. || Aqua, alcohol denat., pvp, vp/va copolymer, peg-32, peg-40 hydrogenated castor oil, carbomer, aminomethyl propanol, panthenol, parfum, benzophenone-4, linalool, hexyl cinnamal, disodium edta, benzyl alcohol, alpha-isomethyl ionone, geraniol, citronellol. || 12 mois après ouverture. || 
19,07€ / L || 
5,72 € || 
Power gel V12 || Le cube de 250ml || Origine : ALLEMAGNE || Taft V12 Power, nouvelle formule Taft enrichie en agents fixants V12 et d'une technologie fixation rapide ! Une fixation inégalée en quelques secondes pour défier les styles les plus extrêmes. || Appliquez sur cheveux secs ou légèrement humides. Coiffez vos cheveux pour obtenir le look souhaité. Pour sculpter et structurer votre coiffure, travaillez-la du bout des doigts. || Aqua, pvp, acrylates/hydroxyesters acrylates copolymer, acrylates/steareth-20 methacrylate crosspolymer, aminomethyl propanol, phenoxyethanol, peg-40 hydrogenated castor oil, glycerin, panthenol, parfum, propylene glycol, benzotriazolyl dodecyl p-cresol, benzoic acid, methylisothiazolinone, benzyl salicylate, limonene, tris(tetramethylhydroxypiperidinol) citrate, Cl 60730. || 12 mois après ouverture. || 
25,52€ / L || 
6,38 € || 
Titane Power Gel, tenue ultime non collant, sans résidus || Le pot de 250ml || Origine : ALLEMAGNE || Power gel Titane : une formule exclusive concentrée en agents méga-fixants.Résultat : votre style se fige instantanément et pour longtemps grâce à une tenue ultime qui résiste à l'humidité, par tous les temps  aussi forte que du Titane ! Se rince facilement. || Pour un look qui défie les lois de la gravité : appliquez de préférence sur cheveux secs. Construisez votre style des racines aux pointes. || Aqua, PVP, acrylates/steareth-20 itaconate copolymer, glycerin, phenoxyethanol, aminomethyl propanol, PPG-26-buteth-26, PEG-40 hydrogenated castor oil, panthenol, parfum, PEG-25 paba, DMDM hydantoin, disodium EDTA, benzyl salicylate, hexyl cinnamal,butylphenyl methylpropional, citronellol, coumarin. || 12 mois après ouverture. || 
24,28€ / L || 
6,07 € || 
Cire wax effet mat || Le pot de 75ml || Origine : ALLEMAGNE || 
88,53€ / L || 
6,64 € || 
Laque, Fixation extra forte || La pompe de 300ml || Origine : FRANCE || La laque fixation extra forte Monoprix maintien votre coiffure en lui conservant un effet naturel toute la journée. Enrichie en protéines de soie, en vitamine PP et en provitamine B5, elle apporte à vos cheveux douceur et brillance et les protège del'humidité. Elle s'élimine par un simple brossage. || Vaporisez la laque sur cheveux secs à environ 30 cm de la chevelure. Le diffuseur vous assure une réparation uniforme. Convient à une utilisation quotidienne. Extrêmement inflammable. Récipient sous pression. Ne pas percer ou brûler, même après usage. Ne pas vaporiser vers une flamme ou un corps incandescent. Utiliser et conserver à l'écart de toute flamme ou source d'ignition et d'étincelles, source de chaleur, appareil électrique en fonctionnement. Ne pas fumer. Conserver hors de la portée desenfants. Utiliser et conserver le récipient dans un endroit bien ventilé. Eviter de vaporiser vers les yeux ou sur une peau irritée, d'inhaler intentionnellement. Procéder par de brèves pressions sans pulvérisation prolongée. Bien ventiler après usage. Ne pas utiliser pour un usage autre que celui pour lequel le produit est destiné. || A protéger contre les rayons solaires et à ne pas exposer à une température supérieure à 50°C. || 
7,03€ / L || 
2,11 € || 
Laque fixation forte || Le spray de 300ml || Origine : FRANCE || La laque fixation forte Monoprix maintient votre coiffure en lui conservant un effet naturel toute la journée. Enrichie en protéines de soie, en vitamine PP et en provitamine B5, elle apporte à vos cheveux douceur et brillance et les protège de l'humidité. Elle s'élimine par un simple brossage. || Vaporisez la laque sur cheveux secs à environ 30 cm de la chevelure. Le diffuseur vous assure une répartition uniforme. Convient à une utilisation quotidienne. Extrêmement inflammable. Récipient sous pression. Ne pas percer ou brûler, même après usage. Ne pas vaporiser ver une flamme ou un corps incandescent. Utiliser et conserver à l'écart de toute flamme ou source d'ignition et d'étincelles, source de chaleur, appareil électrique en fonctionnement. Ne pas fumer. Conserver hors de la portée desenfants. Utiliser et conserver le récipient dans un endroit bien ventilé. Eviter de vaporiser vers les yeux ou sur une peau irritée, d'inhaler intentionnellement. Procéder par de brèves pressions sans pulvérisation prolongée. Bien ventiler après usage. Ne pas utiliser pour un usage autre que celui pour lequel le produit est destiné. || Alcohol denat., butane propane, butyl ester of pvm/ma, copolymer, dimethyl stearamine, cyclopentasiloxane, niacinamide, panthenol, aqua, hydrolyzed silk, sodium chloride, propylene glycol, parfum. || A protéger contre les rayons solaires et à ne pas exposer à une température supérieure à 50°C. || 
7,03€ / L || 
2,11 € || 
Laque fixation forte, Maintien naturel || Le flacon de 75ml || Origine : FRANCE || Vaporisez la laque sur cheveux secs à environ 30 cm de la chevelure. Le diffuseur vous assure une répartition uniforme. Convient à une utilisation quotidienne. Récipient sous pression. Ne pas percer ou brûler, même après usage. Ne pas vaporiser versune flamme ou un corps incandescent. Utiliser et conserver à l'écart de toute flamme ou source d'ignition ou d'étincelles, source de chaleur, appareil électrique en fonctionnement. Ne pas fumer. Conserver hors de la portée des enfants. Utiliser et conserver le récipient dans un endroit bien ventilé. Eviter de vaporiser vers les yeux ou sur une peau irritée, d'inhaler intentionnellement. Procéder par de brèves pressions sans pulvérisation prolongée. Bien ventiler après usage. Ne pas utiliser pourun usage autre que celui pour lequel le produit est destiné. || Alcohol denat, butane, propane, butyl ester of pvm/ma copolymer, dimethyl stearamine, cyclopentasiloxane, niacinamide, panthenol, aqua, hydrolyzed silk, sodium chloride, propylene glycol, parfum. || A protéger contre les rayons solaires et à ne pas exposer à une température supérieure à 50°C. || 
14,53€ / L || 
1,09 € || 
Laque fixation normale || Le spray de 300ml || Origine : FRANCE || La laque fixation normale Monoprix maintient votre coiffure en lui conservant un effet naturel toute la journée. Enrichie en protéines de soie, en vitamine PP et en provitamine B5, elle apporte à vos cheveux douceur et brillance et les protège de l'humidité. Elle s'élimine par un simple brossage. || Vaporisez la laque sur cheveux secs à environ 30 cm de la chevelure. Le diffuseur vous assure une répartition uniforme. Convient à une utilisation quotidienne. Extrêmement inflammable. Récipient sous pression. Ne pas percer ou brûler, même après usage. Ne pas vaporiser ver une flamme ou un corps incandescent. Utiliser et conserver à l'écart de toute flamme ou source d'ignition et d'étincelles, source de chaleur, appareil électrique en fonctionnement. Ne pas fumer. Conserver hors de la portée desenfants. Utiliser et conserver le récipient dans un endroit bien ventilé. Eviter de vaporiser vers les yeux ou sur une peau irritée, d'inhaler intentionnellement. Procéder par de brèves pressions sans pulvérisation prolongée. Bien ventiler après usage. Ne pas utiliser pour un usage autre que celui pour lequel le produit est destiné. || Alcohol denat., butane propane, butyl ester of pvm/ma, copolymer, dimethyl stearamine, cyclopentasiloxane, niacinamide, panthenol, aqua, hydrolyzed silk, sodium chloride, propylene glycol, parfum. || A protéger contre les rayons solaires et à ne pas exposer à une température supérieure à 50°C. || 
7,03€ / L || 
2,11 € || 
Laque brillance aux isoflavones d'Iris || Le spray de 125ml || Origine : FRANCE || LA MARQUE DÉDIÉE AUX CHEVEUX SECS & FRAGILISES À base d'actifs naturels, les soins Biorène nourissent et revitalisent la fibre capillaire pour garder encore longtemps de beaux cheveux. LES ISOFLAVONES D'IRIS Ces actifs d'origine végétale stimulent lerenouvellement cellulaire et agissent comme de véritables agents revitalisants pour les cheveux matures. || Vaporisez à 15-20 cm de la chevelure, loin de toute flamme.  F+: Extrêmement inflammable || ALCOHOL DENAT., VA/CROTONATES COPOLYMER, BUTYLENE GLYCOL, AMINOMETHYL PROPANOL, PARFUM (FRAGRANCE), IRIS FLORENTINA (ORRIS) EXTRACT, AQUA (WATER), PEG/PPG-18/18 DIMETHICONE, PEG-29 CASTOR OIL, BENZOPHENONE-4, EUGENOL, BENZYL SALICYLATE, GERANIOL, BUTYLPHENYL METHYLPROPIONAL, LINALOOL, CITRONELLOL, ALPHA-ISOMETHYLIONONE, (F01). || 
73,76€ / L || 
9,22 € || 
Laque aux protéines de soi, cheveux normaux || L'atomiseur de 300ml || Origine : FRANCE || Grâce à sa diffusion micro-aérée, la formule ultra-fine de la laque Cadonett Dop se répartit facilement et uniformément sans alourdir la fibre capillaire.  Récipient sous pression, A protéger contre les rayons solaires et à ne pas exposer à une température supérieure à 50 oC, Ne pas percer ou brûler même après usage, Ne pas vaporiser vers une flamme ou un corps incandescent, Conserver à l'écart de toute flam || Acohol denat.,dimethyl ether, VA/vinyl buthyl benzoate/crotonates copolymer,aminomethyl propanol,PPG-3 methyl ether,octhyl methoxycinnamate,cyclopentasiloxane,dimeticone copolyol,ethyl ester of hydrolyzed silk, parfum. C11217/1. || 
16,10€ / L || 
4,83 € || 
Laque micro-aérée aux protéines de soie pour cheveux secs, triple protection, longue durée || L'atomiseur de 300ml || Origine : FRANCE || Aujourd'hui, pour garder une coiffure impeccable, quel que soit le temps, découvrez la laque Cadonett Dop triple protection : contre le vent, contre l'humidité et contre le soleil. Vos cheveux sont brillants, doux au toucher, en pleine santé. || Grâce à sa diffusion micro-aérée, la formule ultra-fine de la laque Cadonett Dop se répartit facilement et uniformément sans alourdir la fibre capillaire.  Récipient sous pression, A protéger contre les rayons solaires et à ne pas exposer à une température supérieure à 50 oC, Ne pas percer ou brûler même après usage, Ne pas vaporiser vers une flamme ou un corps incandescent, Conserver à l'écart de toute flam || Acohol denat, dimethyl ether, VA/vinyl butyl benzoate/crotonates copolymer, PPG-3 methyl ether, linalool, geraniol, dimethicone copolyol, eugenol, alpha-isomethyl ionone, cyclopentasiloxane, aminomethyl propanol, limonene, ethylhexyl methoxycinnamate, ethyl ester of hydrolyzed silk, hexyl cinnamal, butylphenyl methylpropional, benzyl benzoate, parfum. C21802/1. || 
18,33€ / L || 
5,50 € || 
Laque finition & brillance cheveux colorés ou méchés, micro-réflecteur de lumière || L'atomiseur de 300ml || Origine : FRANCE || La laque professionnelle Finition Brillance diffuse de façon très fine des micro-particules de résine qui reflètent intensément la lumière et fixent parfaitement votre coiffure.Parfaitement fixée, votre coiffure tient toute la journée. Vos cheveux sont illuminés d'une brillance satinée. Sa formule enrichie en Pro Vitamine B et en agents cosmétiques adaptés aux cheveux fins, pour leur donner du volume sans les alourdir et protéger la fibre capillaire. Micro-diffusée, elle ne laisse pas de résidusvisibles sur vos cheveux et s'élimine facilement au brossage. || Récipient sous pression. Ne pas percer ou brûler même après usage. Ne pas vaporiser vers une flamme ou un corps incandescent. Conserver à l'écart de toute flamme ou source d'étincelles. Ne pas fumer. Conserver hors de la portée des enfants. Eviter de vaporiser vers les yeux ou sur une peau irritée et d'inhaler intentionnellement. Ne pas utiliser pour un usage autre que celui pour lequel le produit est destiné. Ne pas utiliser dans une atmosphère confinée. || Alcohol denat, dimethyl ether, va/crotonates/vinyl neodecanoate copolymer, peg/ppg-18/18, linalool, alpha-isomethyl ionone, amyl cinnamal, aminomethyl propanol, limonene, citronellol, panthenol, hexyl cinnamal, butylphenyl methylpropional, benzyl salicylate, benzyl alcohol, parfum/fragrance (F.I.L. C35329/1). || A protéger contre les rayons solaires et à ne pas exposer à une température supérieure à 50°C. || 
29,00€ / L || 
8,70 € || 
Laque finition & brillance cheveux fins ou sans volume, micro-réflecteur de lumière || La bombe de 300ml || Origine : FRANCE || La laque professionnelle Finition Brillance diffuse de façon très fine des micro-particules de résine qui reflètent intensément la lumière et fixent parfaitement votre coiffure.Parfaitement fixée, votre coiffure tient toute la journée. Vos cheveux sont illuminés d'une brillance satinée. Sa formule enrichie en Pro Vitamine B et en agents cosmétiques adaptés aux cheveux fins, pour leur donner du volume sans les alourdir et protéger la fibre capillaire. Micro-diffusée, elle ne laisse pas de résidusvisibles sur vos cheveux et s'élimine facilement au brossage. || Volume : soulevez les cheveux et vaporisez aux racines. Finition : vaporisez d'un geste large sur cheveux secs, à environ 30cm, en insistant sur les mèches les plus structurées. Récipient sous pression. Ne pas percer ou brûler même après usage. Ne pas vaporiser vers une flamme ou un corps incandescent. Conserver à l'écart de toute flamme ou source d'étincelles. Ne pas fumer. Conserver hors de la portée des enfants. Eviter de vaporiser vers les yeux ou sur une peau irritée et d'inhaler intentionnellement. Ne pas utiliser pour un usage autre que celui pour lequel le produit est destiné. Ne pas utiliser dans une atmosphère confinée. || Alcohol denat, dimethyl ether, va/crotonates/vinyl neodecanoate copolymer, peg/ppg-18/18 dimethicone, linalool, alpha-isomethyl ionone, amyl cinnamal, aminomethyl propanol, limonene, citronellol, panthenol, hexyl cinnamal, butylphenyl methylpropional, benzyl salicylate, benzyl alcohol, parfum/fragrance (F.I.L. C35328/1). || A protéger contre les rayons solaires et à ne pas exposer à une température supérieure à 50°C. || 
29,00€ / L || 
8,70 € || 
Laque expert volume                                              Fixation forte || La bombe de 400ml || Origine : FRANCE || Laques professionnelles Expert Volume, ultrafines et enrichies en agents anti-humidité, pour apporter de la tune à votre coiffure pendant 24 heures et un volume dès la racine. || Après séchage, diffuser la laque professionnelle tête en bas en décollant les racines. A ne pas percer ou bruler même après usage. Ne pas vaporiser vers une flamme ou un corps incandescent. Conserver à l'écart de toute flamme ou source d'étincelles.Ne pas fumer. Conserver hors de la portée des enfants. Eviter de vaporiser vers les yeux ou sur une peau irritée et d'inhaler intentionnellement. Ne pas utiliser pour un usage autre que celui pour lequel  le produit est destiné. Ne pas utiliser dansune atmosphère confinée. || Dimethyl ether, alcohol, denat, vacrotonates/vinyl neodecanoate copolymer, pvp, linalool, sodium saccharin, coumarin, aminomethyl propanol limonene, citronellol, hexyl cinnamal ethylhexyl methoxycinnamate, butylphenyl methylpropional, benzyl salicylate, benzyl alcohol parfum/fragrance  (F.I.L C159968/1). || Récipient sous pression, à protéger contre les rayons solaires et à ne pas exposer à une température supérieure à 50°C. || 
18,00€ / L || 
7,20 € || 
Laque ultra-fine, formule micro-aérée, diffusion fine et uniforme, fixation normale || La bombe de 300ml || Origine : FRANCE || Si fine dans vos cheveux qu'elle ne se voit pas. Micro-aérée, elle fixe parfaitement sans faire de paquets, et maintient votre coiffure toute la journée en laissant vos cheveux légers.Micro-diffusée, elle se répartit uniformément en micro-gouttelettes invisibles dans la chevelure. || Récipient sous pression. Ne pas percer ou brûler même après usage. Ne pas vaporiser vers une flamme ou un corps incandescent. Conserver à l'écart de toute flamme ou source d'étincelles ou d'ignition. Ne pas fumer. Conserver hors de la portée des enfants. Eviter de vaporiser vers les yeux ou sur une peau irritée et d'inhaler intentionnellement. Ne pas utiliser pour un usage autre que celui pour lequel le produit est destiné. Ne pas utiliser dans une atmosphère confinée. || Alcohol denat, dimethyl ether, va/vinyl butyl benzoate/crotonates copolymer, cyclopentasiloxane, hydroxycitronellal, hydroxyisohexyl 3-cyclohexene carboxaldehyde, PPG-3 methyl ether, eugenol, aminomethyl propanol, dimethicone copolyol, limonene, benzyl salicylate, linalool, cinnamyl alcohol, geraniol, citral, coumarin, amyl cinnamal, parfum/fragrance (FIL C28613/1). || A protéger contre les rayons solaires et à ne pas exposer à une température supérieure à 50°C. || 
26,07€ / L || 
7,82 € || 
Style, laque tenue & flex, finition, à l'extrait de bambou, tenue 24h, fixation forte || La bombe de 300ml || Origine : FRANCE || Découvrez la 1ère laque Fructis Style qui utilise la force naturelle du bambou pour donner à votre coiffure tenue et flexibilité pendant 24h. A l'extrait de bambou : reconnu pour ses propriétés à la fois résistantes et flexibles. 'Action tenue & flex' sur votre coiffure : elle tient 24h et revient toujours en place naturellement. Micro-diffusion ultra-fine : sa formule fait instantanément corps avec votre coiffure pour un séchage immédiat et une finition parfaite. || une fois votre coiffure mise en forme, vaporisez en halo sur cheveux secs à environ 30cm de la chevelure. S'élimine parfaitement au brossage.  Récipient sous pression. Ne pas percer ou brûler même après usage. Ne pas vaporiser vers une flamme ou un corps incandescent. Conserver à l'écart de toute flamme ou source d'étincelles ou d'ignition. Ne pas fumer. Conserver hors de la portée des enfants. Eviter de vaporiser vers les yeux ou sur une peau irritée, d'inhaler intentionnellement. Ne pas utiliser pour un usage autre que celui pour lequel le produit est destiné. Ne pas utiliser dans une atmosphère confinée. Extrêmement inflammable || Alcohol denat, isobutane, butane, propane, VA/crotonates/vinyl neodecanoate copolymer, aqua/water, niacinamide, aminomethyl propanol, limonene, bambusa vulgaris extract, panthenol, linalool, propylene glycol, sorbitol, citrus aurantium dulcis extract/orange fruit extract, prunus armeniaca kernel oil/apricot kernel oil, hexyl cinnamal, glycerin, amyl cinnamal, parfum/fragrance (FIL C34663/1). || A protéger contre les rayons solaires et à ne pas exposer à une température supérieure à 50°C. || 
20,57€ / L || 
6,17 € || 
Style, laque tenue & flex, volume, à l'extrait de bambou, tenue 24h, cheveux fins || La bombe de 300ml || Origine : FRANCE || Découvrez la 1ère laque Fructis Style spécialement adaptée aux cheveux fins. Elle utilise la force naturelle du bambou pour donner à votre coiffure tenue et flexibilité pendant 24h. A l'extrait de bambou : reconnu pour ses propriétés à la fois résistantes et flexibles. 'Action tenue & flex' sur votre coiffure : elle tient 24h et revient toujours en place naturellement. Micro-diffusion ultra-fine : sa formule fait instantanément corps avec vos cheveux fins pour un séchage immédiat et une finitionparfaite. || Une fois votre coiffure mise en forme, vaporisez en halo sur cheveux secs à environ 30cm de la chevelure. S'élimine parfaitement au brossage.  Récipient sous pression. Ne pas percer ou brûler même après usage. Ne pas vaporiser vers une flamme ou un corps incandescent. Conserver à l'écart de toute flamme ou source d'étincelles ou d'ignition. Ne pas fumer. Conserver hors de la portée des enfants. Eviter de vaporiser vers les yeux ou sur une peau irritée, d'inhaler intentionnellement. Ne pas utiliser pour un usage autre que celui pour lequel le produit est destiné. Ne pas utiliser dans une atmosphère confinée. Extrêmement inflammable || Alcohol denat, isobutane, butane, propane, VA/crotonates/vinyl neodecanoate copolymer, aqua/water, niacinamide, aminomethyl propanol, limonene, bambusa vulgaris extract, panthenol, linalool, propylene glycol, sorbitol, citrus aurantium dulcis extract/orange fruit extract, prunus armeniaca kernel oil/apricot kernel oil, hexyl cinnamal, glycerin, amyl cinnamal, parfum/fragrance (FIL C34659/1). || A protéger contre les rayons solaires et à ne pas exposer à une température supérieure à 50°C. || 
20,57€ / L || 
6,17 € || 
Laque fixation forte, bouclier anti-humidité || L'aérosol de 250ml || Origine : FRANCE || Résistance à l'humidité pendant 24 heures, pour une tenue professionnelle sans frisottis. C'est une laque fixation forte qui sèche rapidement et apporte du maintien à votre style. Elle fait barrage à l'humidité et contribue à prévenir les frisottis sous la pluie comme au soleil. Avec filtres UV. || Tenez l'aérosol à 20-25 cm des cheveux. Vaporisez uniformément sur votre coiffure. Extrêmement inflammable. Récipient sous pression. Ne pas vaporiser vers une flamme ou vers un corps incandescent. Tenir éloigné de toute source d'ignition. Ne pas fumer lors de l'utilisation du produit et tant que les cheveux ne sont pas complètement secs. A n'utiliser que dans une pièce bien ventilée. Eviter le contact avec les yeux. Le cas échéant, rincer abondamment à l'eau immédiatement. Toute utilisation impropre intentionnelle telle que l'inhalation délibérée du produit peut être dangereuse, voire fatale. Conserver hors de la portée des enfants. Ne pas percer et ne pas incinérer, même après usage. Une fois le récipient entièrement vide, il peut être jeté. A n'utiliser que conformément au mode d'emploi. || Alcohol denat, butane, propane, isobutane, octylacrylamide/acrylates/butylaminoethyl methacrylate copolymer, aminomethyl propanol, triethyl citrate, pentaerythrityl tetracaprylate/tetracaprate, quaternium-52, PEG/PPG-14/4 dimethicone, amp-isostearoylhydrolyzed wheat protein, ethylhexyl methoxycinnamate, aqua, parfum, butylphenyl methylpropional, limonene, linalool. || A protéger contre les rayons solaires et à ne pas exposer à une température supérieure à 50°C. || 
49,08€ / L || 
12,27 € || 
Laque brillance infinie, Fixation très forte || L'aérosol de 300ml || Origine : BELGIQUE || Maintient parfaitement votre coiffure toute la journée en l'habillant de lumière. Grâce à ses micro réflecteurs, elle capte la lumière et la redisperse pour une brillance et tenue longue journée. || Diffuser à environ 30 cm de la chevelure : le micro diffuseur assure une diffusion ultra fine et une répartition plus uniforme de la laque sur les cheveux. Récipient sous pression. Ne pas percer ou brûler même après usage. Ne pas vaporiser vers une flamme ou un corps incandescent. Conserver à l'écart de toute flamme ou source d'étincelles. Ne pas fumer. Conserver hors de la portée des enfants. Eviter de vaporiser vers les yeux ou sur une peau irritée et d'inhaler intentionnellement. Ne pas utiliser pour un usage autre que celui pour lequel le produit est destiné. Ne pas utiliser dans une atmosphère confinée. || Alcohol denat, dimethyl ether, va/crotonates/vinyl neodecanoate copolymer, hydroxycitronellal, peg/ppg-18/18 dimethicone, ethylhexyl methoxycinnamate, aminomethyl propanol, limonene, linalool, benzyl alcohol, benzyl benzoate, alpha isomethyl ionone,geraniol, citronellol, coumarin, glycerin, amyl cinnamal, parfum (FIL C53423/1). || A protéger contre les rayons solaires et à ne pas exposer à une température supérieure à 50°C. || 
37,03€ / L || 
11,11 € || 
Laque Elnett || La bombe de 300ml || Origine : FRANCE || Allurelle d'Elnett, assure à toutes les coiffures actuelles un maintien naturel. Allurelle respecte le cheveux et permet une fixation discrète et souple tout au long de la journée.Avec Allurelle, vos cheveux restent souples et agréables au toucher. Allurelle s'élimine totalement et laisse les cheveux légers et brillants. || Diffuser à environ 30cm de la chevelure sur cheveux secs. Vous pouvez utiliser Allurelle pour donner du volume (vaporisez alors en mèche à mèche sur les racines, ou sur l'ensemble de la chevelure, la tête en bas). Vous pouvez aussi utiliser Allurellesur cheveux mouillés, avant la mise en forme. Récipient sous pression. Ne pas percer ou brûler même après usage. Ne pas vaporiser vers une flamme ou un corps incandescent. Conserver à l'écart de toute flamme ou source d'étincelles ou d'ignition. Nepas fumer. Conserver hors de la portée des enfants. Eviter de vaporiser vers les yeux ou sur une peau irritée et d'inhaler intentionnellement. Ne pas utiliser pour un usage autre que celui pour lequel le produit est destiné. Ne pas utiliser dans uneatmosphère confinée. || Alcohol denat, dimethyl ether, va/vinyl butyl benzoate/crotonates copolymer, cyclopentasiloxane, oleth-16, steareth-16, PPG-3 methyl ether, eugenol, aminomethyl propanol, limonene, dimethicone copolyol, linalool, laneth-16, ceteth-16, citral, parfum/fragrance (FIL C18479/2). || A protéger contre les rayons solaires et à ne pas exposer à une température supérieure à 50°C. || 
26,07€ / L || 
7,82 € || 
Laque Satin Absolute || L'aérosol de 300ml || Origine : FRANCE || Micro-diffusion. Elle maintient parfaitement votre coiffure et laisse vos cheveux souples et soyeux. Protège vos cheveux de l'humidité. S'élimine au plus léger brossage. || Diffuser à environ 30cm de la chevelure : le micro-diffuseur assure une diffusion ultra-fine et une répartition plus uniforme de la laque sur les cheveux. Récipient sous pression. Ne pas percer ou brûler même après usage. Ne pas vaporiser vers une flamme ou un corps incandescent. Conserver à l'écart de toute flamme ou source d'étincelles ou d'ignition. Ne pas fumer. Conserver hors de la portée des enfants. Eviter de vaporiser vers les yeux ou sur une peau irritée et d'inhaler intentionnellement.Ne pas utiliser pour un usage autre que celui pour lequel le produit est destiné. Ne pas utiliser dans une atmosphère confinée. || Alcohol denat, dimethyl ether, Va/crotonates/vinyl neodecanoate copolymer, hydroxycitronellal, evernia prunastri/oakmoss extract, PEG/PPG-18/18 dimethicone, ethylhexyl methoxycinnamate, aminomethyl propanol, calcium pantothenate, limonene, linalool,benzyl benzoate, benzyl alcohol, alpha-isomethyl ionone, geraniol, citronellol, coumarin, amyl cinnamal, parfum/fragrance, (F.I.L. C39493/1). || A protéger contre les rayons solaires et à ne pas exposer à une température supérieure à 50°C. || 
36,70€ / L || 
11,01 € || 
Laque Satin Cheveux Colorés || L'aérosol de 150ml || Origine : FRANCE || Elnett Satin micro-diffusion filtre UV. Toute la tenue et la finesse d'Elnett Satin adaptées aux besoins spécifiques des cheveux colorés.Maintient votre coiffure en lui gardant tout son naturel. Préserve l'éclat de votre couleur. Protège vos cheveuxde l'humidité. S'élimine au plus léger brossage. || Diffuser à environ 30 cm de la chevelure le micro-diffuseur assure une diffusion ultra fine et une répartition plus uniforme de la laque sur les cheveux. Récipient sous pression. Ne pas percer ou brûler même après usage. Ne pas vaporiser vers une flamme ou un corps incandescent. Conserver à l'écart de toute flamme, source d'ignition et d'étincelles. Ne pas fumer. Conserver hors de la portée des enfants. Ne pas vaporiser vers les yeux ou sur une peau irritée. Ne pas inhaler. Ne pas utiliser pourun usage autre que celui pour lequel le produit est destiné. Ne pas utiliser dans une atmosphère confinée. Extrêmement inflammable. || Alcohol denat, dimethyl ether, va/crotonates/vinyl neodecanoate copolymer, tocopherol, hydroxycitronellal, evernia prunastri/oakmoss extract, peg/ppg-18/18 dimethicone, methyl ether, ethylhexyl methoxycinnamate, aminomethyl propanol, limonene, linalool, benzyl benzoate, benzyl alcohol, alpha-isomethyl ionone, geraniol, citronellol, coumarin, amyl cinnamal, parfum/fragrance (FIL C44731/1). || A protéger contre les rayons solaires et à ne pas exposer à une température supérieure à 50°C. || 
45,93€ / L || 
6,89 € || 
Laque Satin Cheveux Colorés || L'aérosol de 300ml || Origine : BELGIQUE || Toute la tenue et la finesse d'Elnett Satin adaptées aux besoins spécifiques des cheveux colorés. Maintient votre coiffure en lui gardant tout son naturel.Préserve l'éclat de votre couleur. Protège votre coiffure de l'humidité. S'élimine au plus léger brossage. || Diffuser à environ 30cm de la chevelure : le micro-diffuseur assure une diffusion ultra fine et une répartition plus uniforme de la laque sur les cheveux. Ne pas percer ou brûler même après usage. Ne pas vaporiser vers une flamme ou un corps incandescent. Conserver à l'écart de toute flamme ou source d'étincelles. Ne pas fumer. Conserver hors de la portée des enfants. Eviter de vaporiser vers les yeux ou sur une peau irritée et d'inhaler intentionnellement. Ne pas utiliser pour un usage autre que celui pour lequel le produit est destiné. Ne pas utiliser dans une atmosphère confinée. || Alcohol denat, dimethyl ether, va/crotonates/vinyl neodecanoate copolymer, tocopherol, hydroxycitronellal, evernia prunastri/oakmoss extract, PEG/PPG 18/18, dimethicone, ethylhexyl methoxycinnamate, aminomethyl propanol, limonene, linalool, benzyl benzoate, benzyl alcohol, alpha-isomethyl ionone, geraniol, citronellol, coumarin, amyl cinnamal, parfum/fragrance, (FIL C44731/1). || Récipient sous pression, à protéger contre les rayons solaires et à ne pas exposer à une température supérieure à 50°C. || 
34,17€ / L || 
10,25 € || 
Laque Satin Cheveux Colorés || L'aérosol de 400ml || Origine : FRANCE || Toute la tenue et la finesse d'Elnett Satin adaptées aux besoins spécifiques des cheveux colorés. Maintient votre coiffure en lui gardant tout son naturel. Préserve l'éclat de votre couleur. Protège vos cheveux de l'humidité. S'élimine au plus légerbrossage. || Diffuser à environ 30 cm de la chevelure : le micro-diffuseur assure une diffusion ultra fine et une répartition plus uniforme de la laque sur les cheveux.  Récipient sous pression. Ne pas percer ou brûler même après usage. Ne pas vaporiser vers uneflamme ou un corps incandescent. Conserver à l'écart de toute flamme ou source d'étincelles ou d'ignition. Ne pas fumer. Conserver hors de la portée des enfants. Eviter de vaporiser vers les yeux, ou sur une peau irritée et d'inhaler intentionnellement. Ne pas utiliser pour un usage autre que celui pour lequel le produit est destiné. Ne pas utiliser dans une atmosphère confinée. || ALCOHOL DENAT., DIMETHYL ETHER, YA/VINYL BUTYL, BENZOATE/CROTONATES COPOLYMER, CYCLOPENTASILOXANE, HYDROXYCITRONELLOL, EVERNIA PRUNASTRI / OAKMOSS EXTRACT, PPG-3 METHYL ETHER, ETHYLHEXIL METHOXYCINNAMATE, AMINOMETHYL PROPANOL, DIMETHICONE COPOLYOL, LIMONENE LINALOOL, BENZYL BENZOATE, ALPHA-ISOMETHYL IONONE, GERANIOL, CITRONELLOL, COUMARIN, AMYL CINNAMAL, PARFUM / FRAGRANCE (FIL Cl 4762/2). || A protéger contre les rayons solaires et à ne pas exposer à une température supérieure à 50°C. || 
31,55€ / L || 
12,62 € || 
Laque Satin Cheveux Secs || L'aérosol de 150ml || Origine : FRANCE || Toute la tenue et la finesse d'Elnett Satin adaptées aux besoins spécifiques des cheveux secs ou abîmés. Enrichie en nutri-céramide pour ses propriétés restructurante.Tenue parfaite longue durée. Toucher doux satin. Protège les cheveux secs ou abîmés. S'élimine au plus léger brossage. || Diffuser à environ 30cm de la chevelure : le micro-diffuseur assure une diffusion ultra-fine et une répartition plus uniforme de la laque sur les cheveux. Récipient sous pression. Ne pas percer ou brûler même après usage. Ne pas vaporiser vers une flamme ou un corps incandescent. Conserver à l'écart de toute flamme ou source d'étincelles ou d'ignition. Ne pas fumer. Conserver hors de la portée des enfants. Eviter de vaporiser vers les yeux ou sur une peau irritée et d'inhaler intentionnellement.Ne pas utiliser pour un usage autre que celui pour lequel le produit est destiné. Ne pas utiliser dans une atmosphère confinée. Extrêmement inflammable. || Dimethyl ether, alcohol denat, aqua/water, polyurethane-6, hydroxycitronellal, ethylhexyl methoxycinnamate, dimethicone, limonene, linalool, benzyl salicylate, benzyl alcohol, 2-oleamido-1,3-octadecanediol, alpha-isomethyl ionone, geraniol, citronellol, hexyl cinnamal, glycerin, parfum/fragrance (FIL C39330/1). || A protéger contre les rayons solaires et à ne pas exposer à une température supérieure à 50°C. || 
45,00€ / L || 
6,75 € || 
Laque Satin Cheveux Secs || L'aérosol de 300ml || Origine : BELGIQUE || Toute la tenue et la finesse d'Elnett Satin adaptées aux besoins spécifiques des cheveux secs ou abîmés enrichie en nutri-céramide pour ses propriétés restructurantes.Tenue parfaite longue durée. Toucher doux satin. Protège les cheveux secs ou abîmés. S'élimine au plus léger brossage. || Diffuser à environ 30cm de la chevelure : le micro-diffuseur assure une diffusion ultra fine et une répartition plus uniforme de la laque sur les cheveux. Ne pas percer ou brûler même après usage. Ne pas vaporiser vers une flamme ou un corps incandescent. Conserver à l'écart de toute flamme ou source d'étincelles. Ne pas fumer. Conserver hors de la portée des enfants. Eviter de vaporiser vers les yeux ou sur une peau irritée et d'inhaler intentionnellement. Ne pas utiliser pour un usage autre que celui pour lequel le produit est destiné. Ne pas utiliser dans une atmosphère confinée. || Dimethyl ether, alcohol denat, aqua/water, polyurethane-6, hydroxycitronellal, ethylhexyl methoxycinnamate, dimethicone, limonene, linalool, benzyl salicylate, benzyl alcohol,   2-oleamido-1,3-octadecanediol, alpha-isomethyl ionone, geraniol, citronellol, hexyl cinnamal, glycerin, parfum/fragrance (FIL C39330/1). || Récipient sous pression, à protéger contre les rayons solaires et à ne pas exposer à une température supérieure à 50°C. || 
33,63€ / L || 
10,09 € || 
Laque Satin Cheveux Secs || L'aérosol de 400ml || Origine : FRANCE || Toute la tenue et la finesse d'Elnett Satin adaptées aux besoins spécifiques des cheveux secs ou abîmés enrichie en nutri-céramide pour ses propriété restructurante. Tenue parfaite longue durée. Toucher doux satin. Protège les cheveux secs ou abîmés.S'élimine au plus léger brossage. || Diffuser à environ 30cm de la chevelure : le micro-diffuseur assure une diffusion ultra fine et une répartition plus uniforme de la laque sur les cheveux.  Récipient sous pression. Ne pas percer ou brûler même après usage. Ne pas vaporiser vers une flamme ou un corps incandescent. Conserver à l'écart de toute flamme ou source d'étincelles ou d'ignition. Ne pas fumer. Conserver hors de la portée des enfants. Eviter de vaporiser vers les yeux, ou sur une peau irritée et d'inhaler intentionnellement. Ne pas utiliser pour un usage autre que celui pour lequel le produit est destiné. Ne pas utiliser dans une atmosphère confinée. Extrêmement inflammable. || Dimethyl ether, alcohol denat, aqua/water, polyuretane-6, hydroxycitronellal, ethylhexyl methoxycinnamate, dimethicone, limonene, linalool, benzyl salicylate, 2-oleamido-1,3-octadecanediol, alpha-isomethyl ionone, geraniol, butylphenyl methylpropional, citronellol, hexyl cinnamal, glycerin, parfum/fragrance. (FIL C21369/1). || A protéger contre les rayons solaires et à ne pas exposer à une température supérieure à 50°C. || 
31,55€ / L || 
12,62 € || 
Laque Satin Fixation Forte || L'aérosol de 150ml || Origine : FRANCE || Elnett satin micro-diffusion maintient votre coiffure en lui gardant tout son naturel. Protège vos cheveux de l'humidité. S'élimine au plus léger brossage. || Diffuser à environ 30cm de la chevelure : le micro-diffuseur assure une diffusion ultra fine et une répartition plus uniforme de la laque sur les cheveux.  Récipient sous pression, Ne pas vaporiser vers une flamme ou un corps incandescent, Conserverà l'écart de toute flamme ou source d'étincelles, A protéger contre les rayons solaires et à ne pas exposer à une température supérieure à 50 oC, Ne pas percer o || Acohol denat, dimethyl ether, isobutane, VA/vinyl butyl benzoate/crotonates copolymer, cyclopentasiloxane, PPG-3 methyl ether, ethylhexyl methoxycinnamate, aminomethyl propanol, dimethicone copolyol, parfum. (C15909/1). || 
45,00€ / L || 
6,75 € || 
Laque Satin Fixation Forte || L'aérosol de 300ml || Origine : BELGIQUE || Elnett satin micro-diffusion maintient votre coiffure en lui gardant tout son naturel. Protège vos cheveux de l'humidité. S'élimine au plus léger brossage. || Diffuser à environ 30cm de la chevelure : le micro-diffuseur assure une diffusion ultra fine et une répartition plus uniforme de la laque sur les cheveux. Ne pas percer ou brûler même après usage. Ne pas vaporiser vers une flamme ou un corps incandescent. Conserver à l'écart de toute flamme ou source d'étincelles. Ne pas fumer. Conserver hors de la portée des enfants. Eviter de vaporiser vers les yeux ou sur une peau irritée et d'inhaler intentionnellement. Ne pas utiliser pour un usage autre que celui pour lequel le produit est destiné. Ne pas utiliser dans une atmosphère confinée. || Alcohol denat, dimethyl ether, isobutane, va/crotonates/vinyl neodecanoate copolymer, hydroxycitronellal, evernia prunastri / oakmoss extract, PEG/PPG-18/18 dimethicone, ethylhexyl methoxycinnamate, aminomethyl propanol, limonene, linalool, benzyl benzoate, benzyl alcohol, alpha-isomethyl ionone, geraniol, citronellol, coumarin, amyl cinnamal, parfum / fragrance. (FIL C415538/1). || Récipient sous pression, à protéger contre les rayons solaires et à ne pas exposer à une température supérieure à 50°C. || 
32,10€ / L || 
9,63 € || 
Laque Satin Fixation Forte || L'aérosol de 400ml || Origine : FRANCE || Elnett Satin maintient votre coiffure en lui gardant tout son naturel, protège vos cheveux de l'humidité et s'élimine au plus léger brossage. || Alcohol denat, dimethyl ether, isobutane, va/vinyl butyl benzoate/crotonates copolymer, cyclopentasiloxane, hydroxycitronellal, evernia prunastri/oakmoss extract, PPG-3 methyl ether, ethylhexyl methoxycinnamate, aminomethyl propanol, dimethicone copolyol, limonene, linalool, benzyl benzoate, alpha-isomethyl ionone, geraniol, citronellol, coumarin, amyl cinnamal, parfum. (FIL C15909/2). || 
29,85€ / L || 
11,94 € || 
Laque Satin Fixation Normale || L'aérosol de 150ml || Origine : FRANCE || Elnett satin micro-diffusion maintient votre coiffure en lui gardant tout son naturel. Protège vos cheveux de l'humidité. S'élimine au plus léger brossage. || Diffuser à environ 30cm de la chevelure : le micro-diffuseur assure une diffusion ultra fine et une répartition plus uniforme de la laque sur les cheveux. Ne pas percer ou brûler même après usage. Ne pas vaporiser vers une flamme ou un corps incandescent. Conserver à l'écart de toute flamme ou source d'étincelles. Ne pas fumer. Conserver hors de la portée des enfants. Eviter de vaporiser vers les yeux ou sur une peau irritée et d'inhaler intentionnellement. Ne pas utiliser pour un usage autre que celui pour lequel le produit est destiné. Ne pas utiliser dans une atmosphère confinée. || Alcohol denat, dimethyl ether, VA/crotonates/vinyl neodecanoate copolymer, hydroxycitronellal, evernia prunastri/oakmoss extract, peg/ppg- 18/18, dimethicone, ethylhexyl methoxycinnamate, aminomethyl propanol, limonene, linalool, benzyl benzoate, benzyl alcohol, alpha-isomethyl ionone, geraniol, citronellol, coumarin, amyl cinnamal, parfum/fragrance (FIL C41523/1). || Récipient sous pression, à protéger contre les rayons solaires et à ne pas exposer à une température supérieure à 50°C. || 
37,80€ / L || 
5,67 € || 
Laque Satin Fixation Normale || L'aérosol de 300ml || Origine : BELGIQUE || Elnett satin micro-diffusion maintient votre coiffure en lui gardant tout son naturel. Protège vos cheveux de l'humidité. S'élimine au plus léger brossage. || Diffuser à environ 30cm de la chevelure : le micro-diffuseur assure une diffusion ultra fine et une répartition plus uniforme de la laque sur les cheveux. Ne pas percer ou brûler même après usage. Ne pas vaporiser vers une flamme ou un corps incandescent. Conserver à l'écart de toute flamme ou source d'étincelles. Ne pas fumer. Conserver hors de la portée des enfants. Eviter de vaporiser vers les yeux ou sur une peau irritée et d'inhaler intentionnellement. Ne pas utiliser pour un usage autre que celui pour lequel le produit est destiné. Ne pas utiliser dans une atmosphère confinée. || Alcohol denat, dimethyl ether, va/crotonates/vinyl neodecanoate copolymer, hydroxycitronellal, evernia prunastri/oakmoss extract, PEG/PPG-18/18 dimethicone, ethylhexyl methoxycinnamate, aminomethyl propanol, limonene, linalool, benzyl benzoate, benzyl alcohol, alpha-isomethyl ionone, geraniol, citronellol, coumarin, amyl cinnamal, parfum/fragrance. (FIL C41523/1). || Récipient sous pression, à protéger contre les rayons solaires et à ne pas exposer à une température supérieure à 50°C. || 
29,50€ / L || 
8,85 € || 
Laque Satin Fixation Normale || L'aérosol de 400ml || Origine : FRANCE || Micro diffusion Elnett satin maintient votre coiffure en lui gardant tout son naturel, protège vos cheveux de l'humidité, s'élimine au plus léger brossage. || Diffuser à 30cm de la chevelure : le micro diffuseur assure une diffusion ultra-fine et une répartition plus uniforme de la laque sur les cheveux.  Récipient sous pression, A protéger contre les rayons solaires et à ne pas exposer à une température supérieure à 50 oC, Ne pas percer ou brûler même après usage, Ne pas vaporiser vers une flamme ou un corps incandescent, Conserver à l'écart de toute flam || Alcohol denat, dimethyl ether, va/vinyl buthyl benzoate/crotonates copolymer, aminomethyl propanol, cyclopentasiloxane, dimethicone copolyol, ethylhexyl methoxycinnamate, PPG-3 methyl ether, parfum (C15083/1). || 
29,48€ / L || 
11,79 € || 
Laque Satin Lady Liss || L'aérosol de 300ml || Origine : FRANCE || Lisse la chevelure et protège vos cheveux de l'humidité. Pour un lissage parfait et une brillance laquée au quotidien. || Diffuser à environ 30 cm de la chevelure : le micro diffuseur assure une diffusion ultra fine et une répartition plus uniforme de la laque sur les cheveux. S'élimine au plus léger brossage. Récipient sous pression. Ne pas percer ou brûler même aprèsusage. Ne pas vaporiser vers une flamme ou un corps incandescent. Conserver hors de la portée des enfants. Eviter de vaporiser vers les yeux, ou sur une peau irriter et d'inhaler intentionnellement. Ne pas utiliser pour un autre usage que celui pourlequel le produit est destiné. Ne pas utiliser dans une atmosphère confinée. || Alcohol denat, dimethyl ether, va/crotonates/vinyl neodecanoate copolymer, peg/ppg-4/12 dimethicone, ethylhexyl methoxycinnamate, aminomethyl propanol, limonene, linalool, benzyl alcohol, alpha isomethyl ionone, geraniol, rose centifolia extract/rosacentifolia flower extract, citronellol, coumarin, hexyl cinnamal, parfum. C158630/1. || A protéger contre les rayons solaires et à ne pas exposer à une température supérieure à 50°C. || 
35,33€ / L || 
10,60 € || 
Laque Satin Lumière || La bombe de 150ml || Origine : BELGIQUE || 
48,00€ / L || 
7,20 € || 
Laque Satin Volume Toujours || L'aérosol de 150ml || Origine : FRANCE || Enrichie en pro-kératine, elle crée facilement du volume pour des coiffures qui tiennent toute la journée et restent naturelles et vivantes.Protège votre coiffure de l'humidité. S'élimine au plus léger brossage. || Diffuser à 20cm sur les racines, puis placez votre coiffure avec vos mains ou une brosse. Pour une tenue parfaite, terminez par une diffusion en halo à 20cm de la coiffure. Récipient sous pression. Ne pas percer ou brûler même après usage. Ne pas vaporiser vers une flamme ou un corps incandescent. Conserver à l'écart de toute flamme ou source d'étincelles ou d'ignition. Ne pas fumer. Conserver hors de la portée des enfants. Eviter de vaporiser vers les yeux, ou sur une peau irritée et d'inhalerintentionnellement. Ne pas utiliser pour un usage autre que celui pour lequel le produit est destiné. Ne pas utiliser dans une atmosphère confinée. || Alcohol denat, dimethyl ether, acrylates/t-butylacrylamide copolymer, aqua/water, hydroxycitronellal, evernia prunastri/oakmoss extract, PEG/PPG-18/18 dimethicone, magnesium acetate, arginine, aminomethyl propanol, limonene, linalool, benzyl benzoate, benzyl alcohol, alpha-isomethyl ionone, geraniol, serine, citronellol, coumarin, glutamic acid, amyl cinnamal, parfum/fragrance, (FIL C34273/1). || A protéger contre les rayons solaires et à ne pas exposer à une température supérieure à 50°C. || 
48,00€ / L || 
7,20 € || 
Laque Satin Volume Toujours || L'aérosol de 300ml || Origine : FRANCE || Enrichie en pro-kératine, elle crée facilement du volume pour des coiffures qui tiennent toute la journée et restent naturelles et vivantes. Protège votre coiffure de l'humidité.S'élimine au plus léger brossage. || Diffuser à 20cm sur les racines, puis placez votre coiffure avec vos mains ou une brosse. Pour une tenue parfaite, terminez par une diffusion en halo à 20cm de la coiffure. Récipient sous pression. Ne pas percer ou brûler même après usage. Ne pas vaporiser vers une flamme ou un corps incandescent. Conserver à l'écart de toute flamme source d'étincelles ou d'ignition. Ne pas fumer. Conserver hors de la portée des enfants. Eviter de vaporiser vers les yeux ou sur une peau irritée et d'inhaler intentionnellement. Ne pas utiliser pour un usage autre que celui pour lequel le produit est destiné. Ne pas utiliser dans une atmosphère confinée. Extrêmement inflammable. || Alcohol denat, dimethyl ether, acrylates/t-butylacrylamide copolymer, aqua/water, hydroxycitronellal, evernia prunastri/oakmoss extract, PEG/PPG-18/18 dimethicone, magnesium acetate, arginine, aminomethyl propanol, limonene, linalool, benzyl benzoate, benzyl alcohol, alpha-isomethyl ionone, geraniol, serine, citronellol, coumarin, glutamic acid, amyl cinnamal, parfum/fragrance (FIL C34273/1). || A protéger contre les rayons solaires et à ne pas exposer à une température supérieure à 50°C. || 
36,97€ / L || 
11,09 € || 
Laque volume excess, Fixation forte || La bombe de 300ml || Origine : FRANCE || 
35,33€ / L || 
10,60 € || 
Spray Coiffant Lissage || Le vaporisateur de 170ml || Origine : FRANCE || Spécialement adapté au lissage avec sèche-cheveux au fer à lisser. Formule exclusive double action : protège de la chaleur jusqu'à 230°, pour des cheveux brillants et doux comme du satin. Efficacité prouvée. Assouplit les cheveux et neutralise frisottis et humidité pour un lissage jusqu'à 3 jours. || Pressez le bouton pour débloquer la gâchette. Vaporisez à environ 15 cm sur cheveux humides pré-séchés. Réalisez votre brushing lisse à l'aide d'une brosse : la formule se répartit uniformément sur vos cheveux, des racines aux pointes, sans les alourdir, pour une efficacité optimale. Pour un résultat extra-lisse, lissez au fer, mèche à mèche. En cas de contact avec les yeux, les rincer immédiatement. || Aqua/water, dimethicone, stearyl alcohol, hydrolyzed conchiolin protein, phenoxyethanol, ppg-5-ceteth-20, behentrimonium chloride, trideceth-6, salicylic acid, xylose, limonene, linalool, amodimethicone, isopropyl alcohol, caprylyl glycol, alpha-isomethyl ionone, cetrimonium chloride, citronellol, laureth-4, laureth-23, hexyl cinnamal, parfum/fragrance (FIL C55567/1). || 12 mois après ouverture. || 
58,71€ / L || 
9,98 € || 
Spray Coiffant Volume || Le vaporisateur de 170ml || Origine : FRANCE || Spécialement adapté au brushing volume avec sèche-cheveux ou tout autre appareil chauffant. Formule exclusive : contient un actif connu pour ses propriétés protectrices vis-à-vis de la chaleur, pour des cheveux brillants et doux comme du satin. Apporte de la matière et neutralise l'humidité avec une action anti-plat pour un brushing avec plus de volume jusqu'à 3 jours. || Pressez le bouton pour débloquer la gâchette. Vaporisez à environ 15 cm sur cheveux humides pré-séchés. Réalisez votre brushing à l'aide d'une brosse : la formule se répartit uniformément sur vos cheveux, des racines aux pointes, sans les alourdir, pour une efficacité optimale. Pour un volume maximal, séchez tête en bas et insistez sur les racines. En cas de contact avec les yeux, les rincer immédiatement. || Aqua/water, propylene glycol, acrylates copolymer, quaternium-80, quaternium-87, hydrolyzed conchiolin protein, phenoxyethanol, behentrimonium chloride, triethanolamine, polyacrylate-3, xylose, limonene, linalool, alpha-isomethyl ionone, methylparaben, citronellol, laureth-4, hexyl cinnamal, parfum/fragrance (FIL C55568/1). || 12 mois après ouverture. || 
55,76€ / L || 
9,48 € || 
Laque finition et brillance, cheveux normaux ou ternes || La bombe de 250ml || Origine : FRANCE || Illumine vos cheveux d'une brillance diamant. Cheveux doux au toucher et mouvement naturel grâce à la diffusion ultra fine. S'élimine d'un simple coup de brosse.Formule enrichie en pro-vitamine B5 et vitamine B3, qui ne dessèche pas vos cheveux. Système de micro-diffusion. Une tenue parfaite qui laisse vos cheveux respirer. || Vaporisez uniformément à env 30cm de votre chevelure. Convient pour une utilisation quotidienne. Récipient sous pression. Ne pas percer ou brûler même après usage. Ne pas vaporiser vers une flamme ou un corps incandescent. Conserver à l'écart de toute source d'ignition. Ne pas fumer. Ne pas utiliser dans une atmosphère confinée. Conserver hors de la portée des enfants. Ne pas inhaler. Ne pas vaporiser vers les yeux. Utiliser uniquement pour l'usage indiquée. Extrêmement inflammable. || Alcohol denat, butane, isobutane, propane, octylacrylamide/acrylates/butylaminoethyl methacrylate copolymer, aqua, PEG-12-dimethicone, panthenol, niacinamide, aminomethyl propanol, hexyl cinnamal, butylphenyl methylpropional, linalool, citronellol, geraniol, hydroxyisohexyl 3-cyclohexene carboxaldehyde, alpha-isomethyl ionone, benzyl alcohol, limonene, parfum. || A protéger contre les rayons solaires et à ne pas exposer à une température supérieure à 50°C. || 
28,80€ / L || 
7,20 € || 
Laque cheveux secs fixation forte || L'atomiseur de 400ml || Origine : FRANCE || 
14,65€ / L || 
5,86 € || 
Laque tenue flexible || L'atomiseur de 400ml || Origine : ALLEMAGNE || Tenue flexible longue durée. Evite les paquets et l'effet carton, s'élimine facilement au brossage. Aide à la protection des cheveux contre les rayonnements UV. || Bien agiter avant emploi. A utiliser sur cheveux secs. Vaporisez par de brèves pressions. En cas d'obstruction du micro diffuseur, rincez le à l'eau tiède. Pour une finition naturelle : vaporisez à 30 cm. Pour coiffer vos mèches une à une : vaporisezdès la racine en les structurant jusqu'aux pointes. Récipient sous pression. Ne pas percer ou brûler même après usage. Ne pas vaporiser vers une flamme ou un corps incandescent. Conserver hors de la portée des enfants. Utiliser et ranger à l'écart de toute flamme ou source d'étincelles, source de chaleur, appareil électrique en fonctionnement. Ne pas fumer. Utiliser dans un endroit bien ventilé. Ne pas vaporiser vers les yeux. Ne pas inhaler intentionnellement. Ne pas utiliser pour un usage autre que celui pour lequel le produit est destiné. Procéder par de brèves pressions dans pulvérisation prolongée. || A protéger contre les rayons solaires et à ne pas exposer à une température supérieure à 50°C. || 
14,65€ / L || 
5,86 € || 
Laque tenue invisible, fixation forte || L'atomiseur de 400ml || Origine : ALLEMAGNE || 
14,65€ / L || 
5,86 € || 
Eau coiffante, discipline les épis, extrait de pulpe de pamplemousse, sans effet collant || La pompe de 150ml || Origine : FRANCE || Permet de discipliner les cheveux en domptant les mèches rebelles et les épis. || Appliquez sur cheveux secs ou humides. Vaporisez sur l'ensemble de la chevelure puis coiffez au peigne ou travaillez au doigt. Pour discipliner vos épis, vaporisez directement sur la mèche à dompter puis coiffez. Ne pas vaporiser vers les yeux ou surun cuir chevelu irrité. || Aqua, alcohol denat, glycerin, pvp, phenoxyethanol, polysorbate 20, peg-40 hydrogenated castor oil, panthenol, niacinamide, chitosan, peg/ppg-14/4 dimethicone, propylene glycol, parfum, lactic acid, benzotriazolyl dodecyl p-cresol, citrus grandis fruit extract, methylisothiazolinone, pantolactone, citric acid, pentaerythrityl tetra-di-t-butyl hydroxyhydrocinnamate, CI42090, CI19140. || 18 mois après ouverture. || 
20,53€ / L || 
3,08 € || 
Huile bi-phase coiffante, Anti-frisottis 24h || Le spray de 150ml || Origine : FRANCE || L'huile bi-phase coiffante anti-frisottis 24h définit et sublime les coiffures ondulées et bouclées sans altérer la beauté des cheveux. Des ondulations parfaites, une brillance intense et un toucher soyeux non gras. || Agiter avant emploi. Sur cheveux humides, appliquer d'un geste ample et travailler aux doigts pour bien répartir le produit puis procéder au séchage. Ou appliquer en voile de finition sur cheveux secs. Eviter de vaporiser sur une peau irritée ou versles yeux. En cas de projection, rincer immédiatement et abondamment avec de l'eau. || Alcohol denat, aqua/water, isopropyl myristate, cl17200/red 33, cl15985/yellow 6, linalool, alpha-isomethyl ionone, coumarin, limonene, hydroxycitronellal, citronellol, lactic acid, vinylamine/vinylformamide copolymer, hexyl cinnamal, benzyl salicylate, benzyl alcohol, parfum/fragrance (fil C163124/2). || 18 mois après ouverture. || 
54,60€ / L || 
8,19 € || 
Huile bi-phase coiffante, Anti-frisottis 24h || Le spray de 150ml || Origine : FRANCE || L'huile bi-phase coiffante anti-frisottis 24 h discipline et sublime les coiffures lissées et défrisées, sans altérer la beauté des cheveux. Un lissage parfait, une brillance intense et un toucher soyeux non-gras. || Agiter avant emploi. Sur cheveux humides, appliquer d'un geste ample et travailler aux doigts pour bien répartir le produit puis procéder au séchage. Ou appliquer en voile de finition sur cheveux secs. Eviter de vaporiser sur une peau irritée ou versles yeux. En cas de projection, rincer immédiatement et abondamment avec de l'eau. || Alcohol denat, aqua / water, isopropyl myristate, vp/va copolymer, ci 19140 / yellow 5, ci 17200/ red 33, linalool, alpha-isomethyl ionone, coumarin, limonène, hydroxycitronellal, citronellol, polyquaternium-46, hexyl cinnamal, benzyl salicylate, benzyl alcohol, parfum / fragrance. || 18 mois après ouverture. || 
54,60€ / L || 
8,19 € || 
Mousse de coiffage, cheveux bouclés, ondulés || La bombe de 200ml || Origine : FRANCE || La mousse de coiffage Boucles Sculpt' discipline les frisottis, définit et sculpte vos boucles tout en leur donnant un toucher soyeux unique. || Bien agiter avant l'emploi. Pressez en maintenant le flacon à la verticale, diffuseur vers le haut pour recueillir 2 ou 3 grosses noix de mousse dans la main. Appliquez sur cheveux secs ou humides des racines aux pointes. Construction globale : prenez de grandes mèches de cheveux à pleines mains et froissez-les en décollant bien les racines. Définition mèche à mèche : travaillez les boucles une à une en les enroulant autour de votre index. Création des boucles : utilisez un fer à friser en vrillant les mèches une à une. Récipient sous pression. Ne pas percer ou brûler, même après usage. Ne pas vaporiser vers une flamme ou un corps incandescent. Conserver à l'écart de toute flamme ou source d'étincelles. Ne pas fumer. Conserver hors de la portée des enfants. Ne pas utiliser pour un usage autre que celui pour lequel le produit est destiné. || Aqua/water, alcohol denat, isobutane, butane, propane, triacetin, linalool, geraniol, amodimethicone, trideceth-12, coumarin, aminomethyl propanol, limonene, hydroxyisohexyl 3-cyclohexene carboxaldehyde, cetrimonium chloride, citronellol, panthenol,acrylates copolymer, polyquaternium-4, polysorbate-20, hexyl cinnamal, butylphenyl methylpropional, benzyl benzoate, benzyl salicylate, parfum/fragrance (FIL C21283/1). || A protéger contre les rayons solaires et à ne pas exposer à une température supérieure à 50°C. || 
32,85€ / L || 
6,57 € || 
Volume parfait, mousse de coiffage pour un effet gonflant, tenue longue durée, cheveux fins, sans volume || La bombe de 200ml || Origine : FRANCE || Vous souhaitez donne à votre chevelure tout le gonflement qu'elle mérite sans avoir la sensation d'un toucher collant et rêche ? Découvrez la mousse professionnelle de coiffage Volume Parfait qui donne de l'ampleur à vos coiffures sans sacrifier au plaisir d'un toucher naturellement soyeux. || Aqua, isobutane, propylene glycol, butane, propane, polyquaternium-4, PEG-40 hydrogenated castor oil, linalool, geraniol, methylparaben, alpha-isomethyl ionone, phenoxyethanol, limonene, laureth-4, cetrimonium chloride, citronellol, hydroxyisohexyl 3-cyclohexene carboxaldehyde, panthenol, polyethylene glycol, butylphenyl methylpropional, hexyl cinnamal, benzyl salicylate, parfum (FIL C25177/1). || A protéger contre les rayons solaires., Ne pas exposer à une température supérieure à 50°C. || 
34,45€ / L || 
6,89 € || 
Mousse cheveux courts, coiffante professionnelle, fixation forte || Le spray de 300ml || Origine : FRANCE || Conçu pour créer un volume aérien à votre coiffure pendant 24h grâce à sa formule micro aérée et sans alcool qui respecte vos cheveux. || Bien agiter avant utilisation. Presser le diffuseur tête vers le bas en maintenant le flacon à la verticale. Appliquer la mousse en racines et pour une répartition homogène, utiliser un peigne à larges dents en insistant sur les racines. Sécher ensuite tête en bas. Récipient sous pression, à protéger contre les rayons solaires et à ne pas exposer à une température supérieure à 50°C, ne pas percer ou brûler même après usage. Ne pas vaporiser vers une flamme ou un corps incandescent. Conserver à l'écart de toute flamme ou source d'étincelles. Ne pas fumer. Conserver hors de la portée des enfants. Ne pas utiliser pour un usage autre que celui pour lequel le produit est destiné. || Aqua/water, glucose, isobutane, butane, propane, linalool, glycerin, eugenol, sodium benzoate, coumarin, chondrus crispus (carrageenan), limonene, citronellol, decyl glucoside, hexyl cinnamal, butylphenyl methylpropional, benzyl alcohol, benzyl salicylate, parfum/fragrance (FIL C165032/2). || 
26,43€ / L || 
7,93 € || 
Mousse coiffante 24h Expert Boucles, fixation forte || L'atomiseur de 300ml || Origine : FRANCE || La mousse professionnelle expert boucles, testée dans mon centre technique, a été conçue pour dessiner des boucles parfaitement rebondies pendant 24h, tout en respectant vos cheveux.Elle est parfaitement adaptée pour tonifier et discipliner les boucles et les ondulations. Pour une utilisation optimale, utiliser la mousse sur cheveux mouillés ou humidifiés, et laisser sécher à l'air libre. || Pour ne pas casser le ressort de vos boucles, appliquer la mousse délicatement puis, laisser sécher à l'air libre ou utiliser un diffuseur adapté, que vous positionnerez sous les pointes de vos cheveux. Récipient sous pression. Ne pas percer ou brûler même après usage. Ne pas vaporiser vers une flamme ou un corps incandescent. Conserver à l'écart de toute source d'étincelles. Ne pas fumer. Conserver hors de la portée des enfants. Ne pas utiliser pour un usage autre que celui pour lequel le produit est destiné. Extrêmement inflammable. || Aqua/water, glucose, isobutane, butane, propane, linalool, glycerin, eugenol, sodium benzoate, coumarin, chondrus crispus (carrageenan), limonene, citronellol, decyl glucoside, hexyl cinnamal, butylphenyl methylpropional benzyl alcohol, benzyl salicylate, parfum/fragrance (FIL C41018/1). || A protéger contre les rayons solaires et à ne pas exposer à une température supérieure à 50°C. || 
24,00€ / L || 
7,20 € || 
Spray expert cheveux courts, fixant professionnel || Le spray de 400ml || Origine : FRANCE || Le spray fixant professionnel Expert Cheveux Courts testé dans mon centre technique, a été conçu pour maintenir votre coiffure pendant 24 h, avec une diffusion ultrafine qui respecte vos cheveux. Parfaitement adapté à un coiffage quotidien et donne de la tenue aux cheveux courts sans les alourdir. Idéal coiffage quotidien. Diffuser mèche à mèche et sculpter aux doigts. || Sur cheveux secs, diffuser le spray mèche à mèche et sculpter aux doigts pour un effet parfaitement défini. Récipient sous pression. Ne pas percer ou brûler même après usage. Ne pas vaporiser vers une flamme ou un corps incandescent. Conserver à l'écart de toute flamme ou source d'étincelles. Ne pas fumer. Conserver hors de la portée des enfants. Eviter de vaporiser vers les yeux, ou sur peau irritée et d'inhaler intentionnellement. Ne pas utiliser pour un usage autre que celui pour lequel le produit est destiné. Ne pas utiliser dans une atmosphère confinée. || Alcohol denat, isobutane, butane, propane, aqua/water, va/crotonates/vinyl neodecanoate copolymer, linalool, glycerin, coumarin, aminomethyl propanol, limonène, citronellol, hexyl cinnamal, butylphenyl methylpropional, benzyl salicylate, benzyl alcohol, parfum/fragrance (FIL C164950/2). || A protéger contre les rayons solaires à ne pas exposer à une température supérieure à 50°C. || 
19,33€ / L || 
7,73 € || 
Spray fixant professionnel 24h Expert Fixation, fixation extrême || L'atomiseur de 400ml || Origine : FRANCE || Le spray coiffant professionnel Expert Fixation Extrême testé dans mon centre technique, a été conçu pour maintenir votre coiffure pendant 24h, tout en respectant vos cheveux.IL est parfaitement adapté au travail des coupes structurées. pour un résultat optimal, appliquer le spray à 20 cm de la chevelure en insistant sur les mèches à mettre en relief. || Appliquer le spray dans un mouvement large en insistant sur les racines. Travailler ensuite les mèches à la main pour obtenir l'effet décoiffé que vous souhaitez. Récipient sous pression. Ne pas percer ou brûler même après usage. Ne pas vaporiser vers une flamme ou un corps incandescent. Conserver à l'écart de toute source d'étincelles. Ne pas fumer. Conserver hors de la portée des enfants. Eviter d'inhaler intentionnellement, de vaporiser vers les yeux ou sur une peau irritée. Ne pas utiliser pour un usage autre que celui pour lequel le produit est destiné. Ne pas utiliser dans une atmosphère confinée. Extrêmement inflammable. || Alcohol denat., isobutane, butane, propane, VA/crotonates/vinyl neodecanoate copolymer, aqua/water, linalool, glycerin, coumarin, aminomethyl propanol, limonene, citronellol, hexyl cinnamal, butylphenyl methylpropional, benzyl salicylate, benzyl alcohol, parfum/fragrance (FIL C42497/1). || A protéger contre les rayons solaires et à ne pas exposer à une température supérieure à 50°C. || 
18,00€ / L || 
7,20 € || 
Mousse coiffante au système vitaminé protecteur, volume longue tenue, cheveux fins ou plats || La bombe de 200ml || Origine : FRANCE || Inspirée des techniques de coiffage professionnelles Jean Louis David, la nouvelle formule de la mousse coiffante Boost Volume a été conçu pour donner encore plus de corps et de volume à voter chevelure. Sa texture extra légère et aérienne décolle lecheveu dès la racine et amplifie le volume de votre chevelure sans cartonner. Sa formule est enrichie du système vitaminé protecteur pour fortifier et protéger les cheveux des agressions extérieures. Votre chevelure se déploie pour un volume ferme qui ne retombe pas. Vos cheveux sont doux et brillants sans être alourdis. || Agitez bien avant emploi. Pressez le diffuseur tête en bas en maintenant le flacon à la verticale. Diffusez une grosse noix de mousse dans votre main. Sur cheveux humides, répartissez à l'aide d'un peigne à larges dents tête en bas ou en soulevant les racines avec vos doigts. Séchez vos cheveux en dirigeant l'air du séchoir vers le haut à l'intérieur de la chevelure. Le plus du coiffeur : pour étoffer la chevelure au coiffage, individualisez des mèches en frottant les longueurs avec le bout de vos doigts.  Récipient sous pression Ei Ne pas percer ou brûler même après usage Ne pas vaporiser vers une flamme ou un corps incandescent Conserver à l'écart de toute flamme ou source d'étincelles Ne pas fumer Conserver hors de la portée des enfantsEviter de vaporiser vers les yeux ou sur une peau irritée et d'inhaler intentionnellement Ne pas utiliser pour un usage autre que celui pour lequel le produit est destiné Ne pas utiliser dans une atmosphère confinée En cas de projection dans les yeux, les rincer immédiatement || Aqua, isobutane, propylene glycol, butane, propane, AMP-acrylates/allyl methacrylate copolymer, PEG-40 hydrogenated castor oil, vp/acrylate/laurylmetacrylate copolymer, linalool, geraniol, olea europaea/olive leaf extract, niacinamide, glycerin, amodimethicone, trideceth-6, triethanolamine, dimethyl tin dineodecyl ester, methylparaben, amyl cinnamal, phenoxyethanol, limonene, tocopheryl acetate, disodium phosphate, laureth-4, cetrimonium chloride, citric acid, panthenol, polyethylene glycol, hexyl cinnamal (FIL C25317/1). || A protéger contre les rayons solaires et à ne pas exposer à une température supérieure à 50°C. || 
34,25€ / L || 
6,85 € || 
Mousse coiffante boucles longue durée au système vitaminé protecteur, boucles longue tenue, cheveux bouclé, frisés, ondulés || La bombe de 200ml || Origine : FRANCE || La mousse coiffante sublim'boucles a été conçue pour vous aider à sculpter et à conserver de belles boucles pleines de tonus et de ressort.Les agents fixants vous assurent un maintien non collant longue durée pour donner ressort et définition aux boucles. Sa formule enrichie du système vitaminé protecteur pour fortifier et protéger les cheveux des agressions extérieures. De belles boucles durables, parfaitement dessinées, toniques et pleines de ressort qui tiennent toute la journée. Vos cheveuxsont plus forts, plus résistants et sont doux au toucher. || Agitez bien avant emploi. Pressez le diffuseur tête en bas en maintenant le flacon à la verticale. Diffusez une grosse noix de mousse dans votre main. Sur cheveux humides, répartissez à l'aide d'un peigne à larges dents ou en passant la main doigts écartés dans vos boucles. Laisser sécher à l'air libre. Récipient sous pression. Ne pas percer ou brûler même après usage. Ne pas vaporiser vers une flamme ou un corps incandescent. Conserver à l'écart de toute flamme ou source d'étincelles. Ne pas fumer. Conserver hors de la portée des enfants. Eviter de vaporiser vers les yeux ou sur une peau irritée et d'inhaler intentionnellement. Ne pas utiliser pour un usage autre que celui pour lequel le produit est destiné. Ne pas utiliser dans une atmosphère confinée. En cas de projection dans les yeux, les rincer immédiatement. Extrêmement inflammable. || Aqua/water, alcohol denat, isobutane, butane, propane, PEG-40 hydrogenated castor oil, triacetin, linalool, niacinamide, amodimethicone, trideceth-12, eugenol, alpha-isomethyl ionone, coumarin, aminomethyl propanol, tocopheryl acetate, limonene, cetrimonium chloride, citronellol, panthenol, acrylates copolymer, polyquaternium-4, vinyl caprolactame/VP/dimethylaminoethyl méthacrylates copolymer, polysorbate 20, benzyl salicylate, parfum/fragrance (F.I.L. C47799/1). || A protéger contre les rayons solaires et à ne pas exposer à une température supérieure à 50°C. || 
30,20€ / L || 
6,04 € || 
Mousse coiffante tous types de frisottis, contrôle et tenue de qualité salon pour des boucles naturelles || Le spray de 200ml || Origine : FRANCE || Contrôle et tenue de qualité salon pour des boucles naturelles. Elle donne énergie et forme aux boucles en domptant les frisottis et en apportant de la brillance. Sans alcool. Avec bouclier thermo-protection et filtres UV. || Agitez bien l'aérosol et tenez-le tête en bas. Diffusez une petite quantité de mousse dans la paume. Répartissez-la uniformément sur cheveux humides. Coiffez-vous à la main ou séchez au diffuseur. Extrêmement inflammable. Récipient sous pression. Nepas vaporiser vers une flamme ou vers un corps incandescent. Tenir éloigné de toute source d'ignition. Ne pas fumer lors de l'utilisation du produit et tant que les cheveux ne sont pas complètement secs. Conserver hors de portée des enfants. A n'utiliser que selon les instructions. Toute utilisation impropre qui consisterait à inhaler intentionnellement le produit peut être nuisible ou mortelle. Ne pas percer ni incinérer, même après usage. Une fois le récipient entièrement vide, il peut être jeté. Pour usage externe uniquement. Evier tout contact avec des vêtements ou des matières absorbantes : ce produit peut tacher. || Aqua, butane, propane, isobutane, polyquaternium-11, peg-12 dimethicone, panthenol, benzophenone-4, peg-40 hydrogenated castor oil, diazolidinyl urea, isosteareth-10, propylene glycol, methylparaben, parfum, propylparaben, linalool, butylphenyl methylpropional, limonene. || A protéger contre les rayons solaires et à ne pas exposer à une température supérieure à 50°C. || 
62,55€ / L || 
12,51 € || 
Spray brushing volumisant matière sensifiée || La boîte de 100ml || Origine : FRANCE || Crée un volume naturel et la sensation d'une chevelure plus dense. Métamorphose les cheveux fins et plats pour un volume naturel de qualité salon. Créer un volume naturel en apportant du corps aux cheveux fins des racines aux pointes pour un résultatbrushing façon professionnel. || Vaporisez sur l'ensemble de vos cheveux essorés. Assurez-vous de bien appliquer le produit sur les racines et sur les mèches du dessous. Adaptez la quantité de produit en fonction de la longueur et de l'épaisseur de vos cheveux. Répartissez uniformément la lotion à l'aide d'un peigne des racines aux pointes. Séchez au sèche-cheveux jusqu'à ce que les cheveux soient entièrement secs. Coiffez selon le style désiré. Pour une coiffure avec encore plus de volume, vaporisez à nouveau de la lotion surcheveux presque secs. Continuez à sécher au sèche-cheveux avec une brosse ronde, en ciblant la chaleur du sèche-cheveux sur la brosse. Eviter de vaporiser dans les yeux. Si cela se produit, rincer immédiatement et abondamment avec de l'eau. Utiliserselon le mode d'emploi. Tenir hors de portée des enfants. || Aqua, alcohol, polysilicone-9, alcohol denat., steartrimonium chloride, methylparaben, sodium citrate, polysorbate 20, parfum, propylparaben, maris sal, amp-isostearoyl hydrolyzed wheat protein. || 12 mois après ouverture. || 
107,00€ / L || 
10,70 € || 
Finition, anti-frisottis, anti-humidité, brillance, fixation normale à forte || Le spray de 300ml || Origine : FRANCE || Fixation forte pour discipliner frisottis et cheveux rebelles. Tient toute la journée, même par temps humide. Formule enrichie aux multivitamines. Respecte la fibre. Ne dessèche pas.Cheveux sains et brillants. Vaporisation large et ultra-fine, idéalepour une utilisation en finition. Répartition uniforme. Sans résidus. || Parfaire le brushing : après votre brushing, lissez les cheveux rebelles à la main. Puis vaporisez le spray en halo à 20cm environ de la chevelure. Pour un résultat plus naturel, vaporisez le spray directement sur un peigne puis coiffez. Sur chignons, queues de cheval et coiffures structurées : après avoir attaché vos cheveux et réalisé votre coiffure, vaporiser généreusement en halo à environ 20 cm, sur l'ensemble de la chevelure. Vaporisez une 2ème fois de plus près sur les zones les plus sujettes aux cheveux qui dépassent. Récipient sous pression. Ne pas percer ou brûler, même après usage. Ne pas vaporiser vers une flamme ou un corps incandescent. Conserver à l'écart de toute flamme ou source d'étincelles ou d'ignition. Ne pas fumer. Conserver hors de la portée des enfants. Eviter de vaporiser vers les yeux, ou sur une peau irritée, d'inhaler intentionnellement. Ne pas utiliser pour un usage autre que celui pour lequel le produit est destiné. Ne pas utiliser dans une atmosphère confinée. || Alcohol denat, dimethyl ether, va/crotonates/vinyl neodecanoate copolymer, niacinamide, hydroxyisohexyl 3-cyclohexene carboxaldehyde, peg/ppg-18/18 dimethicone, ethylhexyl methoxycinnamate, aminomethyl propanol, limonene, panthenol, benzyl salicylate, butylphenyl, methylpropional, hexyl, cinnamal, parfum/fragrance. (FIL C25075/2). || A protéger contre les rayons solaires et à ne pas exposer à une température supérieur à 50°C. || 
25,70€ / L || 
7,71 € || 
Mousse Boucles Silk & Gloss || L'aérosol de 250ml || Origine : FRANCE || La 1ère mousse définissante aux microfibres de soie qui dessine les boucles sans ressort et leur donne la brillance et le toucher de la soie.Résultat : 24h de boucles parfaitement définies sans frisottis, l'effet soie en plus. || Bien agiter avant chaque utilisation. Appliquez la mousse sur cheveux humides. Récipient sous pression. Ne pas percer ou brûler même après usage. Ne pas vaporiser vers une flamme ou un corps incandescent. Conserver à l'écart de toute flamme ou sourced'étincelles. Ne pas fumer. Conserver hors de la portée des enfants. Ne pas utiliser pour un usage autre que celui pour lequel le produit est destiné. || Aqua/water, glucose, isobutane, butane, propane, decyl glucoside, sodium benzoate, hydrolyzed silk, limonene, benzyl alcohol, linalool, chondrus crispus (carrageenan), butylphenyl methylpropional, citronellol, hexyl cinnamal, glycerin, amyl cinnamal,parfum/fragrance (FIL C40295/1). || A protéger contre les rayons solaires et à ne pas exposer à une température supérieure à 50°C. || 
32,40€ / L || 
6,48 € || 
Spray créateur d'ondulation TXT01 || Le spray de 150ml || Origine : FRANCE || Texturise la chevelure et crée instantanément des ondulations souples & glamour au contact de la chaleur du sèche-cheveux. || Bien agiter avant utilisation. Torsader avec vos doigts une mèche jusqu'aux racines. Vaporiser le spray puis sécher. Répéter autant de fois que vous le souhaitez. En cas de contact avec les yeux, les rincer immédiatement. || 12 mois après ouverture. || 
53,47€ / L || 
8,02 € || 
Spray créateur volume glamour TXT02 || Le spray de 200ml || Origine : FRANCE || Texturise la chevelure et crée instantanément un volume glamour des racines aux pointes. Micro-poudres texturisantes. Fini mat. Sans cartonner, sans alourdir. || Utiliser sur cheveux secs. Séparer vos cheveux en 4 parties. Vaporiser généreusement chacune d'entre elles de la racine aux  pointes et froisser vos cheveux jusqu'à obtenir le volume souhaité. Récipient sous pression. Ne pas percer ou brûler même après usage. Ne pas vaporiser vers une flamme ou un corps incandescent. Conserver à l'écart de toute flamme ou source d'étincelles. Ne pas fumer. Conserver hors de la portée des enfants. Eviter de vaporiser vers les yeux, ou sur une peau irritée et d'inhaler intentionnellement. Ne pas utiliser pour un usage autre que celui pour lequel le produit est destiné. Ne pas utiliser dans une atmosphère confinée. || A protéger contre les rayons solaires et à ne pas exposer à une température supérieure à 50°C. || 
40,10€ / L || 
8,02 € || 
Spray Fix & Shine Fixation Ultra Forte || Le spray de 300ml || Origine : FRANCE || Fixation ultra-forte pour maîtriser frisottis et cheveux rebelles. Tient toute la journée, même par temps humide. Respecte la fibre. Ne dessèche pas. Cheveux sains et brillants.Vaporisation large et ultra-fine, idéale pour une utilisation en finition. Répartition uniforme. Sans résidus. || Parfaire le brushing : Après votre brushing, lissez les cheveux rebelles à la main. Puis vaporisez le spray en halo à 20 cm environ de la chevelure. Pour un résultat plus naturel, vaporisez le spray directement sur un peigne et puis coiffez. Sur chignons, queues de cheval et coiffures structurées. Après avoir attaché vos cheveux et réalisé votre coiffure, vaporiser généreusement en halo à environ 20 cm, sur l'ensemble de la chevelure. Vaporisez une 2ème fois de plus près sur les zones les plus sujettes aux cheveux qui dépassent. Récipient sous pression. Ne pas percer ou brûler, même après usage. Ne pas vaporiser vers une flamme ou un corps incandescent. Conserver à l'écart de toute flamme ou source d'étincelles ou d'ignition. Ne pas fumer.Conserver hors de la portée des enfants. Eviter de vaporiser vers les yeux, ou sur une peau irritée, d'inhaler intentionnellement. Ne pas utiliser pour un usage autre que celui pour lequel le produit est destiné. Ne pas utiliser dans une atmosphère confinée. || Alcohol denat, dimethyl ether, va/crotonates/vinyl neodecanoate copolymer, niacinamide, hydroxyisohexyl 3-cyclohexene carboxaldehyde, PEG/PPG-18/18 dimethicone, ethylhexyl methoxycinnamate, aminomethyl propanol, limonene, panthenol, linalool, benzylsalicylate, butylphenyl methylpropional, hexyl cinnamal, parfum/fragrance. (FIL C25074/3). || A protéger contre les rayons solaires et à ne pas exposer à une température supérieure à 50°C. || 
24,53€ / L || 
7,36 € || 
Spray Fix & Shine Normale à Forte || Le spray de 150ml || Origine : FRANCE || Sa formule effet sel de mer apporte légèreté et volume à la coiffure. Ne graisse pas et n'alourdit pas la chevelure. Des cheveux texturisés pour un look sexy effet retour de plage. || Utiliser sur cheveux secs ou humides et ébouriffer la chevelure pour lui donner de la texture instantanément. Pour des boucles Wavy, enrouler des mèches aux doigts. Utiliser à l'écart de toute flamme, source d'étincelles, d'ignition ou corps incandescent. Eviter de vaporiser sur une peau irritée ou vers les yeux. En cas de projection, rincer immédiatement et abondamment avec de l'eau. || 18 mois après ouverture. || 
43,87€ / L || 
6,58 € || 
Spray Invisi'FX || L'aérosol de 150ml || Origine : FRANCE || Pour fixer ou préserver une coiffure, vaporisez en dosant à votre gré à 30cm de distance sur cheveux secs ou pré-séchés. Donnez le mouvement souhaité aux doigts ou à la brosse. Pour plus de volume, soulevez les cheveux et vaporisez aux racines.  Ei,Récipient sous pression, A protéger contre les rayons solaires et à ne pas exposer à une température supérieure à 50 oC, Ne pas percer ou brûler même après usage, Ne pas vaporiser vers une flamme ou un corps incandescent, Conserver à l'écart de toute || Alcohol denat.,isobutane,pentane,Acrylates/t-butylacrylamide copolymer,niacinamide,dimethicone copolyol,cyclopentasiloxane,aminomethyl propanol,panthenol,parfum. (C11324/3). || 
40,47€ / L || 
6,07 € || 
Spray Invisi'FX || L'aérosol de 150ml || Origine : FRANCE || Le 1er spray micro-aéré de Studio Line en parfaite affinité avec le cheveu. Vos cheveux sont maintenus mais restent souples, vous le sentez à leur toucher soyeux.Une nouvelle formule micro-agent fixant qui assure une très longue tenue, sans coller etsans résidus. Une diffusion plus fine, plus douce qu'une diffusion classique qui permet une répartition homogène sur l'ensemble de la chevelure. || En finition : après avoir réalisé votre coiffure vaporisez généreusement en halo à 20 cm sur l'ensemble de la chevelure. Pour sculpter mèche à mèche : sur cheveux humides ou secs, donnez le mouvement souhaité et travaillez chaque mèche avec vos doigts. Fixez en vaporisant le spray dès la racine vers la pointe. Pour du volume : appliquez le produit tête en bas, brossez vous cheveux pour leur donner du gonflant. Appliquez généreusement le spray directement sur les racines puis coiffer. Récipient sous pression. Ne pas percer ou brûler même après usage. Ne pas vaporiser vers une flamme ou un corps incandescent. Ne pas fumer. Conserver hors de la portée des enfants. Eviter de vaporiser vers les yeux, ou sur une peau irritée, d'inhaler intentionnellement. Ne pas utiliser pour un usage autre que celui pour lequel le produit est destiné. Ne pas utiliser dans une atmosphère confinée. Extrêmement inflammable. || Alcohol denat, butane, acrylates/t-butylacrylamide copolymer, niacinamide, cyclopentasiloxane, PPG-3 methyl ether, aminomethyl propanol, limonene, panthenol, linalool, benzyl salicylate, bis-PEG/PPG-14/14 dimethicone, butylphenyl methylpropional, parfum/fragrance, (FIL C27062/1). || A protéger contre les rayons solaire et à ne pas exposer à une température supérieure à 50°C. Conserver à l'écart de toute flamme ou source d'étincelles ou d'ignition. || 
39,07€ / L || 
5,86 € || 
Spray Volum'Max || Le spray de 300ml || Origine : FRANCE || Le 1er volumateur de Studio Line pour créer dès la racine un volume longue durée, même sur les cheveux les plus plats. Sa formule renforce la fibre et protège contre le principal facteur de perte de volume, l'humidité. || Récipient sous pression;Ne pas percer ou brûler, même après usage;Ne pas vaporiser vers une flamme ou un corps incandescent;Conserver à l'écart de toute flamme ou source d'étincelles ou d'ignition;Ne pas fumer;Conserver hors de la portée des enfants.;Eviter de vaporiser vers les yeux ou sur une peau irritée, d'inhaler intentionnellement;Ne pas utiliser pour un usage autre que celui pour lequel le produit est destiné;Ne pas utiliser dans une atmosphère confinée || Dimethyl ether, alcohol denat, acrylates/t-butylacrylamide copolymer, aqua/water, hydroxyisohexyl 3-cyclohexene carboxaldehyde, PPG-3 methylether, ethylhexyl methoxycinnamate, aminomethyl propanol, polysilicone-8, limonene, linalool, benzyl salicylate, butylphenyl methylpropional, parfum/fragrance (FIL C15051/2). || A protéger contre les rayons solaires et à ne pas exposer à une température supérieure à 50°C. || 
25,70€ / L || 
7,71 € || 
Vapo Go Create Fixation Ultra-Forte || Le spray de 150ml || Origine : FRANCE || Go Create, le Vapo Coiffant de Studio Line. || Appliquez généreusement sur des cheveux humides ou sec. Pour des effets plus structurés, vaporisez et travaillez mèche à mèche. Pour un look ébouriffé : vaporisez sur vos mèches, puis froissez-les à pleine main. Pour une tenue prolongée, séchez au sèche-cheveux. En cas de bouchage, passer le diffuseur sous l'eau chaude. Ne pas vaporiser vers une flamme ou un corps incandescent. Conserver à l'écart de toute source d'ignition. Ne pas fumer. Conserver hors de la portée des enfants. Eviter de vaporiser vers les yeux ou sur une peau irritée. Ne pas utiliser pour un usage autre que celui pour lequel le produit est destiné. En cas de projection dans les yeux, rincer immédiatement et abondamment. || Alcohol denat, aqua/water, va/crotonates/vinyl neodecanoate copolymer, niacinamide, cyclopentasiloxane, hydroxyisohexyl 3-cyclohexene carboxaldehyde, ethylhexyl methoxycinnamate, aminomethyl propanol, polyurethane-6, limonene, panthenol, benzyl salicylate, bis-peg/ppg-14/14 dimethicone, butylphenyl methylpropional, hexyl cinnamal, parfum/fragrance. (FIL C38115/1). || 
45,67€ / L || 
6,85 € || 
Baume lissant sans rinçage || Le flacon de 150ml || Origine : FRANCE || Lissage facile et longue durée. Protège de la chaleur jusqu'à 200°. Protection contre l'humidité et les frisottis. || Sur cheveux humides : répartissez uniformément 1-2 noisettes sur vos longueurs. Procédez au brushing. Sur cheveux secs : pour discipliner les frisottis, distribuez quelques gouttes et effleurez vos cheveux. || Aqua, cyclomethicone, propylene glycol, panthenol, niacinamide, orbignya oleifera, polyquaternium-4, peg/ppg-17/18 dimethicone, dimethiconol, amodimethicone, cetrimonium chloride, xanthan gum, carbomer, trideceth-12, trisodium edta, aminomethyl propanol, phenoxyethanol, methylparaben, geraniol, linalool, benzyl alcohol, limonene, parfum. || 12 mois après ouverture. || 
41,13€ / L || 
6,17 € || 
Spray fixant, fixation extra forte 4 || La bombe de 250ml || Origine : FRANCE || Double le volume de vos cheveux. Epaissit et galbe chaque fibre. Fixe toute la journée sans coller. Sensation naturelle. Ne laisse pas de résidus. || Vaporisez uniformément, tête vers le bas à env. 30cm de votre chevelure. Récipient sous pression. Ne pas percer ou brûler même après usage. Ne pas vaporiser vers une flamme ou un corps incandescent. Conserver à l'écart de toute source d'ignition. Nepas fumer. Ne pas utiliser dans une atmosphère confinée. Conserver hors de la portée des enfants. Ne pas inhaler. Ne pas vaporiser vers les yeux. Utiliser uniquement pour l'usage indiquée. || Alcohol denat, butane, isobutane, propane, octylacrylamide/acrylates/butylaminoethyl methacrylate copolymer, aqua, panthenol, niacinamide, PEG-12 dimethicone, aminomethylpropanol, limonene, benzyl alcohol, butylphenyl methylpropional, geraniol, alpha-isomethyl ionone, parfum. || A protéger contre les rayons solaires et à ne pas exposer à une température supérieure à 50°C. || 
25,92€ / L || 
6,48 € || 
Spray lissant 4jours, Pour des cheveux lisses et soyeux || Le flacon pompe 150ml || Origine : FRANCE || Pour des cheveux visiblement plus lisses jusqu'à 4 jours. Contrôle anti-frisottis. N'alourdit pas les cheveux. || Sur cheveux secs : séchez vos cheveux et vaporiser le spray section par section. Terminez au fer à lisser. Sur cheveux humides : vaporisez le spray uniformément sur l'ensemble de vos cheveux avant d'utiliser le sèche cheveux. Quand vos cheveux sont secs, terminez au fer à lisser. || Aqua, alcohol denat, vp/va copolymer, lauryldimonium hydroxypropyl hydrolyzed collagen, parfum, cetrimonium chloride, sodium benzoate, hydrolyzed silk, phosphoric acid, butylene glycol, hydrolyzed keratin, linalool, citric acid, hexyl cinnamal, limonene, geraniol, citral, benzyl salicylate, benzyl alcohol, methylparaben. || 12 mois après ouverture. || 
43,20€ / L || 
6,48 € || 
Boucle-la ! Mousse boucles, pour des boucles coquines || La bombe de 250ml || Origine : ALLEMAGNE || En ateliers de tendance, les professionnels Schwarzkopf s'inspirent des derniers styles de la rue et de la nuit et créent Got2b. A vous d'inventer tous les styles dont vous avez envie. || Règle du jeu : secouez bien le flacon et dirigez-le vers le bas. Prenez une dose généreuse de mousse et répartissez-la tête en bas sur vos cheveux préalablement essorés. Froissez délicatement chaque mèche pour redonner du pep's à vos boucles. Ne colle pas. Longue durée.  Ne pas percer ou brûler même après usage. Récipient sous pression. Ne pas vaporiser vers une flamme ou un corps incandescent. Conserver hors de la portée des enfants. A conserver et à utiliser à l'écart de toute flamme ou sourced'étincelles, source de chaleur, appareils électriques en fonctionnement. Ne pas fumer. Utiliser et conserver le récipient dans un endroit bien ventilé. Eviter de vaporiser vers les yeux, ou sur une peau irritée. Procéder par de brèves pressions sans pulvérisation prolongée. Extrêmement inflammable. || Aqua, VP/VA copolymer, propane/butane/isobutane, polyquaternium-11, sodium benzoate, cetrimonium chloride, panthenol, amodimethicone, benzophenone-4, PEG-40 hydrogenated castor oil, hydroxyethyl cellulose, trideceth-12, parfum, limonene, linalool. || Stocker à l'abri de l'humidité. A protéger contre les rayons solaires et à ne pas exposer à une température supérieure à 50°C. || 
27,40€ / L || 
6,85 € || 
Spray tenue absolue, absolu'fix, tenue 24h, résistant || Le spray de 250ml || Origine : FRANCE || Une tenue absolue longue durée qui résiste même à l'humidité. Pour un style qui tient longtemps ! Pour une tenue 24h sans effet collant et qui s'élimine facilement au brossage.N'alourdit pas les cheveux. Ne les dessèche pas. || Vaporisez à 30cm par de brèves pressions sur cheveux secs. Pour plus de volume, vaporisez directement à la racine des cheveux. Pour encore plus de fixation, modelez d'abord votre coiffure avec un gel Taft puis finalisez avec le spray. Récipient souspression. Ne pas percer ou brûler, même après usage. Ne pas vaporiser vers une flamme ou un corps incandescent. Conserver hors de la portée des enfants. Utiliser et conserver le récipient dans un endroit bien ventilé. Ne pas vaporiser vers les yeux ou sur une peau irritée. Ne pas fumer. Ne pas inhaler intentionnellement. Procéder par de brèves pressions sans pulvérisation prolongée. || Alcohol denat, butane, octylacrylamide/acrylates/butylaminoethyl methacrylate copolymer, aqua, propane, aminomethyl propanol, isobutane, parfum, isoamyl p-methoxycinnamate, triethyl citrate, isopropyl myristate, hexyl cinnamal, linalool, butylphenylmethylpropional, limonene, coumarin. || A protéger contre les rayons solaires et à ne pas exposer à une température supérieure à 50°C. || 
27,56€ / L || 
6,89 € || 
Spray titane tenue longue durée & anti-humidité || L'atomiseur de 250ml || Origine : ALLEMAGNE || Une tenue ultime longue durée, aussi forte que du titane, qui résiste même à l'humidité. N'alourdit pas les cheveux, ne les dessèche pas. || Vaporisez à 30 cm par de brèves pressions sur cheveux secs. Pour plus de volume, vaporisez directement à la racine des cheveux. Récipient sous pression. Ne pas percer ou brûler même après usage. Ne pas vaporiser vers une flamme ou un corps incandescent. Conserver hors de la portée des enfants. Utiliser et conserver le récipient dans un endroit bien ventilé. Ne pas vaporiser vers les yeux ou sur une peau irritée. Ne pas fumer. Ne pas inhaler intentionnellement. || A protéger contre les rayons de soleil et à ne pas exposer à une température supérieure à 50°C. || 
27,56€ / L || 
6,89 € || 
Eau coiffante pure, Cheveux normaux || Le spray de 150ml || Origine : FRANCE || Discipline et coiffe vos cheveux en toute légèreté, apporte de la fraîcheur. Formule légère anti-épis, coiffe sans alourdir, ne laisse pas de résidus. || Vaporisez sur cheveux humides ou secs. Coiffez aux doigts ou à la brosse. S'utilise à tout moment de la journée. || 
34,93€ / L || 
5,24 € || 
Gel boucles || Le spray de 150ml || Origine : FRANCE || Définit et maintient les boucles. Aide à prévenir les frisottis. || Vaporisez légèrement sur cheveux humides avant de les sécher à l'aide d'un sèche cheveux. Travaillez vos boucles avec vos doigts pour les redessiner. S'utilise aussi en retouche pendant la journée sur cheveux secs. A utiliser exclusivement selon lesinstructions. Eviter le contact avec les yeux. Si cela se produit rincer immédiatement abondamment avec de l'eau. Si une irritation survient, arrêter l'utilisation du produit immédiatement. || Aqua, vp/va copolymer, pvp, peg-40 hydrogenated castor oil, acrylates/beheneth-25 methacrylate copolymer, parfum, aminomethyl propanol, sodium lauryl sulfate, dmdm hydantoin, tetrasodium edta, methylisothiazolinone, sodium benzoate, laurtrimonium chloride, isopropyl alcohol, benzyl alcohol, butylphenyl methylpropional, citral, citronellol, coumarin, geraniol, hexyl cinnamal, hydroxycitronellal, limonene, linalool. || 12 mois après ouverture. || 
61,47€ / L || 
9,22 € || 
Spray salé effet plage || Le spray de 200ml || Origine : FRANCE || Donne de la texture et du volume aux cheveux. Sublime le naturel tout en soulignant vos ondulations. || Vaporisez uniformément sur cheveux humides ou secs pour créer des ondulations froissées en travaillant avec les doigts. A utiliser exclusivement selon les instructions. Eviter le contact avec les yeux. Si cela se produit rincer immédiatement abondamment avec de l'eau. Si une irritation survient, arrêter l'utilisation du produit immédiatement. || Aqua, sodium chloride, glycerin, peg-40 hydrogenated castor oil, polyquaternium-11, parfum, dmdm hydantoin, disodium edta, phenoxyethanol, methylparaben, ethylparaben, butylparaben, propylparaben, isobutylparaben, alpha-isomethyl ionone, benzyl alcohol, benzyl salicylate, butylphenyl methylpropional, citral, citronellol, coumarin, geraniol, hexyl cinnamal, hydroxycitronellal, limonene, linalool. || 12 mois après ouverture. || 
46,10€ / L || 
9,22 € || 
Spray volume 3D, volumiser || Le spray de 150ml || Origine : FRANCE || Vaporisez sur cheveux secs mèche par mèche des racines vers les longueurs avant le coiffage. Eviter le contact avec les yeux. Si cela se produit rincer immédiatement et abondamment avec de l'eau. Si une irritation survient, arrêtez l'utilisation du produit immédiatement. || Aqua (water), pvp, magnésium sulfate, sucrose, glycerin, ppg-1-peg-9 lauryl glycol ether, peg-17 dimethicone, oleth-20, citric acid, peg-40 hydrogenated castor oil, parfum (fragrance), sodium benzoate, alpha-isomethyl ionone, benzyl alcohol, benzyl salicylate, butylphenyl methylpropional, citral, citronellol, coumarin, géraniol, hexyl cinnamal, hydroxycitronellal, limonène, linalool. || 12 mois après ouverture. || 
61,47€ / L || 
9,22 € || 
Spray coiffant micro-aéré, fixation béton || La bombe de 250ml || Origine : FRANCE || Coiffez toutes vos envies pour construire des coiffures inébranlables ! Des coiffures spectaculaires extra longue durée ! Un spray micro-aéré pour des coiffures vivantes. Une formule vitaminée pour des cheveux plein de vitalité. || Vaporisez en dosant à votre gré puis donner le mouvement souhaité aux doigts ou à la brosse. Finalisez en vaporisant sur l'ensemble de la chevelure.  Récipient sous pression Ei Ne pas percer ou brûler même après usage Ne pas vaporiser vers une flammeou un corps incandescent Conserver à l'écart de toute flamme ou source d'étincelles Ne pas fumer Conserver hors de la portée des enfants Eviter de vaporiser vers les yeux ou sur une peau irritée et d'inhaler intentionnellement Ne pas utiliser pour un usage autre que celui pour lequel le produit est destiné Ne pas utiliser dans une atmosphère confinée || Alcohol denat, dimethyl ether, acrylates/t-butylacrylamide copolymer, PEG/PPG-18/18 dimethicone, linalool, geraniol, niacinamide, amyl cinnamal, aminomethyl propanol, limonene, citronellol, panthenol, butylphenyl methylpropional, parfum (FIL C26325/1). || A protéger contre les rayons solaires et à ne pas exposer à une température supérieure à 50°C. || 
24,24€ / L || 
6,06 € || 
Spray coiffant micro-aéré, fixation extra forte, tenue longue durée || La bombe de 250ml || Origine : FRANCE || Vaporiser en dosant à votre grés puis donnez le mouvement souhaité aux doigts ou à la brosse. Finalisez en vaporisant sur l'ensemble de la chevelure.  Ne pas laisser à la portée des enfants, Ne pas vaporiser vers une flamme ou un corps incandescent,Conserver à l'écart de toute flamme ou source d'étincelles, A protéger contre les rayons solaires et à ne pas exposer à une température supérieure à 50 oC, || Acohol denat., dimethyl ether, VA/vinyl butyl benzoate/ crotonates copolymer, aminomethyl propanol, cyclopentasiloxane, dimethicone copolyol, niacinamide, panthenol, PPG-3 methyl ether, parfum. C13850/1. || 
22,76€ / L || 
5,69 € || 
Spray coiffant micro-aéré, fixation forte, tenue longue durée || Le spray de 250ml || Origine : FRANCE || La formule est micro-aérée: ses agents fixants fins sont associés à une diffusion uniforme qui évite surcharges et paquets. Ainsi, les sprays coiffants Vivelle Dop fixent parfaitement vos cheveux sans les enfermer : votre coiffure respire, elle est vivante et visiblement plus belle. || Alcohol denat., dimethyl ether, VA/vinyl butyl benzoate/crotonates copolymer, PPG-3 methyl ether, linalool, niacinamide, dimethicone copolyol, cyclopentasiloxane, aminomethyl propanol, limonene, panthenol, hexyl cinnamal, butylphenyl methylpropional,parfum. C20852/1. || A protéger contre les rayons solaires et à ne pas exposer à une température supérieure à 50°C. || 
23,56€ / L || 
5,89 € || 
Mini lisseur-boucleur 2 en 1 - straightener-curler || L'unité || Origine : FRANCE || Plaques plates : lisser. Plaques incurvées : boucler. Mise en température : 180°C. || 100-240V / 50-60Hz. || 
20,50€ / Pce || 
20,50 € || 
Mini lisseur - straightener || L'unité || Origine : FRANCE || Plaques Satin Touch, mise en température rapide 200°C. || 100-240V / 50-60Hz. || 
17,41€ / Pce || 
17,41 € || 
Frange à clipper, blond clair || Le kit || Origine : FRANCE || La frange à clipper a été spécialement développée pour se fondre naturellement et sans démarcation dans votre chevelure. Elle reproduit la douceur et la brillance des cheveux naturels. || Brossez vos cheveux et créez une raie au milieu qui facilitera la pose de la frange et donnera un rendu plus naturel. Positionnez la frange à clipper selon la longueur de la frange souhaitée. Pour une frange longue au niveau des sourcils, clippez lafrange sur le haut de la tête. Pour une frange courte au dessus des sourcils, clippez la frange derrière le haut de la tête. Clippez la frange au plus près des racines en commençant par le clip du haut puis fixez les deux clips des côtés. Pour un rendu fondu, sans démarcation, mélangez à vos propres cheveux les mèches implantées à l'arrière de la frange. Pour finaliser votre nouvelle coiffure, coiffez votre frange selon le look que vous souhaitez. Ne pas approcher la frange d'une flamme ou d'uncorps incandescent. Ne pas mettre en contact d'un appareil chauffant (fer à lisser, fer à friser) réglé à plus de 170°C. Ne pas colorer la frange. || Fibre synthétique professionnelle, non issue de cheveux naturels. || 
26,77€ / Pce || 
26,77 € || 
Frange à clipper, brun profond || Le kit || Origine : FRANCE || La frange à clipper a été spécialement développée pour se fondre naturellement et sans démarcation dans votre chevelure. Elle reproduit la douceur et la brillance des cheveux naturels. || Brossez vos cheveux et créez une raie au milieu qui facilitera la pose de la frange et donnera un rendu plus naturel. Positionnez la frange à clipper selon la longueur de la frange souhaitée. Pour une frange longue au niveau des sourcils, clippez lafrange sur le haut de la tête. Pour une frange courte au dessus des sourcils, clippez la frange derrière le haut de la tête. Clippez la frange au plus près des racines en commençant par le clip du haut puis fixez les deux clips des côtés. Pour un rendu fondu, sans démarcation, mélangez à vos propres cheveux les mèches implantées à l'arrière de la frange. Pour finaliser votre nouvelle coiffure, coiffez votre frange selon le look que vous souhaitez. Ne pas approcher la frange d'une flamme ou d'uncorps incandescent. Ne pas mettre en contact d'un appareil chauffant (fer à lisser, fer à friser) réglé à plus de 170°C. Ne pas colorer la frange. || Fibre synthétique professionnelle, non issue de cheveux naturels. || 
26,77€ / Pce || 
26,77 € || 
Frange à clipper, châtain clair || Le kit || Origine : FRANCE || La frange à clipper a été spécialement développée pour se fondre naturellement et sans démarcation dans votre chevelure. Elle reproduit la douceur et la brillance des cheveux naturels. || Brossez vos cheveux et créez une raie au milieu qui facilitera la pose de la frange et donnera un rendu plus naturel. Positionnez la frange à clipper selon la longueur de la frange souhaitée. Pour une frange longue au niveau des sourcils, clippez lafrange sur le haut de la tête. Pour une frange courte au dessus des sourcils, clippez la frange derrière le haut de la tête. Clippez la frange au plus près des racines en commençant par le clip du haut puis fixez les deux clips des côtés. Pour un rendu fondu, sans démarcation, mélangez à vos propres cheveux les mèches implantées à l'arrière de la frange. Pour finaliser votre nouvelle coiffure, coiffez votre frange selon le look que vous souhaitez. Ne pas approcher la frange d'une flamme ou d'uncorps incandescent. Ne pas mettre en contact d'un appareil chauffant (fer à lisser, fer à friser) réglé à plus de 170°C. Ne pas colorer la frange. || Fibre synthétique professionnelle, non issue de cheveux naturels. || 
26,77€ / Pce || 
26,77 € || 
Frange à clipper, Châtain Doré || Le kit || Origine : FRANCE || La frange à clipper a été spécialement développée pour se fondre naturellement et sans démarcation dans votre chevelure. Elle reproduit la douceur et la brillance des cheveux naturels. || Brossez vos cheveux et créez une raie au milieu qui facilitera la pose de la frange et donnera un rendu plus naturel. Positionnez la frange à clipper selon la longueur de la frange souhaitée. Pour une frange longue au niveau des sourcils, clippez lafrange sur le haut de la tête. Pour une frange courte au dessus des sourcils, clippez la frange derrière le haut de la tête. Clippez la frange au plus près des racines en commençant par le clip du haut puis fixez les deux clips des côtés. Pour un rendu fondu, sans démarcation, mélangez à vos propres cheveux les mèches implantées à l'arrière de la frange. Pour finaliser votre nouvelle coiffure, coiffez votre frange selon le look que vous souhaitez. Ne pas approcher la frange d'une flamme ou d'uncorps incandescent. Ne pas mettre en contact d'un appareil chauffant (fer à lisser, fer à friser) réglé à plus de 170°C. Ne pas colorer la frange. || Fibre synthétique professionnelle, non issue de cheveux naturels. || 
26,77€ / Pce || 
26,77 € || 
Frange à clipper, noir intense || Le kit || Origine : FRANCE || La frange à clipper a été spécialement développée pour se fondre naturellement et sans démarcation dans votre chevelure. Elle reproduit la douceur et la brillance des cheveux naturels. || Brossez vos cheveux et créez une raie au milieu qui facilitera la pose de la frange et donnera un rendu plus naturel. Positionnez la frange à clipper selon la longueur de la frange souhaitée. Pour une frange longue au niveau des sourcils, clippez lafrange sur le haut de la tête. Pour une frange courte au dessus des sourcils, clippez la frange derrière le haut de la tête. Clippez la frange au plus près des racines en commençant par le clip du haut puis fixez les deux clips des côtés. Pour un rendu fondu, sans démarcation, mélangez à vos propres cheveux les mèches implantées à l'arrière de la frange. Pour finaliser votre nouvelle coiffure, coiffez votre frange selon le look que vous souhaitez. Ne pas approcher la frange d'une flamme ou d'uncorps incandescent. Ne pas mettre en contact d'un appareil chauffant (fer à lisser, fer à friser) réglé à plus de 170°C. Ne pas colorer la frange. || Fibre synthétique professionnelle, non issue de cheveux naturels. || 
26,77€ / Pce || 
26,77 € || 
Franges à clipper, Blond Naturel || Le kit || Origine : FRANCE || 
26,77€ / Pce || 
26,77 € || 
Kit extensions, mèches à clipper, 56 centimètres de long, Blond naturel || La boîte de 6 mèches || Origine : FRANCE || Les mèches à clipper reproduisent la douceur et la brillance des cheveux naturels, sont lavables et adaptées aux appareils chauffants et s'ajustent à la longueur souhaitée. || Préparez vos cheveux : à l'arrière de votre tête, dessinez une raie horizontale à hauteur de vos oreilles. A l'aide d'une pince, attachez vos cheveux redressés au sommet de votre tête pour dégager l'arrière et les côtés de votre tête.  Poser des 2 mèches pour l'arrière de votre tête : clippez la 1ère mèche de 15 cm de largeur juste en dessous de la raie créée au plus près des racines. Clippez tout d'abord le milieu de la mèche puis les deux barrettes aux extrémités. Avec la 2ème mèche de 15 cm de largeur, renouvelez le même geste sur une nouvelle raie située à environ 3 cm au dessus de la première. Pose des 2 mèches pour chaque côté de votre tête : à la même hauteur que la dernière mèche fixée, clippez les deux mèches de 10 cm de largeur dechaque côté de votre tête. Pose des mèches pour le contour du votre visage : pour finaliser votre nouvelle coiffure, clippez les deux mèches de 4 cm de largeur au niveau de vos tempes, de chaque côté de votre tête à la même hauteur que les mèches de10 cm. Détachez ensuite vos cheveux relevés pour recouvrir les mèches clippées. Ne pas approcher mes mèches d'une flamme ou d'un corps incandescent. Ne pas mettre en contact d'un appareil chauffant (fer à lisser, fer à friser) réglé à plus de 170°C.Ne pas colorer les mèches. || Fibre synthétique professionnelle qualité salon, non issue de cheveux naturels. || 
26,77€ / Pce || 
26,77 € || 
Kit extensions, mèches à clipper, 56 centimètres de long, Blond platine || La boîte de 6 mèches || Origine : FRANCE || Les mèches à clipper reproduisent la douceur et la brillance des cheveux naturels, sont lavables et adaptées aux appareils chauffants et s'ajustent à la longueur souhaitée. || Préparez vos cheveux : à l'arrière de votre tête, dessinez une raie horizontale à hauteur de vos oreilles. A l'aide d'une pince, attachez vos cheveux redressés au sommet de votre tête pour dégager l'arrière et les côtés de votre tête.  Poser des 2 mèches pour l'arrière de votre tête : clippez la 1ère mèche de 15 cm de largeur juste en dessous de la raie créée au plus près des racines. Clippez tout d'abord le milieu de la mèche puis les deux barrettes aux extrémités. Avec la 2ème mèche de 15 cm de largeur, renouvelez le même geste sur une nouvelle raie située à environ 3 cm au dessus de la première. Pose des 2 mèches pour chaque côté de votre tête : à la même hauteur que la dernière mèche fixée, clippez les deux mèches de 10 cm de largeur dechaque côté de votre tête. Pose des mèches pour le contour du votre visage : pour finaliser votre nouvelle coiffure, clippez les deux mèches de 4 cm de largeur au niveau de vos tempes, de chaque côté de votre tête à la même hauteur que les mèches de10 cm. Détachez ensuite vos cheveux relevés pour recouvrir les mèches clippées. Ne pas approcher mes mèches d'une flamme ou d'un corps incandescent. Ne pas mettre en contact d'un appareil chauffant (fer à lisser, fer à friser) réglé à plus de 170°C.Ne pas colorer les mèches. || Fibre synthétique professionnelle qualité salon, non issue de cheveux naturels. || 
26,77€ / Pce || 
26,77 € || 
Kit extensions, mèches à clipper, 56 centimètres de long, Brun profond || La boîte de 6 mèches || Origine : FRANCE || Les mèches à clipper reproduisent la douceur et la brillance des cheveux naturels, sont lavables et adaptées aux appareils chauffants et s'ajustent à la longueur souhaitée. || Préparez vos cheveux : à l'arrière de votre tête, dessinez une raie horizontale à hauteur de vos oreilles. A l'aide d'une pince, attachez vos cheveux redressés au sommet de votre tête pour dégager l'arrière et les côtés de votre tête.  Poser des 2 mèches pour l'arrière de votre tête : clippez la 1ère mèche de 15 cm de largeur juste en dessous de la raie créée au plus près des racines. Clippez tout d'abord le milieu de la mèche puis les deux barrettes aux extrémités. Avec la 2ème mèche de 15 cm de largeur, renouvelez le même geste sur une nouvelle raie située à environ 3 cm au dessus de la première. Pose des 2 mèches pour chaque côté de votre tête : à la même hauteur que la dernière mèche fixée, clippez les deux mèches de 10 cm de largeur dechaque côté de votre tête. Pose des mèches pour le contour du votre visage : pour finaliser votre nouvelle coiffure, clippez les deux mèches de 4 cm de largeur au niveau de vos tempes, de chaque côté de votre tête à la même hauteur que les mèches de10 cm. Détachez ensuite vos cheveux relevés pour recouvrir les mèches clippées. Ne pas approcher mes mèches d'une flamme ou d'un corps incandescent. Ne pas mettre en contact d'un appareil chauffant (fer à lisser, fer à friser) réglé à plus de 170°C.Ne pas colorer les mèches. || Fibre synthétique professionnelle qualité salon, non issus de cheveux naturels. || 
26,77€ / Pce || 
26,77 € || 
Kit extensions, mèches à clipper, 56 centimètres de long, Châtain doré || La boîte de 6 mèches || Origine : FRANCE || Les mèches à clipper reproduisent la douceur et la brillance des cheveux naturels, sont lavables et adaptées aux appareils chauffants et s'ajustent à la longueur souhaitée. || Préparez vos cheveux : à l'arrière de votre tête, dessinez une raie horizontale à hauteur de vos oreilles. A l'aide d'une pince, attachez vos cheveux redressés au sommet de votre tête pour dégager l'arrière et les côtés de votre tête.  Poser des 2 mèches pour l'arrière de votre tête : clippez la 1ère mèche de 15 cm de largeur juste en dessous de la raie créée au plus près des racines. Clippez tout d'abord le milieu de la mèche puis les deux barrettes aux extrémités. Avec la 2ème mèche de 15 cm de largeur, renouvelez le même geste sur une nouvelle raie située à environ 3 cm au dessus de la première. Pose des 2 mèches pour chaque côté de votre tête : à la même hauteur que la dernière mèche fixée, clippez les deux mèches de 10 cm de largeur dechaque côté de votre tête. Pose des mèches pour le contour du votre visage : pour finaliser votre nouvelle coiffure, clippez les deux mèches de 4 cm de largeur au niveau de vos tempes, de chaque côté de votre tête à la même hauteur que les mèches de10 cm. Détachez ensuite vos cheveux relevés pour recouvrir les mèches clippées. Ne pas approcher mes mèches d'une flamme ou d'un corps incandescent. Ne pas mettre en contact d'un appareil chauffant (fer à lisser, fer à friser) réglé à plus de 170°C.Ne pas colorer les mèches. || Fibre synthétique professionnelle qualité salon, non issue de cheveux naturels. || 
26,77€ / Pce || 
26,77 € || 
Kit extensions, mèches à clipper, 56 centimètres de long, Noir intense || La boîte de 6 mèches || Origine : FRANCE || Les mèches à clipper reproduisent la douceur et la brillance des cheveux naturels, sont lavables et adaptées aux appareils chauffants et s'ajustent à la longueur souhaitée. || Préparez vos cheveux : à l'arrière de votre tête, dessinez une raie horizontale à hauteur de vos oreilles. A l'aide d'une pince, attachez vos cheveux redressés au sommet de votre tête pour dégager l'arrière et les côtés de votre tête.  Poser des 2 mèches pour l'arrière de votre tête : clippez la 1ère mèche de 15 cm de largeur juste en dessous de la raie créée au plus près des racines. Clippez tout d'abord le milieu de la mèche puis les deux barrettes aux extrémités. Avec la 2ème mèche de 15 cm de largeur, renouvelez le même geste sur une nouvelle raie située à environ 3 cm au dessus de la première. Pose des 2 mèches pour chaque côté de votre tête : à la même hauteur que la dernière mèche fixée, clippez les deux mèches de 10 cm de largeur dechaque côté de votre tête. Pose des mèches pour le contour du votre visage : pour finaliser votre nouvelle coiffure, clippez les deux mèches de 4 cm de largeur au niveau de vos tempes, de chaque côté de votre tête à la même hauteur que les mèches de10 cm. Détachez ensuite vos cheveux relevés pour recouvrir les mèches clippées. Ne pas approcher mes mèches d'une flamme ou d'un corps incandescent. Ne pas mettre en contact d'un appareil chauffant (fer à lisser, fer à friser) réglé à plus de 170°C.Ne pas colorer les mèches. || Fibre synthétique professionnelle qualité salon, non issue de cheveux naturels. || 
26,77€ / Pce || 
26,77 € || 
Kit extensions, mèches à clipper, 56 centimètres de long, Prune || La boîte de 6 mèches || Origine : FRANCE || Les mèches à clipper reproduisent la douceur et la brillance des cheveux naturels, sont lavables et adaptées aux appareils chauffants et s'ajustent à la longueur souhaitée. || Préparez vos cheveux : à l'arrière de votre tête, dessinez une raie horizontale à hauteur de vos oreilles. A l'aide d'une pince, attachez vos cheveux redressés au sommet de votre tête pour dégager l'arrière et les côtés de votre tête.  Poser des 2 mèches pour l'arrière de votre tête : clippez la 1ère mèche de 15 cm de largeur juste en dessous de la raie créée au plus près des racines. Clippez tout d'abord le milieu de la mèche puis les deux barrettes aux extrémités. Avec la 2ème mèche de 15 cm de largeur, renouvelez le même geste sur une nouvelle raie située à environ 3 cm au dessus de la première. Pose des 2 mèches pour chaque côté de votre tête : à la même hauteur que la dernière mèche fixée, clippez les deux mèches de 10 cm de largeur dechaque côté de votre tête. Pose des mèches pour le contour du votre visage : pour finaliser votre nouvelle coiffure, clippez les deux mèches de 4 cm de largeur au niveau de vos tempes, de chaque côté de votre tête à la même hauteur que les mèches de10 cm. Détachez ensuite vos cheveux relevés pour recouvrir les mèches clippées. Ne pas approcher mes mèches d'une flamme ou d'un corps incandescent. Ne pas mettre en contact d'un appareil chauffant (fer à lisser, fer à friser) réglé à plus de 170°C.Ne pas colorer les mèches. || Fibre synthétique professionnelle qualité salon, non issue de cheveux naturels. || 
26,77€ / Pce || 
26,77 € || 
Kit soin lissage, Cheveux ondulés à bouclés || La boîte de 230ml || Origine : BELGIQUE || Retrouvez maintenant mon nouveau kit soin lissage à domicile, enrichi en Pro-Kératine + Céramide et inspiré du lissage brésilien. Son application facile au peigne permet un résultat lissage professionnel chez vous, garanti 6 semaines. Résultat : un lissage souple et soyeux jusqu'à 6 semaines. || Application facile chez vous en 3 étapes. Mon peigne vous accompagne à chaque étape d'application pour une répartition et un lissage optimum. Etape 1 : crème lissante professionnelle : sur cheveux humides, appliquez ma crème lissante professionnelleà 0,5cm du cuir chevelu, puis allongez à l'aide du peigne sur les longueurs pour lisser les cheveux. Laissez agir le temps de pause déterminé par votre mèche test (maximum 20 minutes). Rincez soigneusement. Etape 2 : crème fixatrice de lissage professionnelle : appliquez ensuite ma crème fixatrice de lissage professionnelle pour imprimer la nouvelle forme lisse. Laissez agir 10 minutes. Rincez soigneusement. Etape 3 : soin reconstituant professionnel enrichi en pro-kératine + céramide : répartissez uniformément mèche à mèche de la racine à la pointe. Laissez agir 5 minutes. Rincez soigneusement. Ne pas utiliser chez l'enfant. Ce produit peut ne pas être adapté à tous types de cheveux : il est impératif de faire une mèche test avant application. Utiliser la force du produit adaptée à votre nature de cheveux. Pour une utilisation sur cheveux colorés, attendre au moins 15 jours après la coloration avant d'utiliser le kit. Pour une utilisation sur cheveux traités au henné, réaliser impérativement une mèche test. Ne pas utiliser sur des cheveux décolorés, méchés à plus de 30%, traités avec des sels métalliques, ne pas utiliser sur des cheveux défrisés avec une crème défrisante alcaline à base de sodium hydroxyde (soude) ou avec un prod || Crème lissante professionnelle : aqua/water, cetearyl alcohol, ammonium thioglycolate, ammonium bicarbonate, oleth-30, diammonium dithiodiglycolate, ethanolamine, parfum/fragrance, ammonium lauryl sulfate, pentasodium pentetate (C53432/1). Crème fixatrice de lissage professionnelle : aqua/water, steareth-2, hydrogen peroxide, glycerin, behentrimonium chloride, sodium salicylate, isopropyl alcohol, tetrasodium etidronate, tetrasodium pyrophosphate, phosphoric acid (F.I.L. C53359/1 ). Soin reconstituant professionnel : aqua/water, hydroxypropyl starch phosphate, quaternium-87, stearyl alcohol, behentrimonium chloride, amodimethicone, cetyl esters, Cl19140/yellow 5, Cl17200/red 33, linalool, glyceryl linoleate, glyceryl oleate, glyceryl linolenate, candelilla cera/candelilla wax, trideceth-6, arginine, serine, sodium hydroxide, 2-oleamido-1,3-octadecanediol, chlorhexidine digluconate, limonene, propylene glycol, isopropyl alcohol, caprylyl glycol, hydroxypropyltrimonium hydrolyzed wheat protein, cetrimonium chloride, hydroxycitronellal, glutamic acid, hexyl cinnamal, benzyl alcohol, benzyl salicylate, parfum/fragrance (F.I.L. C54790/1). || 
19,31€ / Pce || 
19,31 € || 
Kit soin lissage, Cheveux très bouclés à frisés || La boîte de 230ml || Origine : BELGIQUE || Retrouvez maintenant mon nouveau kit soin lissage à domicile, enrichi en Pro-Kératine + Céramide et inspiré du lissage brésilien. Son application facile au peigne permet un résultat lissage professionnel chez vous, garanti 6 semaines. Résultat : un lissage souple et soyeux jusqu'à 6 semaines. || Application facile chez vous en 3 étapes. Mon peigne vous accompagne à chaque étape d'application pour une répartition et un lissage optimum. Etape 1 : crème lissante professionnelle : sur cheveux humides, appliquez ma crème lissante professionnelleà 0,5cm du cuir chevelu, puis allongez à l'aide du peigne sur les longueurs pour lisser les cheveux. Laissez agir le temps de pause déterminé par votre mèche test (maximum 30 minutes). Rincez soigneusement. Etape 2 : crème fixatrice de lissage professionnelle : appliquez ensuite ma crème fixatrice de lissage professionnelle pour imprimer la nouvelle forme lisse. Laissez agir 10 minutes. Rincez soigneusement. Etape 3 : soin reconstituant professionnel enrichi en pro-kératine + céramide : répartissez uniformément mèche à mèche de la racine à la pointe. Laissez agir 5 minutes. Rincez soigneusement. Ne pas utiliser chez l'enfant. Ce produit peut ne pas être adapté à tous types de cheveux : il est impératif de faire une mèche test avant application. Utiliser la force du produit adaptée à votre nature de cheveux. Pour une utilisation sur cheveux colorés, attendre au moins 15 jours après la coloration avant d'utiliser le kit. Pour une utilisation sur cheveux traités au henné, réaliser impérativement une mèche test. Ne pas utiliser sur des cheveux décolorés, méchés à plus de 30%, traités avec des sels métalliques, ne pas utiliser sur des cheveux défrisés avec une crème défrisante alcaline à base de sodium hydroxyde (soude) ou avec un prod || Crème lissante professionnelle : aqua/water, cetearyl alcohol, ammonium thioglycolate, ammonium bicarbonate, oleth-30, diammonium dithiodiglycolate, ethanolamine, parfum/fragrance, ammonium lauryl sulfate, pentasodium pentetate (C53935/1). Crème fixatrice de lissage professionnelle : aqua/water, steareth-2, hydrogen peroxide, glycerin, behentrimonium chloride, sodium salicylate, isopropyl alcohol, tetrasodium etidronate, tetrasodium pyrophosphate, phosphoric acid (F.I.L. C53359/1 ). Soin reconstituant professionnel : aqua/water, cetearyl alcohol, behentrimonium chloride, glycerin, cetyl esters, bht, linalool, glyceryl linoleate, glyceryl oleate, glyceryl linolenate, dodecene, arginine, serine, 2-oleamido-1,3-octadecanediol, phenoxyethanol,chlorhexidine digluconate, poloxamer 407, limonene, isopropyl myristate, isopropyl alcohol, lauryl peg/ppg-18/18 methicone, citric acid, hydroxypropyltrimonium hydrolyzed wheat protein, glutamic acid, butylphenyl methylpropional, hexylcinnamal, benzyl salicylate, benzyl alcohol, parfum/fragrance (F.I.L. C54791/1). || 
18,12€ / Pce || 
18,12 € || 
Kit de lissage 6 semaines cheveux colores || La boîte || Origine : FRANCE || Votre volume est parfaitement maîtrisé. Les boucles & frisures mal définies laissent place à un lissage au tombé raide, soyeux, impeccable. Vos cheveux restent lisses & déliés jusqu'à 6 semaines. Transformer durablement un volume indomptable ou des boucles et frisures irrégulières et mal définies, en cheveux parfaitement lisses et faciles à coiffer: c'est possible ! Inspiré des techniques de lissage professionnel, Jean Louis David crée la révolution dans l'univers du coiffage à domicile : le nouveau Kit de Lissage adapté aux cheveux colorés, résistant aux shampooings 6 semaines et enrichi en pro-kératine, permet une maîtrise durable du volume et un lissage raide et soyeux des cheveux colorés. || Sur cheveux humides, répartissez à la main la crème lissante, mèche à mèche sur toute la longueur du cheveu. Laissez agir jusqu'à 20 cm puis rincez soigneusement. Sur cheveux humides, appliquez la crème fixatrice de lissage en plaquant les cheveux avec les paumes de vos mains jusqu'aux pointes. Laissez agir 10 min. Rincez soigneusement. Appliquer le soin reconstituant enrichi en pro-kératine des racines jusqu'aux pointes. Laissez agir 5 min. Rincez soigneusement. Ne pas utiliser chez l'enfant. Ce produit peut ne pas être adapté à tous types de cheveux : il est impératif de faire une mèche test avant application. Utiliser la force du produit adaptée à votre nature de cheveux. Pour une utilisation sur cheveux colorés, attendre au moins 15 jours après la coloration avant d'utiliser le défrisant et appliquer exclusivement la force cheveux sensibilisés Pour une utilisation sur cheveux traités au henné, réaliser impérativement une mèche test. Ne pas utiliser sur des cheveux décolorés, méchésà plus de 30 %, traités avec des sels métalliques, ne pas utiliser sur des cheveux défrisés avec une crème défrisante alcaline à base de sodium hydroxyde (soude) ou avec un produit sans soude, qu'il soit à base de potassium hydroxyde (potasse), delithium hydroxyde (lithine), de guanidine carbonate ou de potassium citrate pour éviter perte ou casse de cheveux. Ne pas utiliser si vous avez déjà réagi à ce type de produit, par exemple lissage durable ou permanente. Ne pas utiliser en cas de cui || Crème lissante : aqua/water, cetearyl alcohol, ammonium thioglycolate, ammonium bicarbonate, oleth-30, diammonium dithiodiglycolate, ethanolamine, parfum/fragrance, ammonium lauryl sulfate, pentasodium pentetate (FIL C160672/3). Crème fixatrice de lissage : aqua/water, steareth-2, hydrogen peroxide, glycerin, behentrimonium chloride, isopropyl alcohol, tetrasodium etidronate, tetrasodium pyrophosphate, sodium salicylate, phosphoric acid, parfum/fragrance (FIL C46900/1). Soin reconstituant enrichi en pro-kératine : aqua/water, cetearyl alcohol, elaeis guineensis oil/palm oil, behentrimonium chloride, stearamidopropyl dimethylamine, glycerin, glyceryl linoleate, glyceryl oleate, glyceryl linolenate, arginine, serine, chlorhexidine dihydrochloride, isopropyl alcohol, citric acid, hydroxypropyltrimonium hydrolyzed wheat protein, glutamic acid, parfum/fragrance (FIL C161205/2). || 
15,81€ / Pce || 
15,81 € || 
Amplificateur de chignon, effet Push Up                          Invisible, léger et confortable || L'unité || Origine : FRANCE || Le secret d'un chignon volumineux même sur cheveux fins, c'est l'Amplificateur de Chignon effet Push Up ! Installé à la base d'une queue de cheval, il permet de réaliser facilement un chignon parfait, tout en volume : effet Push Up garanti ! Une foisinstallé, l'Amplificateur est invisible, même sur cheveux fins et sur toutes couleurs de cheveux. Léger et confortable, il reste en place toute la journée ! || Pour recouvrir facilement l'Amplificateur, il est recommandé d'avoir au minimum les cheveux aux épaules. Attachez vos cheveux en queue de cheval avec un élastique et faites-la passer dans l'Amplificateur. Répartissez vos cheveux en palmier pour recouvrir l'Amplificateur. Placez un élastique à la base du chignon puis enroulez les longueurs. Maintenez les longueurs à la base du chignon avec les épingles fournies dans la boîte. Conserver à l'écart de toute flamme ou source d'étincelles ou d'ignition. Conserver hors de la portée des enfants. || 
5,14€ / Pce || 
5,14 € || 
Réhausseur de coiffure, effet Push Up                            Invisible, léger et confortable || La pièce || Origine : FRANCE || Le secret d'un volume spectaculaire même sur cheveux fins, c'est le Rehausseur de Coiffure effet Push Up ! Il s'insère discrètement sous un mèche de cheveux pour rehausser instantanément le volume de la coiffure : effet Push Up garanti ! Une fois installé, le Rehausseur est invisible, même sur cheveux fins et sur toutes couleurs de cheveux. Léger et confortable, il reste en place toute la journée ! || Pour recouvrir facilement le Rehausseur, il est recommandé d'avoir au minimum les cheveux aux épaules. Séparez une mèche sur le devant de la coiffure. Installez le Rehausseur à la base de la mèche, côté bombé vers l'avant. Rabattez la mèche vers l'arrière pour recouvrir l'accessoire. Conserver à l'écart de tout flamme ou source d'étincelles ou d'ignition. || 
5,14€ / Pce || 
5,14 € || 
600 Blond foncé éclatant, Mousse absolue || La boîte de 154ml || Origine : FRANCE || L'Oréal Paris crée sa 1ère coloration-mousse permanente prête à l'emploi et réutilisable. Découvrez notre absolue perfection  en une simple pression. Mélange automatiquement votre couleur en une seule pression et diffuse une mousse pour une utilisation d'une facilité absolue. Contient jusqu'à 2 utilisations grâce à son système de préservation. || Pour une meilleure couverture des cheveux blancs secouez bien l'aérosol avant chaque application et malaxez les cheveux avec insistance pour assurer une bonne imprégnation et répartition du produit, insistez au niveau des racines. Ne pas trop incliner le flacon pour un usage optimal du produit. Ne pas orienter le flacon vers le visage. Sassurer que le produit est bien sous forme de mousse avant dêtre réparti sur la chevelure. Si le produit est liquide en sortie du flacon, ne pas lappliquer sur la chevelure car il risquerait de couler dans les yeux. Les colorants capillaires peuvent provoquer des réactions allergiques sévères. Lire et suivre les instructions. Ce produit nest pas destiné à être utilisé sur les personnes de moins de seizeans. Les tatouages temporaires noirs à base de henné peuvent augmenter le risque dallergie. Ne vous colorez pas les cheveux si : vous présentez une éruption cutanée sur le visage ou si votre cuir chevelu est sensible, irrité ou abîmé, vous avez déjàfait une réaction après avoir coloré vos cheveux, vous avez fait par le passé une réaction à un tatouage temporaire noir à base de henné. Il est obligatoire de faire un test dalerte allergie impérativement 48 heures avant chaque utilisation de ce produit (se conformer à la notice). Penser à acheter votre produit à lavance pour faire le test dalerte allergie 48 heures avant. Contient du peroxyde dhydrogène, des diaminobenzènes, des phenylenediamine (toluènediamines), de la résorcine, de lam || Colorant : aqua/water, trideceth-2 carboxamide mea, propylene glycol, hexylene glycol, peg-2 oleamine, polyglyceryl-4 oleyl ether, oleyl alcohol, alcohol denat., ammonium hydroxide, polyglyceryl-2 oleyl ether, propane, oleic acid, sodium diethylaminopropyl cocoaspartamide, butane, m-aminophenol, sodium metabisulfite, hydroxypropyl bis(n-hydroxyethyl-p-phenylenediamine) hcl, eugenol, thioglycerin, toluene-2,5-diamine, ammonium acetate, 2-methylresorcinol, pentasodium pentetate, linalool, isobutane, alpha-isomethyl ionone, resorcinol, citronellol erythorbic acid, parfum / fragrance (c163455/2). Révélateur : aqua / water, hydrogen peroxide, butane, cetearyl alcohol, isobutane, propane, sodium stannate, trideceth-2 carboxamide mea, pentasodiumpentetate, phosphoric acid, ceteareth-25, tetrasodium pyrophosphate, glycerin (c55574/1). Soin sublimateur de couleur : aqua/water, cetearyl alcohol, glycerin, behentrimonium chloride, candelilla cera / candelilla wax, amodimethicone, cetyl esters, isopropyl alcohol tocopheryl acetate, lecithin, tocopherol, oleth-10, phenoxyethanol, ppg-5-ceteth-20, ethylhexyl salicylate, ethylparaben, trideceth-12, chlorhexidine dihydrochloride, camphor benzalkonium methosulfate, limonene, linalool, benzyl alcohol, benzyl benzoate, phosphoric acid, geraniol, disodium cocoamphodipropionate, methylparaben, cetrimonium chloride, butylphenyl methylpropional, citronellol, hexyl cinnamal, amyl cinnamal, parfum / fragrance (cl8845/3 ). || Conserver à l'écart de toute flamme ou source d'étincelles. || 
16,94€ / Pce || 
16,94 € || 
Balayage n°1, Pour cheveux blond très clair || La boite de 138ml || Origine : BELGIQUE || La gamme Préférence Balayage Glam' associe dans un kit exclusif une brosse mèche expert, une crème ultra éclaircissante et un soin au Nutri Céramide pour un résultat ultra lumineux. || Non adapté aux cheveux blancs. Temps de pause : 25 à 45 min. Ce produit contient des persulfates. Il peut provoquer une réaction allergique qui dans certains cas rares, peut être grave. Il est donc indispensable de respecter les précautions suivantes: ne pas utiliser si vous êtes sensibles aux persulfates ou avez déjà réagi à un produit de décoloration, votre cuir chevelu est sensible irrité ou abîmé. Ne pas inhaler la poudre. Porter les gants appropriés fournis dans l'étui. Ne pas employer pour la décoloration des cils et des sourcils ou pour un usage autre que la décoloration des cheveux. Ne pas utiliser pour la décoloration de la barbe et de la moustache. Eviter le contact du produit avec les yeux. Rincer immédiatement et abondamment les yeux si le produit entre en contact avec ceux-ci. En cas de réaction telle que picotements intenses, boutons, sensations de brûlure du cuir chevelu ou gêne respiratoire, rincer immédiatement à l'eau tiède et stopper l'utilisation. Avant de refaireune décoloration, consulter un médecin. Ne pas dépasser le temps de pause maximum préconisé puis rincer très soigneusement les cheveux à l'eau tiède. Ne pas utiliser sur des cheveux très fins, sensibilisés, défrisés ou juste après une permanente. Nepas utiliser si les cheveux ont été colorés par du henné ou avec une coloration progressive. Ne jamais conserver le mélange après application. Ne pas laisser à la portée des enfants. Ne pas utiliser chez l'enfant. || Poudre décolorante : potassium, persulfate sodium, metasilicate sodium, persulfate, ammonium chloride, kaolin, sodium lauryl sulfate,  ci 77891 / titanium dioxide, edta, cyamopsis, tetragonolobus gum / guar gum,  hydrogenated polydecene, calcium stéarate. Crème éclaircissante : aqua / water, cetearyl alcohol, propylène glycol, deceth-3, laureth-12, ammonium hydroxide, oleth-30, lauric acid, glycol distearate, polyquaternium-22, ethanolamine silica, dimethyl silylate [nano] / silica, dimethyl silylate, pentasodium, pentetate carbomer, parfum / fragrance. Révélateur crème : aqua / water, hydrogen peroxide, cetearyl alcohol ,sodium stannate, trideceth-2, carboxamide, mea pentasodium, pentetate, phosphoric acid, ceteareth-25, tetrasodium, pyrophosphate, glycerin. Shampooing soin nutri céramide : aqua / water,  sodium laureth sulfate, dimethicone, disodium, cocoamphodiacetate, cetyl alcohol, hydroxystearyl, cetyl ether, guar, hydroxypropyltrimonium chloride,  sodium benzoate, sodium chloride,  sodium hydroxide, ppg-5,ceteth-20,  salicylic acid,  propylène glycol, 2-oleamido-1, 3-octadecanediol , carbomer,  citric acid, parfum / fragrance. || 
13,79€ / Pce || 
13,79 € || 
Balayage n°2, Pour cheveux blond clair || La boite de 138ml || Origine : FRANCE || La gamme Préférence Balayage Glam' associe dans un kit exclusif une brosse mèche expert, une crème ultra éclaircissante et un soin au Nutri Céramide pour un résultat ultra lumineux. || Non adapté aux cheveux blancs. Temps de pause : 25 à 45 min. Ce produit contient des persulfates. Il peut provoquer une réaction allergique qui dans certains cas rares, peut être grave. Il est donc indispensable de respecter les précautions suivantes: ne pas utiliser si vous êtes sensibles aux persulfates ou avez déjà réagi à un produit de décoloration, votre cuir chevelu est sensible irrité ou abîmé. Ne pas inhaler la poudre. Porter les gants appropriés fournis dans l'étui. Ne pas employer pour la décoloration des cils et des sourcils ou pour un usage autre que la décoloration des cheveux. Ne pas utiliser pour la décoloration de la barbe et de la moustache. Eviter le contact du produit avec les yeux. Rincer immédiatement et abondamment les yeux si le produit entre en contact avec ceux-ci. En cas de réaction telle que picotements intenses, boutons, sensations de brûlure du cuir chevelu ou gêne respiratoire, rincer immédiatement à l'eau tiède et stopper l'utilisation. Avant de refaireune décoloration, consulter un médecin. Ne pas dépasser le temps de pause maximum préconisé puis rincer très soigneusement les cheveux à l'eau tiède. Ne pas utiliser sur des cheveux très fins, sensibilisés, défrisés ou juste après une permanente. Nepas utiliser si les cheveux ont été colorés par du henné ou avec une coloration progressive. Ne jamais conserver le mélange après application. Ne pas laisser à la portée des enfants. Ne pas utiliser chez l'enfant. || Poudre décolorante : potassium persulfate, sodium metasilicate, sodium persulfate, ammonium chloride,  kaolin, sodium lauryl sulfate, ci 77891 / titanium dioxide, edta,  cyamopsis, tetragonolobus gum / guar gum, hydrogenated polydecene,  calcium stéarate. Crème éclaircissante : aqua / water,  cetearyl alcohol, propylène glycol,  deceth-3, laureth-12,  ammonium hydroxide,  oleth-30,  lauric acid,  glycol distearate, polyquaternium-22,  ethanolamine,  silica, dimethyl silylate [nano] / silica dimethyl silylate,  pentasodium, pentetate,  carbomer, parfum / fragrance. Révélateur crème : aqua / water,  hydrogen peroxide,  cetearyl alcohol, sodium stannate, trideceth-2, carboxamide mea, pentasodium, pentetate, phosphoric acid, ceteareth-25,  tetrasodium, pyrophosphate,  glycerin. Shampooing soin nutri céramide : aqua / water,  sodium laureth sulfate, dimethicone,  disodium, cocoamphodiacetate,  cetyl alcohol,  hydroxystearyl, cetyl ether guar, hydroxypropyltrimonium chloride,  sodium benzoate, sodium chloride,  sodium hydroxide,  ppg-5, ceteth-20, salicylic acid, propylène glycol,  2-oleamido-1, 3-octadecanediol, carbomer,  citric acid, parfum / fragrance. || 
13,79€ / Pce || 
13,79 € || 
Casting Crème Gloss 200 Noir Ebene || La boîte || Origine : FRANCE || Innovation : les laboratoires de L'Oréal réinventent la coloration sans ammoniaque. Une couleur chatoyante, aux reflets brillants et visibles. Sa formule crème sans ammoniaque couvre de façon optimale les cheveux blancs. Pleine de nuances, elle recrée dans vos cheveux toute la richesse des vraies couleurs naturelles, avec des reflets visibles. C'est comme si votre couleur prenait vie. Le résultat est durable jusqu'à 28 shampooings et la couleur reste naturelle et brillante. || LA COLORATION PEUT PROVOQUER UNE RÉACTION ALLERGIQUE QUI, DANS CERTAINS CAS RARES, PEUT ÊTRE GRAVE. IL EST OBLIGATOIRE, DANS TOUS LES CAS, DE FAIRE UN TEST D'ALLERGIE CUTANÉE IMPÉRATIVEMENT 48 HEURES AVANT CHAQUE UTILISATION DE CE PRODUIT (se conformer à la notice). NE PAS UTILISER SI : - vous avez déjà réagi à un produit de coloration - vous avez le cuir chevelu irrité ou abîmé. TATOUAGE HENNÉ NOIR : si vous avez fait, même une seule fois, un tatouage au henné noir, vous risquez d'être devenueallergique sans le savoir. Ne pas utiliser ce produit sans avoir effectué le test d'allergie cutanée, 48 heures avant l'utilisation du produit. PENSEZ À ACHETER VOTRE PRODUIT À L'AVANCE POUR FAIRE LE TEST D'ALLERGIE CUTANÉE 48 HEURES AVANT. - Le révélateur contient de l'eau oxygénée - Le produit colorant contient des diaminotoluènes, de la résorcine - Eviter le contact du produit avec la peau et les yeux, ne pas employer pour la coloration des cils et des sourcils. Ne pas suivre cette consigne peut entraîner la cécité - Rincer immédiatement et abondamment les yeux si le produit entre en contact avec ceux-ci - Porter les gants appropriés fournis dans l'étui - Bien rincer les cheveux après application - Ne pas utiliser si vos cheveux ont étécolorés par du henné ou avec une coloration progressive - Tenir hors de la portée des enfants. Ne pas utiliser chez l'enfant. || CRÈME COLORANTE : AQUA/WATER, CETEARYL ALCOHOL, PROPYLENE GLYCOL, DECETH-3, LAURETH-12, ETHANOLAMINE, OLETH-30, LAURIC ACID, TOLUENE-2.5-DIAMINE, POLYQUATERNIUM-6, GLYCOL DISTEARATE, HEXADIMETHRINE CHLORIDE, SILICA DIMETHYL SILYLATE, RESORCINOL, PENTASODIUM PENTETATE, 2,4-DIAMINOPHENOXYETHANOL HCI, m-AMINOPHENOL, THIOLACTIC ACID, CARBOMER, p-METHYLAMINOPHENOL SULFATE, ASCORBIC ACID, MICA, HYDROXYBENZOMORPHOLINE, Cl 77491 / IRON OXIDES, Cl 77891 /TITANIUM DIOXIDE, PARFUM / FRAGRANCE. (C25434/5).437046 - LAIT RÉVÉLATEUR : AQUA / WATER, HYDROGEN PEROXIDE, CETEARYL ALCOHOL, SODIUM STANNATE, TRIDECETH-2 CARBOXAMIDE MEA, PENTASODIUM PENTETATE, CETEARETH-30, TETRASODIUM PYROPHOSPHATE, GLYCERIN. (C11321/8). 471076 - SOIN NUTRI-ECLAT : AQUA / WATER, CETEARYL ALCOHOL, BEHENTRIMONIUM CHLORIDE, PEG-180, AMODIMETHICONE, CETYL ESTERS, HYDROXYETHYLCELLULOSE, TRIDECETH-12, CHLORHEXIDINE DIHYDROCHLORIDE, LIMONENE, CAMELLIA SINENSIS / CAMELLIA SINENSIS LEAF EXTRACT, LINALOOL, ALOE BARBADENSIS / ALOE BARBADENSIS LEAF JUICE, PROPYLENE GLYCOL, METHYLPARABEN, CITRIC ACID, CETRIMONIUM CHLORIDE, CITRONELLOL, HEXYL CINNAMAL, AMYL CINNAMAL, PARFUM / FRAGRANCE. (C15360/6). || 
12,86€ / Pce || 
12,86 € || 
Casting Crème Gloss 300 Chatain Foncé || La boîte || Origine : FRANCE || Innovation : les laboratoires de L'Oréal réinventent la coloration sans ammoniaque. Une couleur chatoyante, aux reflets brillants et visibles : sa formule crème sans ammoniaque couvre de façon optimale les cheveux blancs. Pleine de nuances, elle recrée dans vos cheveux toute la richesse des vraies couleurs naturelles, avec des reflets visibles. C'est comme si votre couleur prenait vie. Le résultat est durable jusqu'à 28 shampooings et la couleur reste naturelle et brillante. Douceur et respect optimisé du cheveu : pendant la coloration, son complexe soin breveté renforce la fibre des cheveux colorés, à l'intérieur et en surface, pour une douceur exceptionnelle, un toucher voluptueux et une brillance gloss. Après la coloration, son soin Nutri-Eclat à l'aloe vera et au thé vert renouvelle l'éclat de votre couleur jusqu'à votre prochaine coloration. Une application facile et agréable : sa texture crème ne coule pas. Son parfum délicat fait de votre coloration un vrai moment de plaisir. || La coloration peut provoquer une réaction allergique qui, dans certains cas rares, peut être grave. Il est donc indispensable de respecter les consignes suivantes : ne pas utiliser si vous avez déjà réagi à un produit de coloration, vous avez le cuirchevelu sensible, irrité ou abîmé. En cas de tatouage les risques d'allergie peuvent être accrus. Faire un test d'allergie cutanée impérativement 48 heures avant chaque utilisation de ce produit (voir notice). Penser à acheter votre produit à l'avance. Eviter le contact du produit avec la peau et les yeux Ne pas employer pour la coloration des cils et des sourcils, ne pas suivre cette consigne peut entraîner la cécité. Rincer immédiatement et abondamment  les yeux si le produit entre en contactavec ceux-ci. Porter les gants appropriés fournis dans l'étui. Bien rincer les cheveux après application. Ne pas utiliser si vos cheveux ont été colorés par du henné ou avec une coloration progrèssive. Tenir hors de la portée des enfants. Ne pas utiliser chez l'enfant. Se conformer à la notice. || Crème colorante : aqua, cetearyl alcohol, propylene glycol, deceth-3, laureth-12, ethanolamine, oleth-30, lauric acid, toluene-2.5-diamine, polyquaternium-6, glycol distearate, resorcinol, hexadimethrine chloride, silica dimethyl silylate, Cl77491/iron oxides, Cl77891/titanium dioxide, 2.4-diaminophenoxyethanol HCI, m-aminophenol, ascorbic acid, mica, sodium metabisulfite, 2-methylresorcinol, pentasodium pentetate, carbomer, parfum (C22282/1). Lait révélateur : aqua, hydrogen peroxide, cetearylalcohol, sodium stannate, trideceth-2 carboxamide mea, pentasodium pentetate, ceteareth-30, tetrasodium pyrophosphate, glycerin. (C11321/8). Soin nutri-éclat : aqua, cetearyl alcohol, behentrimonium chloride, peg-180, amodimethicone, cetyl esters, hydroxyethylcellulose, trideceth-12, chlorhexidine dihydrochloride, limonene, camellia sinensis/camellia sinensis leaf extract, linalool, aloe barbadensis/aloe barbadensis leaf juice, propylene glycol, methylparaben, citric acid, cetrimonium chloride,citronellol, hexyl cinnamal, amyl cinnamal, parfum. (C15360/6). || Crème colorante : aqua, cetearyl alcohol, propylene glycol, deceth-3, laureth-12, ethanolamine, oleth-30, lauric acid, toluene-2.5-diamine, polyquaternium-6, glycol distearate, resorcinol, hexadimethrine chloride, silica dimethyl silylate, Cl77491/iron oxides, Cl77891/titanium dioxide, 2.4-diaminophenoxyethanol HCI, m-aminophenol, ascorbic acid, mica, sodium metabisulfite, 2-methylresorcinol, pentasodium pentetate, carbomer, parfum (C22282/1). Lait révélateur : aqua, hydrogen peroxide, cetearylalcohol, sodium stannate, trideceth-2 carboxamide mea, pentasodium pentetate, ceteareth-30, tetrasodium pyrophosphate, glycerin. (C11321/8). Soin nutri-éclat : aqua, cetearyl alcohol, behentrimonium chloride, peg-180, amodimethicone, cetyl esters, hydroxyethylcellulose, trideceth-12, chlorhexidine dihydrochloride, limonene, camellia sinensis/camellia sinensis leaf extract, linalool, aloe barbadensis/aloe barbadensis leaf juice, propylene glycol, methylparaben, citric acid, cetrimonium chloride,citronellol, hexyl cinnamal, amyl cinnamal, parfum. (C15360/6). || 
12,86€ / Pce || 
12,86 € || 
Casting Crème Gloss 316 Prune || La boîte || Origine : FRANCE || Découvrez maintenant Casting Crème Gloss, une couleur-soin en crème qui offre des reflets plus brillants et visibles, une meilleure couverture des cheveux blancs et encore plus de soin. || Crème colorante : aqua, cetearyl alcohol, deceth-3, propylene glycol, laureth-12, ethanolamine, oleth-30, lauric acid, polyquaternium-6, glycol distearate, sodium metasilicate, 4-amino-2-hydroxytoluene, toluene-2, 5-diamine, hexadimethrine chloride,silica dimethyl silylate, Cl77491/iron oxides, Cl77891/titanium dioxide, ascorbic acid, mica, thiolactic acid, 2-methyl-5-hydroxyethylaminophenol, pentasodium pentetate, carbomer, resorcinol, parfum (C22441/1). Lait révélateur : aqua, hydrogen peroxide, cetearyl alcohol, sodium stannate, trideceth-2 carboxamide mea, pentasodium pentetate, ceteareth-30, tetrasodium pyrophosphate, glycerin (C11321/8). Soin nutri-éclat : aqua, cetearyl alcohol, behentrimonium chloride, PEG-180,  amodimethicone, cetyl esters, hydroxyethylcellulose, trideceth-12, chlorhexidine dihydrochloride, limonene, camellia sinensis/camellia sinensis leaf extract, linalool, aloe barbadensis/aloe barbadensis leaf juice, propylene glycol, methylparaben, citric acid, cetrimonium chloride, citronellol, hexyl cinnamal, amyl cinnamal, parfum (C15360/6). Le révélateur contient de l'eau oxygénée. Le produit colorant contient des diaminotoluènes, de la résorcine. Sans ammoniaque. || 
13,38€ / Pce || 
13,38 € || 
Casting Crème Gloss 323 Chocolat Noir || La boîte || Origine : FRANCE || Innovation : les Laboratoires de L'Oréal réinventent la coloration sans ammoniaque. Une couleur chatoyante, aux reflets brillants et visibles : sa formule crème sans ammoniaque couvre de façon optimale les cheveux blancs. Pleine de nuances, elle recrée dans vos cheveux toute la richesse des vraies couleurs naturelles, avec des reflets visibles. C'est comme si votre couleur prenait vie. Le résultat est durable jusqu'à 28 shampooings et la couleur reste naturelle et brillante. Douceur et respect optimisé du cheveu : pendant la coloration, son complexe soin breveté renforce la fibre des cheveux colorés, à l'intérieur et en surface, pour une douceur exceptionnelle, un toucher voluptueux et une brillance gloss. Après la coloration, son soin Nutri-Eclat à l'aloe vera et au thé vert renouvelle l'éclat de votre couleur jusqu'à votre prochaine coloration. Une application facile et agréable : sa texture crème ne coule pas. Son parfum délicat fait de votre coloration un vrai moment de plaisir. So || La coloration peut provoquer une réaction allergique qui, dans certains cas rares, peut être grave.;Il est donc indispensable de respecter les consignes suivantes : ne pas utiliser si vous avez déjà réagi à un produit de coloration, vous avez le cuirchevelu sensible, irrité ou abîmé.;En cas de tatouage les risques d'allergie peuvent être accrus.;Faire un test d'allergie cutanée impérativement 48 heures avant chaque utilisation de ce produit (voir notice). Penser à acheter votre produit à l'avance.; Eviter le contact du produit avec la peau et les yeux;Ne pas employer pour la coloration des cils et des sourcils, ne pas suivre cette consigne peut entraîner la cécité.;Rincer immédiatement et abondamment les yeux si le produit entre en contactavec ceux-ci.;Porter les gants appropriés fournis dans l'étui.;Bien rincer les cheveux après application.;Ne pas utiliser si vos cheveux ont été colorés par du henné ou avec une coloration progressive.;Tenir hors de la portée des enfants.;Ne pas utiliser chez l'enfant;Se conformer à la notice. || Crème colorante : aqua/water, cetearyl alcohol, deceth-3, propylene glycol, laureth-12, ethanolamine, oleth-30, lauric acid,polyquaternium-6, glycol distearate, sodium metasilicate, toluene-2, 5-diamine, resorcinol,  hexadimethrine chloride, silica dimethyl silylate, Cl77491/iron oxides, Cl77891/titanium dioxide, m-aminophenol, ascorbic acid, mica, thiolactic acid, 2-methyl resorcinol,  pentasodium pentetate, carbomer, parfum/fragrance, (C29544/1). Lait révelateur : aqua/water, hydrogen peroxide, cetearyl alcohol, sodium stannate, trideceth-2 carboxamioe mea pentasodium pentetate, ceteareth-30, tetrasodium pyrophosphate, glycerin, (C11321/8). Soin nutri-éclat : aqua/water, cetearyl alcohol, behentrimonium chloride, peg-180, amodimethicone,cetyl esters, hydroxyethylcellulose, trideceth-12, chlorhexidine dihydrochloride,  limonene, camellia sinensis/camellia sinensis leaf extract, linalool, aloe barbadensis/aloe barbadensis leaf juice, propylene glycol, methylparaben, citric acid, cetrimonium chloride, citronellol, hexyl cinnamal, amyl cinnamal, parfum/fragrance, (C28240/1). Le révélateur contient de l'eau oxygénée. Le produit colorant contient des diaminotoluènes, de la résorcine.  Sans ammoniaque. || 
12,86€ / Pce || 
12,86 € || 
Casting Crème Gloss 400 Châtain || La boîte || Origine : FRANCE || Innovation : les laboratoires de L'Oréal réinventent la coloration sans ammoniaque. Une couleur chatoyante, aux reflets brillants et visibles : sa formule crème sans ammoniaque couvre de façon optimale les cheveux blancs. Pleine de nuances, elle recrée dans vos cheveux toute la richesse des vraies couleurs naturelles, avec des reflets visibles. C'est comme si votre couleur prenait vie. Le résultat est durable jusqu'à 28 shampooings et la couleur reste naturelle et brillante. Douceur et respect optimisé du cheveu : pendant la coloration, son complexe soin breveté renforce la fibre des cheveux colorés, à l'intérieur et en surface, pour une douceur exceptionnelle, un toucher voluptueux et une brillance gloss. Après la coloration, son soin Nutri-Eclat à l'aloe vera et au thé vert renouvelle l'éclat de votre couleur jusqu'à votre prochaine coloration. Une application facile et agréable : sa texture crème ne coule pas. Son parfum délicat fait de votre coloration un vrai moment de plaisir. || La coloration peut provoquer une réaction allergique qui, dans certains cas rares, peut être grave. Il est donc indispensable de respecter les consignes suivantes : ne pas utiliser si vous avez déjà réagi à un produit de coloration, vous avez le cuirchevelu sensible, irrité ou abîmé. En cas de tatouage les risques d'allergie peuvent être accrus. Faire un test d'allergie cutanée impérativement 48 heures avant chaque utilisation de ce produit (voir notice). Penser à acheter votre produit à l'avance.  Eviter le contact du produit avec la peau et les yeux Ne pas employer pour la coloration des cils et des sourcils, ne pas suivre cette consigne peut entraîner la cécité. Rincer immédiatement et abondamment les yeux si le produit entre en contactavec ceux-ci. Porter les gants appropriés fournis dans l'étui. Bien rincer les cheveux après application. Ne pas utiliser si vos cheveux ont été colorés par du henné ou avec une coloration progressive. Tenir hors de la portée des enfants. Ne pas utiliser chez l'enfant Se conformer à la notice. || Crème colorante : aqua, cetearyl alcohol, propylene glycol, deceth-3, laureth-12, ethanolamine, oleth-30, lauric acid, polyquaternium-6, glycol distearate, toluene-2.5 -diamine, hexadimethrine chloride, silica dimethyl silylate, resorcinol, Cl77491/iron oxides, Cl77891/titanium dioxide, 2.4-diaminophenoxyethanol HCI, m-aminophenol, ascorbic acid, mica, sodium metabisulfite, 2-methylresorcinol, pentasodium pentetate, carbomer, parfum (C22283/1). Lait révélateur : aqua, hydrogen peroxide, cetearylalcohol, sodium stannate, trideceth-2 carboxamide mea, pentasodium pentetate, ceteareth-30, tetrasodium pyrophosphate, glycerin. (C11321/8). Soin nutri-éclat : aqua, cetearyl alcohol, behentrimonium chloride, peg-180, amodimethicone, cetyl esters, hydroxyethylcellulose, trideceth-12, chlorhexidine dihydrochloride, limonene, camellia sinensis/camellia sinensis leaf extract, linalool, aloe barbadensis/aloe barbadensis leaf juice, propylene glycol, methylparaben, citric acid, cetrimonium chloride,citronellol, hexyl cinnamal, amyl cinnamal, parfum. (C15360/6). || Crème colorante : aqua, cetearyl alcohol, propylene glycol, deceth-3, laureth-12, ethanolamine, oleth-30, lauric acid, polyquaternium-6, glycol distearate, toluene-2.5 -diamine, hexadimethrine chloride, silica dimethyl silylate, resorcinol, Cl77491/iron oxides, Cl77891/titanium dioxide, 2.4-diaminophenoxyethanol HCI, m-aminophenol, ascorbic acid, mica, sodium metabisulfite, 2-methylresorcinol, pentasodium pentetate, carbomer, parfum (C22283/1). Lait révélateur : aqua, hydrogen peroxide, cetearylalcohol, sodium stannate, trideceth-2 carboxamide mea, pentasodium pentetate, ceteareth-30, tetrasodium pyrophosphate, glycerin. (C11321/8). Soin nutri-éclat : aqua, cetearyl alcohol, behentrimonium chloride, peg-180, amodimethicone, cetyl esters, hydroxyethylcellulose, trideceth-12, chlorhexidine dihydrochloride, limonene, camellia sinensis/camellia sinensis leaf extract, linalool, aloe barbadensis/aloe barbadensis leaf juice, propylene glycol, methylparaben, citric acid, cetrimonium chloride,citronellol, hexyl cinnamal, amyl cinnamal, parfum. (C15360/6). || 
12,86€ / Pce || 
12,86 € || 
Casting Crème Gloss 415 Marron Glacé || La boîte || Origine : FRANCE || Innovation : les Laboratoires de L'Oréal réinventent la coloration sans ammoniaque. Une couleur chatoyante, aux reflets brillants et visibles. Sa formule crème sans ammoniaque couvre de façon optimale les cheveux blancs. Pleine de nuances, elle recrée dans vos cheveux toute la richesse des vraies couleurs naturelles, avec des reflets visibles. C'est comme si votre couleur prenait vie. Le résultat est durable jusqu'à 28 shampooings et la couleur reste naturelle et brillante. || LA COLORATION PEUT PROVOQUER UNE RÉACTION ALLERGIQUE QUI, DANS CERTAINS CAS RARES, PEUT ÊTRE GRAVE. IL EST OBLIGATOIRE, DANS TOUS LES CAS, DE FAIRE UN TEST D'ALLERGIE CUTANÉE IMPÉRATIVEMENT 48 HEURES AVANT CHAQUE UTILISATION DE CE PRODUIT (se conformer à la notice). NE PAS UTILISER SI : - vous avez déjà réagi à un produit de coloration - vous avez le cuir chevelu irrité ou abîmé. TATOUAGE HENNÉ NOIR : si vous avez fait, même une seule fois, un tatouage au henné noir, vous risquez d'être devenueallergique sans le savoir. Ne pas utiliser ce produit sans avoir effectué le test d'allergie cutanée, 48 heures avant l'utilisation du produit. PENSEZ À ACHETER VOTRE PRODUIT À L'AVANCE POUR FAIRE LE TEST D'ALLERGIE CUTANÉE 48 HEURES AVANT. - Le révélateur contient de l'eau oxygénée - Le produit colorant contient des diaminotoluènes, de la résorcine - Eviter le contact du produit avec la peau et les yeux, ne pas employer pour la coloration des cils et des sourcils. Ne pas suivre cette consigne peut entraîner la cécité - Rincer immédiatement et abondamment les yeux si le produit entre en contact avec ceux-ci - Porter les gants appropriés fournis dans l'étui - Bien rincer les cheveux après application - Ne pas utiliser si vos cheveux ont étécolorés par du henné ou avec une coloration progressive - Tenir hors de la portée des enfants. Ne pas utiliser chez l'enfant. || CRÈME COLORANTE : AQUA/ WATER, CETEARYL ALCOHOL, PROPYLENE GLYCOL, DECETH-3, LAURETH-12, ETHANOLAMINE, OLETH-30, LAURIC ACID, POLYQUATERNIUM-6, GLYCOL DISTEARATE, HEXADIMETHRINE CHLORIDE, SILICA DIMETHYL SILYLATE, Cl 77491 / IRON OXIDES, CI 77891 / TITANIUM DIOXIDE, 2,4-DIAMINOPHENOXYETHANOL HCI, p-AMINOPHENOL, 2-AMIN0-3-HYDROXYPYRIDINE, ASCORBIC ACID, MICA, THIOLACTIC ACID, TOLUENE-2.5-DIAMINE, 2-METHYLRESORCINOL, 2-METHYL-5-HYDROXYETHYLAMINOPHENOL, PENTASODIUM PENTETATE, CARBOMER, RESORCINOL,PARFUM / FRAGRANCE. (C22093/1). 437046 - LAIT RÉVÉLATEUR : AQUA /WATER, HYDROGEN PEROXIDE, CETEARYL ALCOHOL, SODIUM STANNATE, TRIDECETH-2 CARBOXAMIDE MEA, PENTASODIUM PENTETATE, CETEARETH-30, TETRASODIUM PYROPHOSPHATE, GLYCERIN. (C11321/8). 471076 -SOIN NUTRI-ECLAT: AQUA /WATER, CETEARYL ALCOHOL, BEHENTRIMONIUM CHLORIDE, PEG-180, AMODIMETHICONE, CETYL ESTERS, HYDROXYETHYLCELLULOSE, TRIDECETH-12, CHLORHEXIDINE DIHYDROCHLORIDE, LIMONENE, CAMELLIA SINENSIS / CAMELLIA SINENSIS LEAF EXTRACT, LINALOOL, ALOE BARBADENSIS / ALOE BARBADENSIS LEAF JUICE, PROPYLENE GLYCOL, METHYLPARABEN, CITRIC ACID, CETRIMONIUM CHLORIDE, CITRONELLOL, HEXYL CINNAMAL, AMYL CINNAMAL, PARFUM / FRAGRANCE. (C15360/6). || 
12,86€ / Pce || 
12,86 € || 
Casting Crème Gloss 426 Aubur || La boîte || Origine : FRANCE || Innovation : les Laboratoires de L'Oréal réinventent la coloration sans ammoniaque. Une couleur chatoyante, aux reflets brillants et visibles : sa formule crème sans ammoniaque couvre de façon optimale les cheveux blancs. Pleine de nuances, elle recrée dans vos cheveux toute la richesse des vraies couleurs naturelles, avec des reflets visibles. C'est comme si votre couleur prenait vie. Le résultat est durable jusqu'à 28 shampooings et la couleur reste naturelle et brillante. Douceur et respect optimisé du cheveu : pendant la coloration, son complexe soin breveté renforce la fibre des cheveux colorés, à l'intérieur et en surface, pour une douceur exceptionnelle, un toucher voluptueux et une brillance gloss. Après la coloration, son soin Nutri-Eclat à l'aloe vera et au thé vert renouvelle l'éclat de votre couleur jusqu'à votre prochaine coloration. Une application facile et agréable : sa texture crème ne coule pas. Son parfum délicat fait de votre coloration un vrai moment de plaisir. So || La coloration peut provoquer une réaction allergique qui, dans certains cas rares, peut être grave. Il est donc indispensable de respecter les consignes suivantes : ne pas utiliser si vous avez déjà réagi à un produit de coloration, vous avez le cuirchevelu sensible, irrité ou abîmé. En cas de tatouage les risques d'allergie peuvent être accrus. Faire un test d'allergie cutanée impérativement 48 heures avant chaque utilisation de ce produit (voir notice). Penser à acheter votre produit à l'avance.  Eviter le contact du produit avec la peau et les yeux Ne pas employer pour la coloration des cils et des sourcils, ne pas suivre cette consigne peut entraîner la cécité. Rincer immédiatement et abondamment les yeux si le produit entre en contactavec ceux-ci. Porter les gants appropriés fournis dans l'étui. Bien rincer les cheveux après application. Ne pas utiliser si vos cheveux ont été colorés par du henné ou avec une coloration progressive. Tenir hors de la portée des enfants. Ne pas utiliser chez l'enfant Se conformer à la notice. || Crème colorante : aqua, cetearyl alcohol, deceth-3, propylene glycol, laureth-12, ethanolamine, oleth-30, lauric acid, polyquaternium-6, glycol distearate, sodium metasilicate, 4-amino-2-hydroxytoluene, hexadimethrine chloride, silica dimethyl silylate, toluene-2.5-diamine, pentasodium pentetate, carbomer, thiolactic acid, p-aminophenol, sorbic acid, 2-methyl-5-hydroxyethylaminophenol, Cl77491/iron oxides, mica, resorcinol, Cl77891/titanium dioxide, parfum. (C25432/1). Lait révélateur : aqua, hydrogen peroxide, cetearyl alcohol, sodium stannate, trideceth-2 carboxamide mea, pentasodium pentetate, ceteareth-30, tetrasodium pyrophosphate, glycerin. (C11321/8). Soin nutri-éclat : aqua, cetearyl alcohol, behentrimonium chloride, peg-180, amodimethicone, cetyl esters, hydroxyethylcellulose, trideceth-12, chlorhexidine dihydrochloride, limonene, camellia sinensis/camellia sinensis leaf extract, linalool, aloe barbadensis/aloe barbadensis leaf juice, propylene glycol, methylparaben, citric acid, cetrimonium chloride, citronellol, hexyl cinnamal, amyl cinnamal, parfum. (C15360/6). || Crème colorante : aqua, cetearyl alcohol, deceth-3, propylene glycol, laureth-12, ethanolamine, oleth-30, lauric acid, polyquaternium-6, glycol distearate, sodium metasilicate, 4-amino-2-hydroxytoluene, hexadimethrine chloride, silica dimethyl silylate, toluene-2.5-diamine, pentasodium pentetate, carbomer, thiolactic acid, p-aminophenol, sorbic acid, 2-methyl-5-hydroxyethylaminophenol, Cl77491/iron oxides, mica, resorcinol, Cl77891/titanium dioxide, parfum. (C25432/1). Lait révélateur : aqua, hydrogen peroxide, cetearyl alcohol, sodium stannate, trideceth-2 carboxamide mea, pentasodium pentetate, ceteareth-30, tetrasodium pyrophosphate, glycerin. (C11321/8). Soin nutri-éclat : aqua, cetearyl alcohol, behentrimonium chloride, peg-180, amodimethicone, cetyl esters, hydroxyethylcellulose, trideceth-12, chlorhexidine dihydrochloride, limonene, camellia sinensis/camellia sinensis leaf extract, linalool, aloe barbadensis/aloe barbadensis leaf juice, propylene glycol, methylparaben, citric acid, cetrimonium chloride, citronellol, hexyl cinnamal, amyl cinnamal, parfum. (C15360/6). || 
12,86€ / Pce || 
12,86 € || 
Casting Crème Gloss 432 Marron Suprême || La boîte || Origine : FRANCE || Enfin une couleur soin - sans ammoniaque, aux reflets brillants et visibles, et une couverture optimale des cheveux blancs || Tenir hors de la portée des enfants. Ne pas utiliser chez l'enfants.  IMPORTANT : LA COLORATION PEUT PROVOQUER UNE RÉACTION ALLERGIQUE QUI, DANS CERTAINS CAS RARES, PEUT ÊTRE GRAVE. IL EST DONC OBLIGATOIRE, DANS TOUS LES CAS, DE FAIRE UN TEST D'ALLERGIE CUTANÉE IMPÉRATIVEMENT 48 HEURES AVANT CHAQUE UTILISATION DE CE PRODUIT (se conformer à la notice).  Ne pas utiliser si vous avez déjà réagi à un produit de coloration, si vous avez le cuir chevelu sensible, irrité ou abîmé. Si vous avez fait, même une seule fois, un tatouage au henné noir, vous risquez d'être devenue allergique sans le savoir. Ne pas utiliser ce produit sans avoir effectué le test d'allergie cutanée, 48 heures avant l'utilisation du produit.Le révélateur contient de l'eau oxygénée.Le produit colorant contient : des diaminotoluènes, de la résorcine, de l'ammoniaque. Eviter le contact du produit avec la peau et les yeux, ne pas employer pour la coloration des cils et des sourcils. Ne pas suivre cette consigne peut entraîner la cécité. Rincer immédiatement et abondamment les yeux si le produit entre en contact avec ceux-ci. Porter les gants appropriés fournis dans l'étui. Bien rincer les cheveux après application. Ne pas utiliser si vos cheveux ont été colorés par duhenné ou avec une coloration progressive || Valeur énergétique en Joules :  0 || Valeur énergétique en Kcal : 0 || Glucides : 0 || Lipides : 0 || Protides :0 || CREME COLORANTE : AQUA/ WATER, CETEARYL ALCOHOL, PROPYLENE GLYCOL, DECETH 3, LAURETH 12, ETHANOLAMINE, OLETH 30, LAURIC ACID, POLYQUATERNIUM 6, GLYCOL DISTEARATE, SODIUM METASILICATE, T0LUENE 2.5 DIAMINE, HEXADIMETHRINE CHLORIDE, SILICA DIMETHYL SILYLATE, Cl 77491 / IRON OXIDES, Cl 77891 /TITANIUM DIOXIDE, m AMINOPHENOL, ASCORBIC ACID, MICA, THIOLACTIC ACID, 2 METHYLRESORCINOL, PENTASODIUM PENTETATE, CARBOMER, RESORCINOL, PARFUM / FRAGRANCE. (C29368/1);LAIT RÉVÉLATEUR :AQUA / WATER, HYDROGEN PEROXIDE, CETEARYL ALCOHOL, SODIUM STANNATE, TRIDECETH-2 CARBOXAMIDE MEA, PENTASODIUM PENTETATE, CETEARETH-30, TETRASODIUM PYROPHOSPHATE, GLYCERIN. (C11321/8);SOIN NUTRI-ÉCLAT : AQUA / WATER, CETEARYL ALCOHOL, BEHENTRIMONIUM CHLORIDE, PEG 180, AMODIMETHICONE, CETYL ESTERS, HYDROXYETHYLCELLULOSE, TRIDECETH 12, CHLORHEXIDINE DIHYDROCHLORIDE, LIMONENE, CAMELLIA SINENSIS / CAMELLIA SINENSIS LEAF EXTRACT, LINALOOL, ALOE BARBADENSIS / ALOE BARBADENSIS LEAF JUICE, PROPYLENE GLYCOL, METHYLPARABEN, CITRIC ACID, CETRIMONIUM CHLORIDE, CITRONELLOL, HEXYL CINNAMAL, AMYL CINNAMAL, PARFUM / FRAGRANCE. (C28240/1) || 
13,38€ / Pce || 
13,38 € || 
Casting Crème Gloss 454 Brownie || La boîte || Origine : FRANCE || Une couleur chatoyante, aux reflets brillants et visibles. Sa formule crème sans ammoniaque couvre de façon optimale les cheveux blancs. Pleine de nuances, elle recrée dans vos cheveux toute la richesse des vraies couleurs naturelles, avec des reflets visibles. C'est comme si votre couleur prenait vie. Le résultat est durable jusqu'à 28 shampooings et la couleur reste naturelle et brillante. Douceur et respect optimisé du cheveu. Une application facile et agréable. || Convient aux cheveux naturels, méchés ou colorés. Temps de pause : 20 minutes. La coloration peut provoquer une réaction allergique qui, dans certains cas rares, peut être grave. Il est obligatoire, dans tous les cas, de faire un test d'allergie cutanée impérativement 48 heures avant chaque utilisation de ce produit (se conformer a la notice). Ne pas utiliser si : vous avez déjà réagi à un produit de coloration, vous avez le cuir chevelu irrité ou abîmé. Tatouage henné noir : si vous avez fait,même une seule fois, un tatouage au henné noir, vous risquez d'être devenue allergique sans le savoir. Ne pas utiliser ce produit sans avoir effectué le test d'allergie cutanée, 48 heures avant l'utilisation du produit. Pensez à acheter votre produità l'avance pour faire le test d'allergie cutanée 48 heures avant. Eviter le contact du produit avec la peau et les yeux, ne pas employer pour la coloration des cils et des sourcils. Ne pas suivre cette consigne peut entraîner la cécité. Rincer immédiatement et abondamment les yeux si le produit entre en contact avec ceux-ci. Porter les gants appropriés fournis dans l'étui. Bien rincer les cheveux après application. Ne pas utiliser si vos cheveux ont été colorés par du henné ou avec une coloration progressive. Tenir hors de la portée des enfants. Ne pas utiliser chez l'enfant. || Crème colorante : aqua/water, cetearyl alcohol, deceth-3, propylene glycol, laureth-12, ethanolamine, oleth-30, lauric acid, polyquaternium-6, glycol distearate, sodium metasilicate, hexadimethrine chloride, silica dimethyl silylate, p-aminophenol, Cl77491/iron oxides, Cl77891/titanium dioxide, m-aminophenol, 2-amino-3-hydroxypyridine, 4-amino-2-hydroxytoluene, ascorbic acid, mica, 6-hydroxyindole, thiolactic acid. toluene-2,5-diamine, 2-methylresorcinol, 2-methyl-5-hydroxyethylaminophenol, pentasodium pentetate, carbomer, resorcinol, parfum/fragrance. (C27509/1). Lait révélateur : aqua/water, hydrogen peroxide, cetearyl alcohol, sodium stannate, trideceth-2 carboxamide mea, pentasodium pentetate, ceteareth-30, tetrasodium pyrophosphate, glycerin. (C11321/8). Soin nutri-éclat : aqua/water, cetearyl alcohol, behentrimonium chloride, PEG-180, amodimethicone, cetyl esters, hydroxyethylcellulose, trideceth-12, chlorhexidine dihydrochloride, limonene, camellia sinensis/camellia sinensis leaf extract, linalool, aloe barbadensis/aloe barbadensis leaf juice, propylene glycol, methylparaben, citric acid, cetrimonium chloride, citronellol, hexyl cinnamal, amyl cinnamal, parfum/fragrance. (C28240/1). Le révélateur contient de l'eau oxygénée.Le produit colorant contient des diaminotoluènes, de la résorcine. || 
12,86€ / Pce || 
12,86 € || 
Casting Crème Gloss 500 Chatain Clair || La boîte || Origine : FRANCE || Innovation : les laboratoires de L'Oréal réinventent la coloration sans ammoniaque. Une couleur chatoyante, aux reflets brillants et visibles Sa formule crème sans ammoniaque couvre de façon optimale les cheveux blancs. Pleine de nuances, elle recrée dans vos cheveux toute la richesse des vraies couleurs naturelles, avec des reflets visibles. C'est comme si votre couleur prenait vie. Le résultat est durable jusqu'à 28 shampooings et la couleur reste naturelle et brillante. || LA COLORATION PEUT PROVOQUER UNE RÉACTION ALLERGIQUE QUI, DANS CERTAINS CAS RARES, PEUT ÊTRE GRAVE. IL EST OBLIGATOIRE, DANS TOUS LES CAS, DE FAIRE UN TEST D'ALLERGIE CUTANÉE IMPÉRATIVEMENT 48 HEURES AVANT CHAQUE UTILISATION DE CE PRODUIT (se conformer à la notice). - NE PAS UTILISER SI : - vous avez déjà réagi à un produit de coloration. - vous avez le cuir chevelu irrité ou abîmé. TATOUAGE HENNÉ NOIR : si vous avez fait, même une seule fois, un tatouage au henné noir, vous risquez d'être devenue allergique sans le savoir. Ne pas utiliser ce produit sans avoir effectué le test d'allergie cutanée, 48 heures avant l'utilisation du produit. PENSEZ À ACHETER VOTRE PRODUIT À L'AVANCE POUR FAIRE LE TEST D'ALLERGIE CUTANÉE 48 HEURES AVANT. - Le révélateur contient de l'eau oxygénée. -Le produit colorant contient des diaminotoluènes, de la résorcine. - Eviter le contact du produit avec la peau et les yeux, ne pas employer pour la coloration des cils et des sourcils. Ne pas suivre cette consigne peut entraîner la cécité. - Rincer immédiatement et abondamment les yeux si le produit entre en contact avec ceux-ci. - Porter les gants appropriés fournis dans l'étui. - Bien rincer les cheveux après application. - Ne pas utiliser si vos cheveuxont été colorés par du henné ou avec une coloration progressive. - Tenir hors de la portée des enfants. Ne pas utiliser chez l'enfant. || CRÈME COLORANTE : AQUA/WATER, CETEARYLALCOHOL, PROPYLENE GLYCOL, DECETH-3, LAURETH-12, ETHANOLAMINE, OLETH-30, LAURIC ACID, POLYOUATERNIUM-6, GLYCOL DISTEARATE, TOLUENE-2.5-DIAMINE. HEXADIMETHRINECHLORIDE, SILICADIMETHYLSILYLATE,CI77491/IR0N0XIDES,CI77891/TITANIUMDIOXIDE, 2,4-DIAMINOPHENOXYETHANOL HCI. m-AMINOPHENOL, ASCORBIC ACID, MICA, SODIUM METABISULFITE, 2-METHYLRESORCINOL, PENTASODIUM PENTETATE, CARBOMER, RESORCINOL, PARFUM / FRAGRANCE. (C21679/1) 437046 - LAIT RÉVÉLATEUR : AQUA/WATER, HYDROGEN PEROXIDE, CETEARYLALCOHOL, SODIUM STANNATE, TRIDECETH-2 CARBOXAMIDE MEA, PENTASODIUM PENTETATE, CETEARETH-30, TETRASODIUM PYROPHOSPHATE, GLYCERIN. (C11321/8) 471076-SOIN NUTRI-ÉCLAT: AQUA / WATER, CETEARYL ALCOHOL, BEHENTRIMONIUM CHLORIDE, PEG-180, AMODIMETHICONE, CETYL ESTERS, HYDROXYETHYLCELLULOSE, TRIDECETH-12, CHLORHEXIDINE DIHYDROCHLORIDE, LIMONENE, CAMELLIA SINENSIS / CAMELLIA SINENSIS LEAF EXTRACT, LINALOOL, ALOE BARBAOENSIS / ALOE BARBAOENSIS LEAF JUICE, PROPYLENE GLYCOL, METHYLPARABEN, CITRIC ACID, CETRIMONIUM CHLORIDE, CITRONELLOL, HEXYL CINNAMAL, AMYL CINNAMAL, PARFUM / FRAGRANCE. (C15360/6) || 
13,38€ / Pce || 
13,38 € || 
Casting Crème Gloss 515 Chocolat Glacé || La boîte || Origine : FRANCE || Glossy Brownies : enfin une couleur soin, sans ammoniaque. Une couleur chatoyante, aux reflets brillants et visibles. Des cheveux comme repulpés. Une application facile et agréable. || Convient aux cheveux naturels, méchés ou colorés dans une nuance proche. Temps de pause : 20 minutes. Couverture des cheveux blancs : jusqu'à 70%. Important : la coloration peut provoquer une réaction allergique qui, dans certains cas rares, peut être grave. Il est donc obligatoire, dans tous les cas, de faire un test d'allergie cutanée impérativement 48 heures avant chaque utilisation de ce produit (se conformer à la notice). Ne pas utiliser si : vous avez déjà réagi à un produit de coloration,vous avez le cuir chevelu irrité ou abîmé. Tatouage henné noir : si vous avez fait, même une seule fois, un tatouage au henné noir, vous risquez d'être devenue allergique sans le savoir. Ne pas utiliser ce produit sans avoir effectué le test d'allergie cutanée, 48 heures avant l'utilisation du produit. Pensez à acheter votre produit à l'avance pour faire le test d'allergie cutanée 48 heures avant. Le révélateur contient de l'eau oxygénée. Le produit colorant contient des diaminotoluènes, de larésorcine. Eviter le contact du produit avec la peau et les yeux, ne pas employer pour la coloration des cils et des sourcils. Ne pas suivre cette consigne peut entraîner la cécité. Rincer immédiatement et abondamment les yeux si le produit entre encontact avec ceux-ci. Porter les gants appropriés fournis dans étui. Bien rincer les cheveux après application. Attendre 15 jours après un défrisage, une permanente ou un lissage durable pour appliquer la coloration. Ne pas utiliser si vos cheveux on || Crème colorante : aqua/water, cetearyl alcohol, propylene glycol, deceth-3, laureth-12 ethanolamine, oleth-30, lauric acid, polyquaternium-6, glycol distearate, sodium metasilicate, hexadimethrine chloride, silica dimethyl silylate, Cl 77491/iron oxides, Cl 77891/titanium dioxide,2,4-diaminophenoxyethanol HCI, p-aminophenol, 2-amino-3-hydroxypyridine, ascorbic acid, mica, thiolactic acid, toluène-2,5-diamine, 2-methyl-5-hydroxyethylaminophenol, 2-methylresorcinol, pentasodium pentetate, carbomer, resorcinol, parfum / fragrance. (C26558/17). Lait révélateur : aqua/water, hydrogen peroxide, cetearyl alcohol, sodium stannate, trideceth-2, carboxamide MEA, pentasodium pentetate, phosphoric acid, ceteareth-25, tetrasodium pyrophosphate, glycerin. (C11321/9). Soin nutri-éclat à la gelée royale : aqua/water, cetearyl alcohol, behentrimonium chloride, PEG-180, amodimethicone, cetyl esters, hydroxyethylcellulose, trideceth-6, chlorhexidine dihydrochloride, limonene, linalool, benzyl alcohol, isopropyl alcohol, citric acid, cetrimonium chloride, citronellol, hexyl cinnamal, amyl cinnamal, royal jelly, parfum/fragrance. (C45510/1). Le révélateur contient de l'eau oxygénée. Le produit colorant contient des diaminotoluènes, de la résorcine. || 
12,66€ / Pce || 
12,66 € || 
Casting Crème Gloss 535 Chocolat || La boîte || Origine : FRANCE || Découvrez maintenant Casting Crème Gloss, une couleur-soin en crème qui offre des reflets plus brillants et visibles, une meilleure couverture des cheveux blancs et encore plus de soin. || Crème colorante : aqua, cetearyl alcohol, deceth-3, propylene glycol, laureth-12, ethanolamine, oleth-30, lauric acid, polyquaternium-6, glycol distearate, sodium metasilicate, hexadimethrine chloride, silica dimethyl silylate, Cl77491/iron oxides, Cl77891/titanium dioxide, p-aminophenol, m-aminophenol, ascorbic acid, mica, thiolactic acid, toluene-2, 5-diamine, 2-methyl-5-hydroxyethylaminophenol, 2-methylresorcinol, pentasodium pentetate, carbomer, resorcinol, parfum (C26923/1). Lait révélateur: aqua, hydrogen peroxide, cetearyl alcohol, sodium stannate, trideceth-2 carboxamide mea, pentasodium pentetate, ceteareth-30, tetrasodium pyrophosphate, glycerin (C11321/8). Soin nutri-éclat : aqua, cetearyl alcohol, behentrimonium chloride, PEG-180,  amodimethicone, cetyl esters, hydroxyethylcellulose, trideceth-12, chlorhexidine dihydrochloride, limonene, camellia sinensis/camellia sinensis leaf extract, linalool, aloe barbadensis/aloe barbadensis leaf juice, propylene glycol, methylparaben, citric acid, cetrimonium chloride, citronellol, hexyl cinnamal, amyl cinnamal, parfum (C15360/6). Le révélateur contient de l'eau oxygénée. Le produit colorant contient des diaminotoluènes, de la résorcine. Sans ammoniaque. || 
12,49€ / Pce || 
12,49 € || 
Casting Crème Gloss 550 Acajou || La boîte || Origine : FRANCE || Innovation : les laboratoires de L'Oréal réinventent la coloration sans ammoniaque. Une couleur chatoyante, aux reflets brillants et visibles : sa formule crème sans ammoniaque couvre de façon optimale les cheveux blancs. Pleine de nuances, elle recrée dans vos cheveux toute la richesse des vraies couleurs naturelles, avec des reflets visibles. C'est comme si votre couleur prenait vie. Le résultat est durable jusqu'à 28 shampooings et la couleur reste naturelle et brillante. Douceur et respect optimisé du cheveu : pendant la coloration, son complexe soin breveté renforce la fibre des cheveux colorés, à l'intérieur et en surface, pour une douceur exceptionnelle, un toucher voluptueux et une brillance gloss. Après la coloration, son soin Nutri-Eclat à l'aloe vera et au thé vert renouvelle l'éclat de votre couleur jusqu'à votre prochaine coloration. Une application facile et agréable : sa texture crème ne coule pas. Son parfum délicat fait de votre coloration un vrai moment de plaisir. || La coloration peut provoquer une réaction allergique qui, dans certains cas rares, peut être grave. Il est donc indispensable de respecter les consignes suivantes : ne pas utiliser si vous avez déjà réagi à un produit de coloration, vous avez le cuirchevelu sensible, irrité ou abîmé. En cas de tatouage les risques d'allergie peuvent être accrus. Faire un test d'allergie cutanée impérativement 48 heures avant chaque utilisation de ce produit (voir notice). Penser à acheter votre produit à l'avance. Eviter le contact du produit avec la peau et les yeux. Ne pas employer pour la coloration des cils et des sourcils, ne pas suivre cette consigne peut entraîner la cécité. Rincer immédiatement et abondamment les yeux si le produit entre en contactavec ceux-ci. Porter les gants appropriés fournis dans l'étui. Bien rincer les cheveux après application. Ne pas utiliser si vos cheveux ont été colorés par du henné ou avec une coloration progressive. Tenir hors de la portée des enfants. Ne pas utiliser chez l'enfant. Se conformer à la notice. || Crème colorante : aqua/water, cetearyl alcohol, deceth-3, propylene glycol, laureth-12, ethanolamine, oleth-30, lauric acid, polyquaternium-6, glycol distearate, sodium metasilicate. 4-amino-2-hydroxytoluene, hexadimethrine chloride, silica dimethylsilylate, cl 77491 / iron oxides, Cl77891/titanium dioxide, p-aminophenol, ascorbic acid, mica, thiolactic acid, toluene-2.5-diamine, 2-methyl-5-hydroxyethylaminophenol, pentasodium pentetate, carbomer, resorcinol, parfum/fragrance. (C21663/1). Laitrévélateur : aqua, hydrogen peroxide, cetearyl alcohol, sodium stannate, trideceth-2 carboxamide mea, pentasodium pentetate, ceteareth-30, tetrasodium pyrophosphate, glycerin. (C11321/8). Soin nutri-éclat : aqua, cetearyl alcohol, behentrimonium chloride, peg-180, amodimethicone, cetyl esters, hydroxyethylcellulose, trideceth-12, chlorhexidine dihydrochloride, limonene, camellia sinensis/camellia sinensis leaf extract, linalool, aloe barbadensis/aloe barbadensis leaf juice, propylene glycol, methylparaben, citric acid, cetrimonium chloride, citronellol, hexyl cinnamal, amyl cinnamal, parfum. (C15360/6). || 
13,38€ / Pce || 
13,38 € || 
Casting crème gloss 603 Caramel tendre || La boite de 180ml || Origine : FRANCE || Sa formule crème sans ammoniaque couvre de façon optimale les cheveux blancs. Pleine de nuances, elle recrée dans vos cheveux toute la richesse des vraies couleurs naturelles, avec des reflets visibles et une brillance gloss. Pendant la coloration, sa formule crème aide à renforcer la fibre, à l'intérieur et en surface, pour une douceur incroyable et un toucher voluptueux. Après la coloration, son soin Nutri-Eclat à la gelée royale connue pour ses vertus nutritives et régénérantes, rend les cheveux soyeux et voluptueux et leur apporte une brillance gloss longue durée. Sa texture crème ne coule pas. Son parfum délicat fait de votre coloration un vrai moment de plaisir. || Pour tous types de cheveux. Convient aux cheveux naturels, méchés ou colorés. Temps de pause : 20 minutes. Couverture des cheveux blancs : jusqu'à 70%. Texture : crème onctueuse. Le résultat couleur dépend de votre couleur naturelle. Si vous hésitezentre deux nuances, choisissez la plus claire. Les colorants capillaires peuvent provoquer des réactions allergiques sévères. Ce produit n'est pas destiné à être utilisé sur les personnes de moins de seize ans. Les tatouages temporaires noirs à basede henné peuvent augmenter le risque d'allergie. Ne vous colorez pas les cheveux si vous présentez une éruption cutanée sur le visage ou si votre cuir chevelu est sensible, irrité ou abîmé, vous avez déjà fait une réaction après avoir coloré vos cheveux, vous avez fait par le passé une réaction à un tatouage temporaire noir à base de henné. Il est obligatoire de faire un test d'alerte allergie impérativement 48 heures avant chaque utilisation de ce produit. Le lait révélateur contient du peroxyde d'hydrogène. La crème colorante contient : de la résorcine, des phenylenediamine (toluènediamines). Eviter le contact avec les yeux, ne pas employer pour la coloration des cils et des sourcils. Rincer immédiatement et abondamment les yeux si le produit entre en contact avec ceux-ci. Porter les gants appropriés fournis dans l'étui. Bien rincer les cheveux après application. Attendre 15 jours après un défrisage, une permanente ou un lissage durable. Ne pas utiliser si vos cheveux ont été colorés || Crème colorant : aqua/water, cetearyl alcohol, propylene glycol, deceth 3, laureth 12, ethanolamine, oleth 30, lauric acid, polyquaternium 6, glycol distearate, sodium metasilicate, hexadimethrine chloride, silica dimethyl silylate (nano)/silica dimethyl silylate, ci 77491/iron oxides, ci 77891 / titanium dioxide, p aminophenol, ascorbic acid, mica, sodium metabisulfite, thiolactic acid, thioglycerin, toluene 2,5 diamine, 2 methyl 5 hydroxyethylaminophenol, pentasodium pentetate, carbomer, resorcinol, aprum/fragrance. Lait révélateur : aqua/water, hydrogen peroxide, cetearyl alcohol, sodium stannate, trideceth 2 carboxamide mea, pentasodium pentetate, phosphoric acid, ceteareth 25, tetrasodium pyrophosphate, glycerin. Soin nutri éclat à lagelée royale : aqua/water, cetearyl alcohol, behentrimonium chloride, peg 180, amodimethicone, cetyl esters, hydroxyethylcellulose, trideceth 6, chlorhexidine dihydrochloride, citronellol, hexyl cinnamal, amyl cinnamal, royal jelly, parfum/fragrance. || 
12,86€ / Pce || 
12,86 € || 
Casting Crème Gloss 634 Marron Miel || La boîte || Origine : FRANCE || Sa formule crème sans ammoniaque couvre de façon optimale les cheveux blancs. Pleine de nuances, elle recrée dans vos cheveux toute la richesse des vraies couleurs naturelles, avec des reflets visibles. C'est comme si votre couleur prenait vie. Le résultat est durable jusqu'à 28 shampooings et lla couleur reste naturelle et brillante. Casting crème gloss possède un complexe soin breveté et un soin terminal enrichi en gelée royale connu pour son pouvoir nutritif : Pendant la coloration, sa formule crème Renforce la fibre des cheveux colorés, à L'intérieur et en surface, pour une douceur Exceptionnelle, et un toucher voluptueux. Après la coloration, son nouveau soin enrichi en gelée royale connue pour ses vertus nutritives et régénérantes, apporte aux cheveux une brillance gloss longue durée, ils sont comme repulpés. || La coloration peut provoquer une réaction allergique qui, dans certains cas rares, peut être grave. Il est obligatoire, dans tous les cas, de faire un test d'allergie Cutanée impérativement 48 heures avant chaque utilisation de ce produit (se conformer à la notice). Le révélateur contient de l'eau oxygénée. Le produit colorant contient des diaminotoluènes, de la résorcine. Eviter le contact du produit avec la peau et les yeux, ne pas employer pour la coloration des cils et des sourcils. Ne pas suivre cette consigne peut entraîner la cécité. Rincer immédiatement et abondamment les yeux si le produit entre en contact avec ceux-ci. Porter les gants appropriés fournis dans l'étui. Bien rincer les cheveux après application. Ne pas utiliser si vos cheveux ont été colorés par du henné ou avec une coloration progressive. Tenir hors de la portée des enfants; || 1077667 - Crème colorante: Aqua/ water, cetearyl alcohol, propylene glycol, deceth-3, laureth-12, ethanolamine, oleth-30, lauric acid, p0lyquaternium-6, glycol distearate, sodium metasilicate, hexadimethrine chloride, silica dimethyl silylate, ci 77891 / titanium dioxide, ci 77491 / iron oxides, p-aminophenol, m-amin0phen0l, ascorbic acid, mica, thiolactic acid, t0luene-2.5-diamine, 2-methylres0rcin0l, 2-methyl-5-hydr0xyethylamin0phen0l, pentasodium pentetate, carbomer, resorcinol, parfum / fragrance. (c35008/1) 437046 - Lait revelateur : Aqua/water, hydrogen peroxide, cetearyl alcohol, sodium stannate, trideceth-2 carboxamide mea, pentasodium pentetate, phosphoric acid, ceteareth-25, tetrasodium pyrophosphate, glycerin. (c11321/9) 1051582- Soin nutri - éclat a la gelée royale: Aqua /water, cetearyl alcohol, behentrimonium chloride, peg-180, amodimethicone, cetyl esters hydr0xyethylcellul0se, trideceth-12, chlorhexidine dihydr0chl0ride, lim0nene, linal00l, benzyl alcohol, methylparaben, citric acid, cetrim0nium chloride, citr0nell0l, hexyl cinnamal, amyl cinnamal, royal jelly / royal jelly extract, parfum / fragrance. (c32434/1). || 
12,86€ / Pce || 
12,86 € || 
Casting Crème Gloss 734 Miel Ambré || La boîte || Origine : FRANCE || 
13,38€ / Pce || 
13,38 € || 
Casting Crème Gloss 801 Blond Vanille || La boîte || Origine : FRANCE || Enfin une gamme de blonds naturels et lumineux sans ammoniaque. Des cheveux incroyablement doux et brillants. Une application facile et agréable. || Convient aux cheveux naturels, méchés ou colors dans une nuance proche. Temps de pause 20 minutes. Déconseillé sur cheveux blancs. Important : la coloration peut provoquer une réaction allergique qui, dans certains cas rares, peut être grave. Il estdonc obligatoire, dans tous les cas, de faire un test d'allergie cutanée impérativement 48 heures avant chaque utilisation de ce produit (se conformer à la notice). Ne pas utiliser si : vous avez déjà réagi à un produit de coloration, vous avez le cuir chevelu irrité ou abîmé. Tatouage henné noir : si vous avez fait, même une seule fois, un tatouage au henné noir, vous risquez d'être devenue allergique sans le savoir. Ne pas utiliser ce produit sans avoir effectué le test d'allergie cutanée, 48heures avant l'utilisation du produit. Pensez à acheter votre produit à l'avance pour faire le test  d'allergie cutanée 48 heures avant. Le révélateur contient de l'eau oxygénée. Le produit colorant contient des diaminotoluènes, de la résorcine. Eviter le contact du produit avec la peau et les yeux, ne pas employer pour la coloration des cils et des sourcils. Ne pas suivre cette consigne peut entraîner la cécité. Rincer immédiatement et abondamment les yeux si le produit entre en contact avec ceux-ci. Porter les gants appropriés fournis dans un étui. Bien rincer les cheveux après application. Attendre 15 jours après un défrisage, une permanente ou un lissage durable pour appliquer la coloration. Ne pas utiliser si vos cheveux ont été coloré || Crème colorante : aqua/water, cetearyl alcohol, propylene glycol, deceth-3, laureth-12, ethanolamine, oleth-30, lauric acid, polyquaternium-6, glycol distearate, sodium metasilicate, hexadimethrine chloride, silica dimethyl silylate, Cl77891/titaniumdioxide, Cl77491/iron oxides, 2,4-diaminophenoxyethanol hci, m-aminophenol, ascorbic acid, mica, sodium metabisulfite, thiolactic acid, toluene-2.5-diamine, 2-methylresorcinol, pentasodium pentetate, carbomer, resorcinol, citrus medica limonum juice/lemon juice, parfum/fragrance. (C39447/1). Lait révélateur : aqua/water, hydrogen peroxide, cetearyl alcohol, sodium stannate, trideceth-2 carboxamide mea, pentasodium pentetate, phosphoric acid, ceteareth-25, tetrasodium pyrophosphate, glycerin. (C10550/12). Soin nutri-éclat à la gelée royale : aqua/water, cetearyl alcohol, behentrimonium chloride, peg-180, amodimethicone, cetyl esters, hydroxyethylcellulose, trideceth-12, chlorhexidine dihydrochloride, limonene, linalool, benzyl alcohol, methylparaben, citric acid, cetrimonium chloride, citronellol, hexyl cinnamal, amyl cinnamal, royal jelly/royal jelly extract, parfum/fragrance. (C32434/1) || 
13,38€ / Pce || 
13,38 € || 
Casting Crème Gloss 8304 Miel Soleil || La boîte || Origine : FRANCE || La nuance miel soleil sublime les blonds clairs et habille les blonds mèchés de reflets dorés subtilement réchauffés. Elle rehausse particulièrement bien le teint et les yeux clairs  irrésistible ! Les laboratoires de L'Oréal réinvente la colorationsans ammoniaque. Une couleur chatoyante, aux reflets brillants et visibles. Douceur et nutrition : des cheveux comme repulpés. Une application facile et agréable. Durable jusqu'à 28 shampooings. || Temps de pause : 20min. Important : la coloration peut provoquer une réaction allergique qui, dans certains cas rares, peut être grave. Il est donc obligatoire, dans tous les cas, de faire un test d'allergie cutanée impérativement 48 heures avant chaque utilisation de ce produit (se conformer à la notice). Ne pas utiliser si : vous avez déjà réagi à un produit de coloration, vous avez le cuir chevelu irrité ou abîmé. Tatouage henné noir : si vous avez fait, même une seule fois, un tatouage au henné noir, vous risquez d'être devenue allergique sans le savoir. Ne pas utiliser ce produit sans avoir effectué le test d'allergie cutanée, 48 heures avant l'utilisation du produit. Pensez à acheter votre produit à l'avance pour faire le test d'allergie cutanée 48 heures avant. Le révélateur contient de l'eau oxygénée. Le produit colorant contient des diaminotoluènes, de la résorcine. Eviter le contact du produit avec la peau et les yeux, ne pas employer pour la coloration des cils et des sourcils. Ne pas suivre cette consigne peut entraîner la cécité. Rincer immédiatement et abondamment les yeux si le produit entre en contact avec ceux-ci. Porter les gants appropriés fournis dans l'étui. Bien rincer les cheveux après application. Ne pas utiliser si vos cheveux ont été colorés par du henné ou avec une coloration progressive. Tenir hors de la portée des enfants. Ne pas utiliser chez l'enfant. || Crème colorante : aqua/water, cetearyl alcohol, propylene glycol, deceth-3, laureth-12, ethanolamine, oleth-30, lauric acid, polyquaternium-6, glycol distearate, sodium metasilicate, hexadimethrine chloride, silica dimethyl silylate, Cl77891/titaniumdioxide, Cl77491/iron oxides, p-aminophenol, m-aminophenol, ascorbic acid, mica, thiolactic acid, toluene-2.5-diamine, 2-methylresorcinol,2-methyl-5-hydroxyethylaminophenol, pentasodium pentetate, carbomer, resorcinol, parfum/fragrance. (C35006/1).Lait révélateur : aqua/water, hydrogen peroxide, cetearyl alcohol, sodium stannate, trideceth-2 carboxamide mea, pentasodium pentetate, phosphoric acid, ceteareth-25, tetrasodium pyrophosphate, glycerin. (C11321/9). Soin nutri-éclat à la gelée royale: aqua/water, cetearyl alcohol, behentrimonium chloride, peg-180, amodimethicone, cetyl esters, hydroxyethylcellulose, trideceth-12, chlorhexidine dihydrochloride, limonene, linalool, benzyl alcohol, methylparaben, citric acid, cetrimonium chloride,citronellol, hexyl cinnamal, amyl cinnamal, royal jelly/royal jelly extract, parfum/fragrance. (C32434/1). || 
13,38€ / Pce || 
13,38 € || 
Dédicace 25 Brun Profond || La boîte || Origine : FRANCE || Dédicace rehausse votre couleur en apportant des reflets profonds et naturels. || Aqua, peg-50 hydrogenated palmamide, hexylene glycol, glycerin, propylene glycol, deceth-5, HC blue NO2, hydroxyethylcellulose, lauric acid, HC violet NO2, HC blue NO14, HC yellow NO7, ethylparaben, aminomethyl propanol, 3-methylamino-4-nitrophenoxyethanol, 2-nitro-5-glycerylmethylaniline, linalool, propylparaben, isobutylparaben, disperse violet 1, methylparaben, butylparaben, parfum (C19624/4).  Sans ammoniaque. Sans oxydant. || 
258,57€ / L || 
9,05 € || 
Dédicace 42 Châtain || La boîte || Origine : FRANCE || Dédicace rehausse votre couleur en apportant des reflets profonds et naturels. || Aqua, peg-50 hydrogenated palmamide, hexylene glycol, glycerin, propylene glycol, deceth-5, hydroxyethylcellulose, HC blue NO2, lauric acid, HC violet NO2, HC yellow NO7, HC violet NO1, HC blue NO14, ethylparaben, 2-hydroxyethylamino-5-nitroanisole,aminomethyl propanol, 3-methylamino-4-nitrophenoxyethanol, 2-nitro-5-glycerylmethylaniline, linalool, propylparaben, isobutylparaben, disperse violet 1, methylparaben, butylparaben, parfum (C19626/4).  Sans ammoniaque. Sans oxydant. || 
258,57€ / L || 
9,05 € || 
Dédicace 44 Châtain Havane || La boîte || Origine : FRANCE || Formule douceur sans oxydant ni ammoniaque. Dédicace couvre vos premiers cheveux blancs, rehausse votre couleur et respecte vos cheveux. || Prêt à l'emploi sans mélange. Application facile. Durée : s'estompe progressivement en 6 à 8 shampooings. Temps de pause : 30 minutes. 6S'applique sur cheveux châtain, châtain foncé, brun, noir. Si vos cheveux sont décolorés ou très éclaircis, l'application de Dédicace est déconseillée. Choisissez une nuance proche de votre couleur naturelle pour un résultat optimal. N'éclaircit pas les cheveux. Important : la coloration peut provoquer une réaction allergique qui, dans certains cas rares, peut être grave. Il est donc indispensable de respecter les consignes suivantes : ne pas utiliser si vous avez déjà réagi à un produit de coloration, vous avez le cuir chevelu sensible, irrité ou abîmé. Faire un test d'allergie cutanée impérativement 48 heures avant chaque utilisation de ce produit (voir notice). Penser à acheter votre produit à l'avance. Eviter le contact du produit avec la peau et les yeux, ne pas employer pour la coloration des cils et des sourcils. Ne pas suivre cette consigne peut entraîner la cécité. Rincer immédiatement les yeux si le produit entre en contact avec ceux-ci. Porter des gants appropriés fournis dans l'étui. Bien rincer les cheveux après application. Ne pas laisser à la portée des enfants. Ne pas utiliser chezl'enfant. Se conformer à la notice. || Aqua/water, peg-50 hydrogenated palmamide, hexylene glycol, glycerin, propylene glycol, deceth-5, hydroxyethylcellulose, lauric acid, hc blue no 2, hc yellow no 7, hc red no 7, hc violet no 1, 4-amino-3-nitrophenol, 2-hydroxyethylamino-5-nitroanisole, aminomethyl propanol, 3-methylamino- 4-nitrophenoxyethanol, 3-nitro-p-hydroxyethylaminophenol, parfum/fragrance. (F.I.L. C33597/1) || 
270,57€ / L || 
9,47 € || 
Dédicace 54 Châtain Clair || La boîte || Origine : FRANCE || Dédicace rehausse votre couleur en apportant des reflets profonds et naturels. || Aqua, peg-50 hydrogenated palmamide, hexylene glycol, glycerin, propylene glycol, deceth-5, hydroxyethylcellulose, lauric acid, HC blue NO2, HC yellow NO10, HC blue NO14, HC violet NO1, HC yellow NO7, HC red NO3, ethylparaben, aminomethyl propanol, 3-methylamino-4-nitrophenoxyethanol, 2-nitro-5-glycerylmethylaniline, linalool, propylparaben, isobutylparaben, disperse violet 1, methylparaben, butylparaben, parfum (C19630/4).  Sans ammoniaque. Sans oxydant. || 
258,57€ / L || 
9,05 € || 
Dédicace 56 Châtain Clair Doré Cuivré || La boîte || Origine : FRANCE || Dédicace rehausse votre couleur en apportant des reflets profonds et naturels. || Aqua, peg-50 hydrogenated palmamide, hexylene glycol, glycerin, propylene glycol, deceth-5, hydroxyethylcellulose, lauric acid, HC blue NO2, HC yellow NO7, 4-amino-3-nitrophenol, ethylparaben, aminomethyl propanol, 3-methylamino-4-nitrophenoxyethanol, 2-nitro-5-glycerylmethylaniline, 3-nitro-p-hydroxyethylaminophenol, linalool, propylparaben, isobutylparaben, disperse violet 1, methylparaben, butylparaben, parfum (C20111/2).  Sans ammoniaque. Sans oxydant. || 
270,57€ / L || 
9,47 € || 
Dédicace 63 Blond Foncé Cendré || La boîte || Origine : FRANCE || Formule douceur. Sans oxydant ni ammoniaque. COUVERTURE DES PREMIERS CHEVEUX BLANCS : DÉDICACE permet une mise en beauté subtile et une couverture naturelle de vos premiers cheveux blancs. Pour un meilleur résultat, utilisez une nuance proche de votre couleur naturelle. COULEUR NATURELLE ET LUMINEUSE. DÉDICACE rehausse votre couleur en apportant des reflets profonds et naturels. DOUCEUR AU TOUCHER. DÉDICACE bénéficie d'une formule douce. Elle respecte la fibre capillaire et apporte brillance tout en préservant la douceur de vos cheveux. || CONSIGNES D'UTILISATION. IMPORTANT: LA COLORATION PEUT PROVOQUER UNE RÉACTION ALLERGIQUE QUI, DANS CERTAINS CAS RARES, PEUT ÊTRE GRAVE. IL EST DONC INDISPENSABLE DE RESPECTER LES CONSIGNES SUIVANTES : NE PAS UTILISER SI : - vous avez déjà réagi à unproduit de coloration. - vous avez le cuir chevelu sensible, irrité ou abîmé. FAIRE UN TEST D'ALLERGIE CUTANÉE IMPÉRATIVEMENT 48 HEURES AVANT CHAQUE UTILISATION DE CE PRODUIT (voir notice). PENSER À ACHETER VOTRE PRODUIT À L'AVANCE. Éviter le contactdu produit avec la peau et les yeux, ne pas employer pour la coloration des cils et des sourcils. Ne pas suivre cette consigne peut entraîner la cécité. Rincer immédiatement les yeux si le produit entre en contact avec ceux-ci. Porter les gants appropriés fournis dans l'étui. Bien rincer les cheveux après l'application. Ne pas laisser à la portée des enfants. Ne pas utiliser chez l'enfant. SE CONFORMER À LA NOTICE. || AQUA / WATER, PEG-50 HYDROGENATED PALMAMIDE, HEXYLENE GLYCOL, GLYCERIN PROPYLEN GLYCOL, DECETH-5, HYDROXYETHYLCELLULOSE, LAURIC ACID, HC BLUE NO 2, HC YELLOW NO 10, HC YELLOW NO 7, HC VIOLET NO 1, HC BLUE NO 14, ETHYLPARABEN, AMINOMETHYL PROPANOL, 3-METHYLAMIN-4-NITROPHENOXYETHANOL, 2-NITRO-5-GLYCERYL METHYLANILINE, LINALOOL, PROPYLPARABEN, ISOBUTYLPARABEN, DISPERSE VIOLET 1, METHYLPARABEN, BUTYLPARABEN, PARFUM / FRAGRANCE (C 19633/5). || 
258,57€ / L || 
9,05 € || 
Dédicace 72 Blond Naturel || La boîte || Origine : FRANCE || Formule douceur Sans oxydant ni ammoniaque. COUVERTURE DES PREMIERS CHEVEUX BLANCS. DÉDICACE permet une mise en beauté subtile et une couverture naturelle de vos premiers cheveux blancs. Pour un meilleur résultat, utilisez une nuance proche de votrecouleur naturelle. COULEUR NATURELLE ET LUMINEUSE. DÉDICACE rehausse votre couleur en apportant des reflets profonds et naturels. DOUCEUR AU TOUCHER. DÉDICACE bénéficie d'une formule douce. Elle respecte la fibre capillaire et apporte brillance touten préservant la douceur de vos cheveux. || CONSIGNES D'UTILISATION. IMPORTANT: LA COLORATION PEUT PROVOQUER UNE RÉACTION ALLERGIQUE QUI, DANS CERTAINS CAS RARES, PEUT ÊTRE GRAVE. IL EST DONC INDISPENSABLE DE RESPECTER LES CONSIGNES SUIVANTES : NE PAS UTILISER SI: - vous avez déjà réagi à un produit de coloration. - vous avez le cuir chevelu sensible, irrité ou abîmé. FAIRE UN TEST D'ALLERGIE CUTANÉE IMPÉRATIVEMENT 48 HEURES AVANT CHAQUE UTILISATION DE CE PRODUIT (voir notice). PENSER À ACHETER VOTRE PRODUT À L'AVANCE. Éviter le contact du produit avec la peau et les yeux, ne pas employer pour la coloration des cils et des sourcils. Ne pas suivre cette consigne peut entraîner la cécité. Rincer immédiatement les yeux si le produit entre en contact avec ceux-ci. Porter les gants appropriés fournis dans l'étui. Bien rincer les cheveux après l'application. Ne pas laisser à la portée des enfants. Ne pas utiliser chez l'enfant. || AQUA / WATER, PEG-50 HYDROGENATED PALMAMIDE, HEXYLENE GLYCOL, GLYCERIN, PROPYLENE GLYCOL, DECETH-5, HYDROXYETHYLCELLULOSE, LAURIC ACID, HC BLUE NO 2, HC YELLOW NO 10, HC YELLOW NO 7, HC VIOLET NO 1, ETHYLPARABEN, AMINOMETHYL PROPANOL, 3-METHYLAMINO-4-NITROPHENOXYETHANOL, LINALOOL, PROPYLPARABEN, ISOBUTYLPARABEN, DISPERSE VIOLET 1, METHYLPARABEN, BUTYLPARABEN, PARFUM / FRAGRANCE (C 19636/5). || 
276,29€ / L || 
9,67 € || 
Préférence 01 - Blond Très Très Clair Naturel || La boîte || Origine : BELGIQUE || Système breveté anti-terne jusqu'à 6 semaines d'éclat. Des blonds lumineux et subtils.Sa contenance augmentée permet jusqu'à 6 applications pour entretenir la beauté de votre couleur. Sa formule riche en filtre UV et en Vitamine E renouvelle à chaqueapplication l'éclat du 1er jour de votre coloration. Elle aide vos cheveux à garder une couleur éclatante, lumineuse, et des cheveux doux et soyeux. || Appliquez-le une fois par semaine pendant 6 semaines. Temps de pause 45 minutes. La coloration peut provoquer une réaction allergique qui, dans certains cas rares, peut être grave. Il est obligatoire, dans tous les cas, de faire un test d'allergie cutanée impérativement 48 heures avant chaque utilisation de ce produit. Ne pas utiliser si : vous avez déjà réagi à un produit de coloration, vous avez le cuir chevelu irrité ou abîmé. Tatouage henné noir : si vous avez fait, même une seule fois, un tatouage au henné noir, vous risquez d'être devenue allergique sans le savoir. Ne pas utiliser ce produit sans avoir effectué le test d'allergie cutanée, 48 heures avant l'utilisation du produit. Pensez à acheter votre produit à l'avance pour faire letest d'allergie cutanée 48 heures avant l'utilisation du produit. Le révélateur crème contient de l'eau oxygénée. Le shampooing colorant contient des diaminobenzènes, de la résorcine, de l'ammoniaque. Eviter le contact du produit avec la peau et lesyeux, ne pas employer pour la coloration des cils et des sourcils. Ne pas suivre cette consigne peut entraîner la cécité. Rincer immédiatement et abondamment les yeux si le produit entre en contact avec ceux-ci. Porter les gants appropriés fournis dans l'étui. Bien rincer les cheveux après application. Ne pas utiliser si vos cheveux ont été colorés par du henné ou une coloration progressive. Tenir hors de la portée des enfants. Ne pas utiliser chez l'enfant. || Shampooing colorant : aqua/water, cocamide mipa, octyldodecanol, benzyl alcohol, alcohol denat, ethanolamine, ammonium hydroxyde, oleth-30, hexadimethrine chloride, 2,4 diaminophenoxyethanol HCL, MEA laureth sulfate, hydroxypropyl BIS (N-hydroxyethyl-P-phenylenediamine) HCL, eugenol, ammonium thiolactate, linalool, isopropanolamine, p-phenylenediamine, alpha-isomethyl ionone, resorcinol EDTA, citronellol, erythorbic acid, parfum/fragrance. (C32254/1). Révélateur crème : Aqua/water, hydrogen peroxide, cetearyl alcohol, sodium stannate, trideceth-2 carboxamide MEA, pentasodium pentetate, phosphoric acid, ceteareth-25, tetrasodium pyrophosphate, glycerin. (C12793/21). Soin Sublimateur de couleur : aqua/water, cetearyl alcohol, glycerin, behentrimonium chloride, candelilla cera/candelilla wax, amodimethicone, cetyl esters, isopropyl alcohol, tocopheryl acetate, lecithin, tocopherol, oleth-10, phenoxyethanol, PPG-5-ceteth-20, ethylhexyl salicylate, ethylparaben, trideceth-12, chlorhexidinedihydrochloride, camphor benzalkonium methosulfate, limonene, linalool, benzyl alcohol, benzyl benzoate, phosphoric acid, geraniol, disodium cocoamphodipropionate, methylparaben, cetrimonium chloride, butylphenyl methylpropional, citronellol , hexylcinnamal, amyl cinnamal, parfum/ fragrance. (C18845/3). || 
13,54€ / Pce || 
13,54 € || 
Préférence 02 - Blond Très Très Clair Doré || La boîte || Origine : BELGIQUE || Les colorants brevetés haute résistance de préférence se fixent au coeur du cheveu, assurant des blonds lumineux et durables. Le soin sublimateur de couleur vous offre plusieurs applications qui renouvellent et prolongent l'éclat de votre coloration.Résultat: des racines aux pointes, une blondeur lumineuse et vivante, qui ne vire pas, ne s'affadit pas et garde son éclat jusqu'à 6 semaines. || La coloration peut provoquer une réaction allergique qui, dans certains cas rares, peut être grave. Il est donc indispensable de respecter les consignes suivantes : ne pas utiliser si vous avez déjà réagi à un produit de coloration, vous avez le cuirchevelu sensible, irrité ou abîmé. En cas de tatouage les risques d'allergie peuvent être accrus. Faire un test d'allergie cutanée impérativement 48 heures avant chaque utilisation de ce produit (voir notice). Pensez à acheter votre produit à l'avance.Evitez le contact du produit avec la peau et les  yeux.Ne pas employer pour la coloration des cils et des sourcils.Ne pas suivre cette consigne peut entraîner la cécité.Rincez immédiatement et abondamment les yeux si le produit entre en contact avec ceux-ci. Portez les gants appropriés fournis dans l'étui. Bien rincer les cheveux après application.Ne pas utilise r si vos cheveux ont été colorés par du henné ou une coloration progressive. Tenir hors de la portée des enfants.Ne pas utiliser chez l'enfant. Se conformer à la notice. || Shampooing colorant : oleic acid, aqua/water, cocamide mipa, octyldodecanol, benzyl alcohol, alcohol denat, ethanolamine, ammonium hydroxide, oleth-30, hexadimethrine chloride, mea-laureth sulfate, p-aminophenol, m-aminophenol, hydroxybenzomorpholine, phenyl methyl pyrazolone, 6-hydroxyindole, ammonium thiolactate, linalool, alpha-isomethyl ionone, p-phenylenediamine, geraniol, resorcinol, edta, citronellol, coumarin, erythorbic acid, parfum/fragrance. (c19914/2). Révélateur crème : aqua/water,hydrogen peroxide, cetearyl alcohol, sodium stannate, trideceth-2 carboxamide mea, pentasodium pentetate, ceteareth-30, tetrasodium pyrophosphate, glycerin. (c12793/19). Soin sublimateur de couleur : aqua/water, cetearyl alcohol, glycerin, behentrimonium chloride, candelilla cera/ candelilla wax, amodimethicone, cetyl esters, isopropyl alcohol, tocopheryl acetate, lecithin, tocopherol, oleth-10, phenoxyethanol, ppg-5-ceteth-20, ethylhexyl salicylate, ethylparaben, trideceth-12, chlorhexidine dihydrochloride, camphor benzalkonium methosulfate, limonene, linalool, benzyl alcohol, benzyl benzoate, phosphoric acid, geraniol, disodium cocoamphodipropionate, methylparaben, cetrimonium chloride, butylphenyl methylpropional, citronellol, hexyl cinnamal, amyl cinnamal, parfum/fragrance. (C18845/3). || 
13,54€ / Pce || 
13,54 € || 
Préférence 03 - Blond Très Très Clair Cendré || La boîte || Origine : FRANCE || Les Colorants Brevetés Haute Résistance de Préférence se fixent au coeur du cheveu assurant des blonds subtils, lumineux et durables.Le Soin Haute Brillance renouvelle et prolonge en 5 applications la brillance du 1er jour de votre coloration et garde vos cheveux doux et soyeux semaine après semaine. Résultat : des racines aux pointes, une blondeur exceptionnelle, lumineuse et vivante, qui ne vire pas, ne s'affadit pas, même au fil des shampooings. || Temps de pause 45 min. La coloration peut provoquer une réaction allergique qui, dans certains cas rares, peut être grave. il est donc indispensable de respecter les consignes suivantes : ne pas utiliser si : - vous avez déjà réagi à un produit de coloration. - vous avez le cuir chevelu sensible, irrité ou abîmé. En cas de tatouage les risques d'allergie peuvent être accrus. Faire un test d'allergie cutanée impérativement  48 heures avant chaque utilisation de ce produit (voir notice). Penser aacheter votre produit a l'avance. Le révélateur crème contient de l'eau oxygénée. Le shampooing colorant contient des diaminobenzènes, de la résorcine, de l'ammoniaque.  Eviter le contact du produit avec la peau et les yeux, ne pas employer pour la coloration des cils et des sourcils. Ne pas suivre cette consigne peut entraîner la cécité. Rincer immédiatement et abondamment les yeux si le produit entre en contact avec ceux-ci. Porter les gants appropriés fournis dans l'étui. Bien rincer les cheveux après application. Ne pas utiliser sur cheveux défrisés ou juste après une décoloration ou une permanente. Ne pas utiliser si vos cheveux ont été colorés par du henné ou une coloration progressive. Tenir hors de la portée des enfants. Ne pas utiliser chez l'enfant. Se conformer a la notice || Shampooing colorant : oleic acid, aqua / water, cocamide mipa, octyldodecanol, benzyl alcohol, alcohol denat., ethanolamine, ammonium hydroxide, oleth-30, hexadimethrine chloride, 2,4-diaminophenoxyethanol hci, mea-laureth sulfate, m-aminophenol, hydroxypropyl bis(n-hydroxyethyl-p-phenylenediamine) hcl, eugenol, ammonium thiolactate, linalool, isopropanolamine, p-phenylenediamine, alpha-isomethyl ionone, geraniol, resorcinol, edta, citronellol, erythorbic acid, parfum / fragrance. (C32253/1). Révélateur crème : aqua / water, hydrogen peroxide, cetearyl alcohol, sodium stannate, trideceth-2 carboxamide mea, pentasodium pentetate, phosphoric acid, ceteareth-25, tetrasodium pyrophosphate, glycerin. (C 12793/21). Soin : aqua / water, cetearyl alcohol, glycerin, behentrimonium chloride, candelilla cera / candelilla wax, amodimethicone, cetyl esters, isopropyl alcohol, tocopheryl acetate, lecithin, tocopherol, oleth-10, phenoxyethanol, ppg-5-ceteth-20,ethylhexyl salicylate, ethylparaben, trideceth-12, chlorhexidine dihydrochloride, camphor benzalkonium methosulfate, limonene, linalool, benzyl alcohol, benzyl benzoate, phosphoric acid, geraniol, disodium cocoamphodipropionate, methylparaben, cetrimonium chloride, butylphenyl methylpropional, citronellol, hexyl cinnamal, amyl cinnamal, parfum / fragrance. (C 18845/3) || 
13,54€ / Pce || 
13,54 € || 
Préférence 74 Mango - Cuivré Intense || La boîte || Origine : FRANCE || Les Colorants Brevetés Haute Résistance de Féria Préférence se fixent au coeur du cheveu pour une couleur animée de multiples reflets à la brillance scintillante, extralongue durée. Le Soin Sublimateur de Couleur vous offre plusieurs applications quirenouvellent l'éclat du 1er jour de votre coloration et gardent vos cheveux doux et soyeux.Résultat : une couleur qui ne vire pas et ne s'affadit pas. Elle reste vibrante, lumineuse et vivante et garde son éclat jusqu'à 6 semaines*. * Test Scientifique d'éclat après utilisation j du mélange colorant et du soin multi-applications, mené sur 6 semaines. || Important : la coloration peut provoquer une réaction allergique qui, dans certains cas rares, peut être grave. Il est obligatoire, dans tous les cas, de faire un test d'allergie cutanée impérativement 48 heures avant chaque utilisation de ce produit(se conformer à la notice). Ne pas utiliser si : - vous avez déjà réagi à un produit de coloration. - vous avez le cuir chevelu irrité ou abîmé. Tatouage henné noir : si vous avez fait, même une seule fois, un tatouage au henné noir, vous risquez d'être devenue allergique sans le savoir. Ne pas utiliser ce produit sans avoir effectué le test d'allergie cutanée, 48 heures avant l'utilisation du produit. Pensez à acheter votre produit à l'avance pour faire le test d'allergie cutanée 48 heures avant. Le révélateur contient de l'eau oxygénée. Le produit colorant contient : de la résorcine, de l'ammoniaque.  Eviter le contact du produit avec la peau et les yeux, ne pas employer pour la coloration des cils et des sourcils. Ne pas suivre cette consigne peut entraîner la cécité. Rincer immédiatement les yeux si le produit entre en contact avec ceux-ci. Porter les gants appropriés fournis dans l'étui. Bien rincer les cheveux après application. Ne pas utiliser juste après une décoloration, un défrisage ou une permanente. Ne pas utiliser si vos cheveux ont été colorés par du henné ou une coloration progressive. Tenir hors de la portée des enfants. Ne pas utiliser chez l'enfant. Se conformer a la notice. || 1055695 - shampooing colorant : Aqua / water trideceth-2 carboxamide mea propylene glycol Hexylene glycol peg-2 oleamine polyglyceryl-4 oleyl ether Oleyl alcohol alcohol denat. Ammonium hydroxide polyglyceryl-2 oleyl ether oleic acid sodium Diethylaminopropyl cocoaspartamide p-aminophenol 2-amin0-3-hydroxypyridine 4-amin0-2-hydr0xyt0luene sodium metabisulfite eugenol 6-hydr0xyind0le 2-methyl-5-hydroxyethylaminophenol ammonium acetate pentasodium pentetate linalool alpha-isomethyl ionone resorcinol citronellol erythorbic acid parfum / fragrance. (c 29110/1). 437047 - révélateur crème : Aqua/water hydrogen peroxide cetearyl alcohol sodium stannate trideceth-2 carboxamide mea pentasodium pentetate phosphoric acid ceteareth-25 tetrasodium pyrophosphate glycerin. (c10550/12). 487419 a - soin sublimateur de couleur : aqua / water cetearyl alcohol glycerin behentrimonium chloride candelilla cera / candelilla wax amodimethicone cetyl esters isopropyl alcohol tocopheryl acetate lecithin tocopherol oleth-10 phenoxyethanol ppg-5-ceteth-20 ethylhexyl salicylate ethylparaben trideceth-12 chlorhexidine dihydrochloride camphor benzalkonium methosulfate limonene linalool benzyl alcohol benzyl benzoate phosphoric acid geraniol cocoamphodipropionate methylparaben cetrimonium chloride butylphenyl methylpropional citronellol hexyl cinnamal amyl cinnamal parfum / fragrance. (c18845/3). || 
13,54€ / Pce || 
13,54 € || 
Préférence Abis Napoli - Noir || La boîte || Origine : BELGIQUE || Les Colorants Brevetés Haute Résistance de Préférence se fixent au coeur du cheveu assurant une couleur profonde, lumineuse et durable qui couvre vos cheveux blancs. Le Soin Sublimateur de Couleur vous offre plusieurs applications qui renouvellent l'éclat du 1er jour de votre coloration et gardent vos cheveux doux et soyeux. Résultat : des racines aux pointes, votre couleur ne vire pas et ne s'affadit pas. Elle reste sublime, lumineuse et vivante et garde son éclat jusqu'à 6 semaines*. || La coloration peut provoque une réaction allergique qui, dans certains cas rares, peut être grave. Il est obligatoire, dans tous les cas, de faire un test d'allergie cutanée impérativement 48 heures avant chaque utilisation de ce produit (se conformer à la notice). Ne pas utiliser si : - vous avez déjà réagi à un produit de coloration. - vous avez le cuir chevelu irrité ou abîmé. tatouage henné noir : si vous avez fait, même une seule fois, un tatouage au henné noir, vous risquez d'être devenueallergique sans le savoir. Ne pas utiliser ce produit sans avoir effectué le test d'allergie cutanée, 48 heures avant l'utilisation du produit. Pensez à acheter votre produit à l'avance pour faire le test d'allergie cutanée 48 heures avant. Le révélateur crème contient de l'eau oxygénée. Le shampooing colorant contient des diaminobenzènes, de la résorcine, de l'ammoniaque. Eviter le contact du produit avec la peau et les yeux, ne pas employer pour la coloration des cils et des sourcils. Ne passuivre cette consigne peut entraîner la cécité. Rincer immédiatement et abondamment les yeux si le produit entre en contact avec ceux-ci. Porter les gants appropriés fournis dans l'étui. Bien rincer les cheveux après application. Ne pas utiliser si vos cheveux ont été colorés par du henné ou une coloration progressive. Tenir hors de la portée des enfants. Ne pas utiliser chez l'enfant. Se conformer a la notice. || shampooing colorant : aqua / water, trideceth-2 carboxamide mea, propylene glycol, hexylene glycol, peg-2 oleamine, polyglyceryl-4 oleyl ether, oleyl alcohol, alcohol denat., polyglyceryl-2 oleyl ether, ammonium hydroxide, oleic acid, sodium diethylaminopropyl cocoaspartamide, p-phenylenediamine, 2,4-diaminophenoxyethanol hci, m-aminophenol, hydroxypropyl bis(n-hydroxyethyl-p-phenylenediamine) hci, eugenol, ammonium acetate, ammonium thiolactate, pentasodium pentetate, n,n-bis(2-hydr0xyethyl)-p-phenylenediamine sulfate, linalool, alpha-isomethyl ionone, resorcinol, citronellol, erythorbic acid, parfum / fragrance. (C32823/1) 178914 - révélateur crème : aqua / water, hydrogen peroxide, cetearyl alcohol, sodium stannate, trideceth-2 carboxamide mea, pentasodium pentetate, phosphoric acid, ceteareth-25, tetrasodium pyrophosphate, glycerin. (C13169/25) 487419 a - soin sublimateur de couleur : aqua / water, cetearyl alcohol, glycerin, behentrimonium chloride, candelilla cera / candelilla wax, amodimethicone, cetyl esters, isopropyl alcohol, tocopheryl acetate, lecithin, tocopherol, oleth-10, phenoxyethanol, ppg-5-ceteth-20, ethylhexyl salicylate, ethylparaben, trideceth-12, chlorhexidine dihydrochloride, camphor benzalkonium methosulfate, limonene, linalool, benzyl alcohol, benzyl benzoate, phosphoric acid, geraniol, disodium cocoamphodipropionate, methylparaben, cetrimonium chloride, butylphenyl methylpropional, citronellol, hexyl cinnamal, amyl cinnamal, parfum / fragrance. (c 18845/3) || 
13,79€ / Pce || 
13,79 € || 
Préférence B - Brasilia - Châtain Foncé || La boîte || Origine : FRANCE || Les colorants brevetés haute résistance de Préférence se fixent au coeur du cheveu assurant 1couleur profonde, lumineuse et durable qui couvre vos  cheveux blancs.Le soin sublimateur de Couleurvous offre plusieurs applic  ations qui renouvellent l'éclat du 1er jour de votre coloration et gardent vos cheveux doux et soyeux. Résultat: des racines aux pointes, votre couleur ne vire pas et ne s'affadit pas. Elle reste sublime, lumineuse et vivante et garde son éclat jusqu'à 6 semaines. || IMPORTANT : LA COLORATION PEUT PROVOQUER UNE RÉACTION ALERGIQUE QUI, DANS CERTAINS CAS RARES, PEUT ÊTRE GRAVE. IL EST DONC INDISPENSABLE DE RESPECTER LES CONSIGNES SUIVANTES : NE PAS UTILISER SI :  vous avez déjà réagi à un produit de coloration, vous avez le cuir chevelu sensible, irrité ou abîmé. EN CAS DE TATOUAGE les risques d'allergie peuvent être accrus. FAIRE UN TEST D'ALLERGIE CUTANEE IMPÉRATIVEMENT 48 HEURES AVANT CHAQUE UTILISATION DE CE PRODUIT (voir notice). PENSER À ACHETER VOTRE PRODUIT À L'AVANCE. Le révélateur crème contient de l'eau oxygénée. Le shampooing colorant contient des diaminobenzènes, de la résorcine, de l'ammoniaque. Évitez le contact du produit avec la peau et les yeux, ne pas employer pour la coloration des cils et des sourcils. Ne pas suivre cette consigne peut entraîner la cécité. Rincez immédiatement et abondamment les yeux si le produit entre en contact avec ceux-ci. Porter les gants appropriés fournis dans l'étui. Bien rincer les cheveux après application. Ne pas utiliser si vos cheveux ont été colorés par du henné ou une coloration progressive. Tenir hors de la portée des enfants. Ne pas utiliser chez l'enfant. || SHAMPOOING COLORANT : AQUA / WATER, TRIDECETH-2 CARBOXAMIDE MEA, PROPYLENE GLYCOL, HEXYLENE GLYCOL, PEG-2 OLEAMINE, POLYGLYCERYL-4 OLEYL ETHER, OLEYL ALCOHOL, ALCOHOL DENAT, AMMONIUM HYDROXIDE, POLYGLYCERYL-2 OLEYL ETHER, OLEIC ACID, SODIUM DIETHYLAMINOPROPYL COCOASPARTAMIDE, p-PHENYLENEDIAMINE, 2,4-DIAMINOPHENOXYETHANOL HCI, m-AMINOPHENOL, HYDROXYPROPYL BIS(N-HYDROXYETHYL-p-PHENYLENEDIAMINE) HCI, HYDROXYBENZOMORPHOLINE, PHENYL METHYL PYRAZOLONE, EUGENOL, AMMONIUM ACETATE, AMMONIUM THIOLACTATE,PENTASODIUM PENTETATE, N,N-BIS(2-HYDROXYETHYL)-p- PHENYLENEDIAMINE SULFATE, LINALOOL, ALPHA-ISOMETHYLIONONE, RESORCINOL, CITRONELLOL, ERYTHORBIC ACID, PARFUM / FRAGRANCE. (C16146/3) 178914 -RÉVÉLATEUR CRÈME : AQUA / WATER, HYDROGEN PEROXIDE, CETEARYLALCOHOL, SODIUM STANNATE, TRIDECETH-2 CARBOXAMIDE MEA, PENTASODIUM PENTETATE, CETEARETH-30, TETRASODIUM PYROPHOSPHATE, GLYCERIN. (C 13169/21) 487419 A - SOIN SUBLIMATEUR DE COULEUR : AQUA / WATER, CETEARYL ALCOHOL, GLYCERIN, BEHENTRIMONIUM CHLORIDE,CANDELILLA CERA / CANDELILLA WAX, AMODIMETHICONE, CETYL ESTERS, ISOPROPYL ALCOHOL, TOCOPHERYL ACETATE, LECITHIN, TOCOPHEROL, OLETH-10, PHENOXYETHANOL, PPG-5-CETETH-20, ETHYLHEXYL SALICYLATE, ETHYLPARABEN, TRIDECETH-12, CHLORHEXIDINE DIHYDROCHLORIDE,CAMPHOR BENZALKONIUM METHOSULFATE, LIMONENE, LINALOOL, BENZYL ALCOHOL, BENZYL BENZOATE, PHOSPHORIC ACID, GERANIOL, DISODIUM COCOAMPHODIPROPIONATE, METHYLPARABEN, CETRIMONIUM CHLORIDE, BUTYLPHENYL METHYLPROPIONAL, CITRONELLOL, HEXYL CINNAMAL, AMYL CINNAMAL, PARFUM / FRAGRANCE. (C 18845/3). || 
13,79€ / Pce || 
13,79 € || 
Préférence - Châtain Clair n°102 || La boîte de 138ml || Origine : FRANCE || Les Ombrés associent une technologie de crème éclaircissante à un complexe-soin au Nutri-Céramide pour un résultat sur-mesure et de cheveux brillants et soyeux. Les Ombrés de Préférence illuminent la couleur avec un effet naturel sans démarcation. || Non adapté aux cheveux blancs. Temps de pause : 25 à 45 min. Ce produit contient des persulfates. Il peut provoquer une réaction allergique qui dans certains cas rares, peut être grave. Ne pas utiliser si vous êtes sensible aux persulfates ou vous avez déjà réagi à un produit de décoloration. Si vous avez déjà fait une réaction après avoir coloré vos cheveux. Si votre cuir chevelu est sensible, irrité ou abimé. Le mélange décolorant contient de l'ammoniaque, du peroxyde d'hydrogène et des persulfates. Ne pas inhaler ou ingérer. En cas d'ingestion, ne pas induire le vomissement et consulter immédiatement un médecin. Porter les gants appropriés fournis dans l'étui. Eviter tout contact du produit avec les yeux et la peau. Ne pas employer pourla décoloration des cils et des sourcils ou pour tout autre usage que la décoloration des cheveux. Ne pas suivre cette consigne peut entrainer la cécité. Rincer immédiatement et abondamment les yeux si le produit entre en contact avec ceux-ci. Si vous portez des lentilles de contact, retirez-les avant de rincer vos yeux. Ne pas dépasser le temps de pause maximum préconisé puis rincer très soigneusement les cheveux à l'eau tiède. En cas de réaction telle que picotements intenses, boutons, sensation de brûlure du cuir chevelu ou gêne respiratoire, rincer immédiatement à l'eau tiède et stopper l'utilisation. Avant de refaire une décoloration, consulter un médecin. Ne pas utiliser sur des cheveux très fins et fragiles, sensibilisés, défrisés ou || 
14,00€ / Pce || 
14,00 € || 
Préférence - Châtain Clair n°104 || La boîte de 138ml || Origine : FRANCE || L'Ombré Intense associe une technologie de crème ultra-éclaicissante à un complexe-soin au Nutri-Céramide pour un résultat ombré plus intense et des cheveux brillants et soyeux. Les Ombrés de Préférence illuminent la couleur avec un effet naturel sans démarcation. || Non adapté aux cheveux blancs. Temps de pause : 25 à 45 min. Ce produit contient des persulfates. Il peut provoquer une réaction allergique qui dans certains cas rares, peut être grave. Ne pas utiliser si vous êtes sensible aux persulfates ou vous avez déjà réagi à un produit de décoloration. Si vous avez déjà fait une réaction après avoir coloré vos cheveux. Si votre cuir chevelu est sensible, irrité ou abimé. Le mélange décolorant contient de l'ammoniaque, du peroxyde d'hydrogène et des persulfates. Ne pas inhaler ou ingérer. En cas d'ingestion, ne pas induire le vomissement et consulter immédiatement un médecin. Porter les gants appropriés fournis dans l'étui. Eviter tout contact du produit avec les yeux et la peau. Ne pas employer pourla décoloration des cils et des sourcils ou pour tout autre usage que la décoloration des cheveux. Ne pas suivre cette consigne peut entrainer la cécité. Rincer immédiatement et abondamment les yeux si le produit entre en contact avec ceux-ci. Si vous portez des lentilles de contact, retirez les avant de rincer vos yeux. Ne pas dépasser le temps de pause maximum préconisé puis rincer très soigneusement les cheveux à l'eau tiède. En cas de réaction telle que picotements intenses, boutons, sensation de brûlure du cuir chevelu ou gêne respiratoire, rincer immédiatement à l'eau tiède et stopper l'utilisation. Avant de refaire une décoloration, consulter un médecin. Ne pas utiliser sur des cheveux très fins et fragiles, sensibilisés, défrisés ou || Poudre décolorante : potassium persulfate, sodium matasilicate, sodium persulfate, CI77891/titanium dioxide, edta, cyamopsis tetragonolobus gum/guar gum, hydrogenated polydecene, calcium stearate, (FIL C26485/7). Crème éclaircissante : aqua/water, ceteareth alcohol, propylene glycol, deceth-3, laureth-12, ammonium hydroxide, oleth-30, lauric acid, glycol distearate, polyquaternium-22, ethanolamine, silica dimethyl silylate, pentasodium pentetate, carbomer, parfum/fragrance, (FIL C29473/9). Révélateur crème : aqua/water, hydrogen peroxide, cetearyl alcohol, sodium stannate, trideceth-2 carboxamide MEA, pentasodium pentetate, ceteareth-30, tetrasodium pyrophosphate, glycerin. (C13169/25). Shampooing-soin nutri-céramide : aqua/water, sodium laureth sulfate, dimethicone, disodium cocoamphodiacetate, cetyl alcohol, hydroxystearyl cetyl ether, guar hydroxypropyltrimonium chloride, sodium benzoate, sodium chloride, sodium hydroxide, ppg-5-ceteth-20, salicylic acid, propylene glycol, 2-oleamido-1.3-octadecanediol, carbomer, citric acid, parfum/fragrance, (FIL C44041/1). || 
14,31€ / Pce || 
14,31 € || 
Préférence C Tahiti - Châtain || La boîte || Origine : BELGIQUE || L'Oréal Paris créé la couleur d'exception : une gamme de couleurs uniques et raffinées jamais ternes, jamais fades. || Shampooing colorant : aqua, trideceth-2 carboxamide mea, propylene glycol, hexylene glycol, peg-2 oleamine, polyglyceryl-4 oleyl ether, oleyl alcohol, alcohol denat., ammonium hydroxide, polyglyceryl-2 oleyl ether, oleic acid, sodium diethylaminopropyl cocoaspartamide, 2.4-diaminophenoxyethanol hci, m-aminophenol, sodium metabisulfite, hydroxypropyl bis (n-hydroxyethyl-p-phenylenediamine) hci, phenyl methyl pyrazolone, eugenol, ammonium acetate, pentasodium pentetate, n,n-bis(2-hydroxyethyl)-p-phenylenediamine sulfate, linalool, p-phenylenediamine, alpha-isomethyl ionone, resorcinol, citronellol, erythorbic acid, parfum. (C16147/2). Révélateur crème : aqua, hydrogen peroxide, cetearyl alcohol, sodium stannate, trideceth-2 carboxamide mea, pentasodium pentetate, ceteareth-30, tetrasodium pyrophosphate, glycerin (C13169/21). Soin haute brillance  : aqua, cetearyl alcohol, glycerin, behentrimonium chloride, candelilla cera/ candelilla wax, amodimethicone, cetyl esters, isopropyl alcohol,tocopheryl acetate, lecithin, tocopherol, oleth-10, phenoxyethanol, ppg-5-ceteth-20, ethylhexyl salicylate, ethylparaben, trideceth-12, chlorhexidine dihydrochloride, camphor benzalkonium methosulfate, limonene, linalool, benzyl alcohol, benzyl benzoate, phosphoric acid, geraniol, disodium cocoamphodipropionate, methylparaben, cetrimonium chloride, butylphenyl methylpropional, citronellol, hexyl cinnamal, amyl cinnamal. (C18845/3). Le révélateur crème contient de l'eau oxygénée. Le shampooing colorant contient des diaminobenzènes, de la résorcine, de l'ammoniaque. || 
13,54€ / Pce || 
13,54 € || 
Préférence E Bruges - Châtain Clair || La boîte || Origine : BELGIQUE || Les colorants brevetés haute résistance de Préférence se fixent au coeur du cheveu assurant une couleur profonde, lumineuse et durable qui couvre vos cheveux blancs. Le soin sublimateur de couleur vous offre plusieurs applications qui renouvellent l'éclat du 1er jour de votre coloration et gardent vos cheveux doux et soyeux. Résultat : des racines aux pointes, votre couleur ne vire pas et ne s'affadit pas. Elle reste sublime, lumineuse et vivante et garde son éclat jusqu'à 6 semaines. || CONSIGNES D'UTILISATION. IMPORTANT : LA COLORATION PEUT PROVOQUER UNE REACTION ALLERGIQUE QUI, DANS CERTAINS CAS RARES, PEUT ÊTRE GRAVE. IL EST DONC INDISPENSABLE DE RESPECTER LES CONSIGNES SUIVANTES : NE PAS UTILISER SI :  vous avez déjà réagi à unproduit de coloration.  Vous avez le cuir chevelu sensible, irrité ou abîmé. EN CAS DE TATOUAGE les risques d'allergie peuvent être accrus. FAIRE UN TEST D'ALLERGIE CUTANÉE IMPÉRATIVEMENT 48 HEURES AVANT CHAQUE UTILISATION DE CE PRODUIT (voir notice). PENSER À ACHETER VOTRE PRODUIT À L'AVANCE. Le révélateur crème contient de l'eau oxygénée. Le shampooing colorant contient des diaminobenzènes, de la résorcine, de l'ammoniaque. Éviter le contact du produita avec la peau et les yeux, ne pas employer pour la coloration des cils et des sourcils. Ne pas suivre cette consigne peut entraîner la cécité. Rincer immédiatement et abondamment les yeux si le produit entre en contact avec ceux-ci. Porteez les gants appropriés fournis dans l'étui. Bien rincer les cheveux après application. Ne pas utiliser si vos cheveux ont été colorés par du henné ou une coloration progressive.Tenir hors de la portée des enfants. Ne pas utiliser chez l'enfant. SE CONFORMER A LA NOTICE || SHAMPOOING COLORANT : AQUA / WATER, TRIDECETH-2 CARBOXAMIDE MEA, PROPYLENE GLYCOL, HEXYLENE GLYCOL, PEG-2 OLEAMINE, POLYGLYCERYL-4 OLEYL ETHER, OLEYL ALCOHOL, ALCOHOL DENAT., AMMONIUM HYDROXIDE, POLYGLYCERYL-2 OLEYL ETHER, OLEIC ACID, SODIUM DIETHYLAMINOPROPYL COCOASPARTAMIDE, 2,4-DIAMINOPHENOXYETHANOL HCI, m-AMINOPHENOL, SODIUM METABISULFITE, HYDROXYPROPYL BIS(N-HYDROXYETHYL-p-PHENYLENEDIAMINE) HCI, PHENYL METHYL PYRAZOLONE, EUGENOL, AMMONIUM ACETATE, p-METHYLAMINOPHENOL SULFATE, PENTASODIUM PENTETATE, LINALOOL, p-PHENYLENEDIAMINE, ALPHA-ISOMETHYL IONONE, RESORCINOL, CITRONELLOL, ERYTHORBIC ACID, PARFUM / FRAGRANCE. (C 21214/1) 178914 - RÉVÉLATEUR CRÈME : AQUA / WATER, HYDROGEN PEROXIDE, CETEARYL ALCOHOL, SODIUM STANNATE, TRIDECETH-2 CARBOXAMIDE MEA, PENTASODIUM PENTETATE, CETEARETH-30, TETRASODIUM PYROPHOSPHATE, GLYCERIN. (C 13169/21) 487419 A - SOIN SUBLIMATEUR DE COULEUR : AQUA / WATER, CETEARYL ALCOHOL, GLYCERIN, BEHENTRIMONIUM CHLORIDE, CANDELILLA CERA / CANDELILLA WAX, AMODIMETHICONE, CETYL ESTERS, ISOPROPYL ALCOHOL, TOCOPHERYL ACETATE, LECITHIN, TOCOPHEROL, OLETH-10, PHENOXYETHANOL, PPG-5-CETETH-20, ETHYLHEXYL SALICYLATE, ETHYLPARABEN, TRIDECETH-12, CHLORHEXIDINE DIHYDROCHLORIDE, CAMPHOR BENZALKONIUM METHOSULFATE,LIMONENE,LINALOOL, BENZYL ALCOHOL, BENZYL BENZOATE, PHOSPHORIC ACID, GERANIOL, DISODIUM COCOAMPHODIPROPIONATE, METHYLPARABEN, CETRIMONIUM CHLORIDE, BUTYLPHENYL METHYLPROPIONAL, CITRONELLOL, HEXYL CINNAMAL, AMYL CINNAMAL, PARFUM / FRAGRANCE. (C 18845/3) || 
13,54€ / Pce || 
13,54 € || 
Préférence G Virginie -  Châtain Clair Doré || La boîte || Origine : FRANCE || L'Oréal Paris créé la couleur d'exception : une gamme de couleurs uniques et raffinées jamais ternes, jamais fades. || Shampooing colorant : aqua, trideceth-2 carboxamide mea, propylene glycol, hexylene glycol, peg-2 oleamine, polyglyceryl-4 oleyl ether, oleyl alcohol, alcohol denat., ammonium hydroxide, polyglyceryl-2 oleyl ether, oleic acid, sodium diethylaminopropyl cocoaspartamide, m-aminophenol, p-aminophenol, sodium metabisulfite, phenyl methyl pyrazolone, eugenol, 6-hydroxyindole, ammonium acetate, 2-methylresorcinol, pentasodium pentetate, linalool, p-phenylenediamine, alpha-isomethyl ionone, resorcinol,citronellol, erythorbic acid, parfum. (C19899/2). Révélateur crème : aqua, hydrogen peroxide, cetearyl alcohol, sodium stannate, trideceth-2 carboxamide mea, pentasodium pentetate, ceteareth-30, tetrasodium pyrophosphate, glycerin (C13169/21). Soinhaute brillance  : aqua, cetearyl alcohol, glycerin, behentrimonium chloride, candelilla cera/ candelilla wax, amodimethicone, cetyl esters, isopropyl alcohol, tocopheryl acetate, lecithin, tocopherol, oleth-10, phenoxyethanol, ppg-5-ceteth-20, ethylhexyl salicylate, ethylparaben, trideceth-12, chlorhexidine dihydrochloride, camphor benzalkonium methosulfate, limonene, linalool, benzyl alcohol, benzyl benzoate, phosphoric acid, geraniol, disodium cocoamphodipropionate, methylparaben, cetrimoniumchloride, butylphenyl methylpropional, citronellol, hexyl cinnamal, amyl cinnamal. (C18845/3). Le révélateur crème contient de l'eau oxygénée. Le shampooing colorant contient des diaminobenzènes, de la résorcine, de l'ammoniaque. || 
13,54€ / Pce || 
13,54 € || 
Préférence M1 Caracas - Marron Profond || La boîte || Origine : FRANCE || Les colorants brevetés haute résistance de Préférence se fixent au coeur du cheveu assurant une couleur profonde, lumineuse et durable qui couvre vos cheveux blancs. Le soin sublimateur de couleur vous offre plusieurs applications qui renouvellent l'éclat du 1er jour de votre coloration et gardent vos cheveux doux et soyeux. Résultat : des racines aux pointes, votre couleur ne vire pas et ne s'affadit pas. Elle reste sublime, lumineuse et vivante et garde son éclat jusqu'à 6 semaines. || CONSIGNES D'UTILISATION: IMPORTANT : LA COLORATION PEUT PROVOQUER UNE RÉACTION ALLERGIQUE QUI, DANS CERTAINS CAS RARES, PEUT ÊTRE GRAVE. IL EST DONC INDISPENSABLE DE RESPECTER LES CONSIGNES SUIVANTES : NE PAS UTILISER SI : vous avez déjà réagi à un produit de coloration. Vous avez le cuir chevelu sensible, irrité ou abîmé. EN CAS DE TATOUAGE les risques d'allergie peuvent être accrus. FAIRE UN TEST D'ALLERGIE CUTANÉE IMPÉRATIVEMENT 48 HEURES AVANT CHAQUE UTILISATION DE CE PRODUIT (voir notice).PENSEZ À ACHETER VOTRE PRODUIT À L'AVANCE. Le révélateur crème contient de l'eau oxygénée. Le shampooing colorant contient des diaminobenzènes, de la résorcine, de l'ammoniaque. Évitez le contact du produit avec la peau et les yeux, ne pas employer pour la coloration des cils et des sourcils. Ne pas suivre cette consigne peut entraîner la cécité. Rincez immédiatement et abondamment les yeux si le produit entre en contact avec ceux-ci. Porter les gants appropriés fournis dans l'étui. Bien rincerles cheveux après application. Ne pas utiliser si vos cheveux ont été colorés par du henné ou une coloration progressive. Tenir hors de la portée des enfants. Ne pas utiliser chez l'enfant. SE CONFORMER A LA NOTICE. || SHAMPOOING COLORANT : AQUA / WATER. TRIDECETH-2 CARBOXAMIDE MEA. PROPYLENE GLYCOL HEXYLENE GLYCOL. PEG-2 OLEAMINE .POLYGLYCERYL-4 OLEYL ETHER . OLEYL ALCOHOL . ALCOHOL DENAT. AMMONIUM HYDROXIDE. POLYGLYCERYL-2 OLEYL ETHER. OLEIC ACID .SODIUM DIETHYLAMINOPROPYL COCOASPARTAMIDE .2,4-DIAMINOPHENOXYETHANOL HCI . p-AMINOPHENOL .m-AMINOPHENOL. 4-AMINO-2-HYDROXYTOLUENE. SODIUM METABISULFITE. PHENYL METHYL PYRAZOLONE. EUGENOL. 6-HYDROXYINDOLE. AMMONIUM ACETATE. PENTASODIUM PENTETATE. LINALOOL. p-PHENYLENEDIAMINE. ALPHA-ISOMETHYL IONONE. RESORCINOL. CITRONELLOL. ERYTHORBIC ACID. PARFUM/FRAGRANCE. (C16174/2). 178914-RÉVÉLATEUR CRÈME: AQUA / WATER. HYDROGEN PEROXIDE. CETEARYL ALCOHOL. SODIUM STANNATE. TRIDECETH-2 CARBOXAMIDE MEA. PENTASODIUM PENTETATE. CETEARETH-30. TETRASODIUM PYROPHOSPHATE. GLYCERIN. (C 13169/21) 487419 A - SOIN SUBLIMATEUR DE COULEUR : AQUA/WATER. CETEARYL ALCOHOL. GLYCERIN. BEHENTRIMONIUM CHLORIDE. CANDEULLA CERA / CANDEULLA WAX. AMODIMETHICONE.CETYL ESTERS. ISOPROPYL ALCOHOL. TOCOPHERYL ACETATE. LECITHIN. TOCOPHEROL. OLETH-10. PHENOXYETHANOL. PPG-5-CETETH-20. ETHYLHEXYL SALICYLATE. ETHYLPARABEN. TRIDECETH-12. CHLORHEXIDINE DIHYDROCHLORIDE. CAMPHOR BENZALKONIUM METHOSULFATE .LIMONENE. LINALOOL. BENZYL ALCOHOL. BENZYL BENZOATE. PHOSPHORIC ACID. GERANIOL. DISODIUM COCOAMPHODIPROPIONATE. METHYLPARABEN. CETRIMONIUM CHLORIDE. BUTYLPHENYL METHYLPROPIONAL.CITRONELLOL. HEXYL CINNAMAL. AMYL CINNAMAL.PARFUM / FRAGRANCE. (C 18845/3). || 
13,54€ / Pce || 
13,54 € || 
568 Brun châtaigne, Coloration permanente || La boite de 165ml || Origine : ALLEMAGNE || 
10,91€ / Pce || 
10,91 € || 
600 Châtain clair, Coloration permanente || La boite de 165ml || Origine : ALLEMAGNE || 
11,01€ / Pce || 
11,01 € || 
100 noir, Coloration permanente soin || La boîte de 165ml || Origine : ALLEMAGNE || 
11,01€ / Pce || 
11,01 € || 
1100 éclaircissante léger, Mousse éclaircissante || La boite de 92,5ml || Origine : ALLEMAGNE || Mousse éclaircissante permanente pour un blond durable d'une brillance intense. Eclaircit jusqu'à 4 tons pour des cheveux éclatants de beauté. Le masque soin enrichi en huile d'Argan apporte aux cheveux un soin intense et un éclat Glossy. || Un dosage et une application simples grâce à sa pompe adaptée et sa texture mousse - ne coule pas. Couverture parfaite des cheveux blancs pour un blond impeccable et durable. Cet étui contient : 1 flacon applicateur avec l'émulsion révélatrice de 35ml, 1 flacon gel éclaircissant de 35 ml, 1 sachet de masque soin de 22,5 ml, 1 pompe, 1 mode d'emploi, 1 paire de gants. Cette nuance convient si le pourcentage de cheveux blancs n'excède pas 30% de la chevelure. Pour une application localisée sur les racines : mélangez le gel éclaircissant et la poudre décolorante à l'émulsion. Actionnez la pompe et recueillez la mousse directement dans vos mains gantées. Répartissez tout simplement la mousse sur les cheveux secs. L'application à l'arrière de la tête et sur les tempes est très facile. Enfin, massez la mousse dans vos cheveux - aussi facile qu'un shampooing. Utilisez la totalité du mélange pour un blond riche et éclatant de beauté. Nous vous recommandons l'utilisation de deux boîtes pour les cheveux longs (en dessous des épaules). Les décolorants capillaires peuvent provoquer des réactions allergiques sévères. Ce produit n'est pas destiné à être utilisé sur les personnes de moins de seize ans. Les tatouages temporaires noirs à base dehenné peuvent augmenter le risque d'allergie. Ne vous décolorez pas les cheveux : si vous présentez une éruption cutanée sur le visage ou si votre cuir chevelu est sensible, irrité ou abîmé, si vous avez déjà fait une réaction après avoir coloré/déco || Gel éclaircissant : aqua (water, eau), coco-glucoside, éthanol amine, coco-betaine, ceteareth-20, sodium chloride, poly quaternium 22, cetrimonium chloride, cetyl alcohol, serine, potassium hydroxide, parfum (fragrance), pvp, ammonium sulfate, tetrasodium edta, tetramethyl acetyloctahydro naphthalenes, citric acid, plankton extract, phenoxyethanol. Emulsion révélatrice : aqua (water, eau), hydrogen peroxide, etidronic acid, acrylates copolymer, sodium laureth sulfate, sodium hydroxyde, 2,6 dicarboxypyridine, disodium pyrophosphate. Masque soin : Aqua (water, eau), cetearyl alcohol, behentrimonium chloride, glycol distearate, dimethicone, distearoyl ethyl hydroxyethylmonium methosulfate, dicaprylyl carbonate, argania spinosa kernel oil, cocos nucifera (coconut) fruit extract, panthenol, cocodimonium hydroxypropyl hydrolyzed keratin, hydrolyzed keratin, glycerin, isopropyl alcohol, phenoxyethanol, methylparaben, parfum (fragrance), polyquaternium-67, propylene glycol, citric acid, butylphenyl methylpropional, hexyl cinnamal, alpha-isomethyl ionone, linalool. || 
11,11€ / Pce || 
11,11 € || 
300 Brun noir, coloration permanente || La boîte de 92,5ml || Origine : ALLEMAGNE || La première coloration mousse permanente de Schwarzkopf sans ammoniaque particulièrement simple et douce. Une couleur douce et lumineuse. Application simple et agréable. Soin réparateur pour des cheveux forts et souples. || Les colorants capillaires peuvent provoquer des réactions allergiques sévères. Lire et suivre les instructions. Ce produit n'est pas destiné à être utilisé sur les personnes de moins de seize ans. Les tatouages temporaires noirs à base de henné peuvent augmenter le risque d'allergie. Ne vous colorez pas les cheveux si : vous présentez une éruption cutanée sur le visage ou si votre cuir chevelu est sensible, irrité ou abîmé, vous avez déjà fait une réaction après avoir coloré vos cheveux, vous avez fait par le passé une réaction à un tatouage temporaire noir à base de henné. Contient de l'eau oxygénée, des phénylènediamines (toluènediamines) et de la résorcine. Voir sous l'étui la liste complète des ingrédients. Eviter le contact du produitavec les yeux. Rincer immédiatement les yeux si le produit entre en contact avec ceux-ci. Ne pas utiliser pour teindre les cils ou les sourcils. Bien rincer les cheveux après application. Porter des gants appropriés. Effectuez un test d'alerte d'allergie 48h avant toute application d'une coloration (se référer au mode d'emploi du produit), même si vous avez déjà utilisé des produits de coloration auparavant. Pensez donc à acheter le produit 48h à l'avance. En cas de précédente réaction à un produit de coloration ou en cas de doute, consultez un médecin avant d'utiliser tout produit colorant. Garder hors de la portée des enfants. || Gel colorant : aqua, coco-glucoside, coco-betaine, ethanol aminé, toluene-2,5-diamine sulfate, peg-60 hydrogenated castor oil, sodium chloride, polyquaternium-22, resorcinol, plankton extract, serine, m-aminophenol, sodium sulfite, tetrasodium edta,2-amino-4-hydroxyethylaminoanisole sulfate, ascorbic acid, parfum. Emulsion révélatrice : aqua, hydrogen peroxide, etidronic 3 acid, acrylates copolymer, sodium laureth sulfate, sodium 3 hydroxide, 2,6-dicarboxypyridine, disodium pyrophosphate. Baumesoin réparateur : aqua, cetearyl alcohol, behentrimonium chloride, glycol distearate, dimethicone, distearoylethyl hydroxyethylmonium methosulfate, panthenol, hydrolyzed soy protein, vanilla planifolia fruit extract, dicaprylyl carbonate, isopropylalcohol, phenoxyethanol, propylene glycol, methylparaben, polyquaternium-37, parfum, propylene glycol dicaprylate/dicaprate, butylphenyl methyl propional, hexyl cinnamal, ppg-1 trideceth-6, linalool, citric acid, geraniol, citronellol. || 
11,22€ / Pce || 
11,22 € || 
300 Brun noir, Coloration permanente soin || La boîte de 165ml || Origine : ALLEMAGNE || 
10,91€ / Pce || 
10,91 € || 
400 Châtain foncé, Coloration permanente || La boîte de 145ml || Origine : ALLEMAGNE || La texture unique de Color Mask, présentée dans un pot s'inspire de celle d'un masque soin. Sa formule offre une couleur éclatante, ultra-riche et une brillance glossy pour plusieurs semaines. Color Mask couvre parfaitement les cheveux blancs. Grâceà sa texture incroyablement onctueuse, la formule colorante peut être appliquée facilement à la main. Pour une application précise, rapide et simple, même sur l'arrière de la tête. 90% des utilisatrices sont satisfaites : le mélange ne coule pas. Lerésultat : des cheveux intensément nourris, à l'éclat glossy, incroyablement doux au toucher, agréablement parfumés. || Les colorants capillaires peuvent provoquer des réactions allergiques sévères. Lire et suivre les instructions. Ce produit n'est pas destiné à être utilisé sur les personnes de moins de seize ans. Les tatouages temporaires noirs à base de henné peuvent augmenter le risque d'allergie. Ne vous colorez pas les cheveux si : vous présentez une éruption cutanée sur le visage ou si votre cuir chevelu est sensible, irrité ou abîmé, vous avez déjà fait une réaction après avoir coloré vos cheveux, vous avez fait par le passé une réaction à un tatouage temporaire noir à base de henné. Contient : de l'eau oxygénée, des phénylènediamines (toluènediamines) et de la résorcine. Eviter le contact du produit avec les yeux. Rincer immédiatement les yeux si le produit entre en contact avec ceux-ci. Ne pas utiliser pour teindre les cils ou les sourcils. Bien rincer les cheveux après application. Porter des gants appropriés. Effectuez un test d'alerte d'allergie 48 h avant toute application d'une coloration (se référer au mode d'emploi du produit), même si vous avez déjà utilisé des produits de coloration auparavant. Pensez donc à acheter le produit 48 h à l'avance. En cas de précédente réaction à un produit de coloration ou en cas de doute, consultezun médecin avant d'utiliser tout produit colorant. Garder hors de la portée des enfants. || Crème colorante : aqua, cetearyl alcohol, ammonium hydroxide, glyceryl stearate, ceteareth-20, toluene-2,5-diamine sulfate, octyldodecanol, serine, linoleamidopropyl pg-dimonium chloride phosphate, sodium laureth sulfate, resorcinol, potassium hydroxide, sodium cetearyl sulfate, parfum, oleic acid silica, m-aminophenol, potassium stearate, glycerin, sodium sulfite, tetrasodium edta, carbomer, ascorbic acid, 2-amino-4-hydroxyethylaminoanisole sulfate, propylene glycol sodium sulfate, benzoic acid. Crème révélatrice : aqua hydrogen peroxide, cetearyl alcohol, propylene glycol, ceteareth-20, steartrimonium chloride, paraffinum liquidum, parfum, etidronic acid, 2,6-dicarboxypyridine, disodium pyrophosphate, potassium hydroxide, isopropyl alcohol, tetramethyl acetyloctahydronaphthalenes, citronellol, geraniol. Masque soin : aqua, cetearyl alcohol, quaternium-87, sodium pca, prunus armeniaca kernel oil, panthenol, propylene glycol, isopropyl myristate, distearoylethyl hydroxyethylmonium methosulfate, citric acid, phenoxyethanol, stearamidopropyl dimethylamine, polyquaternium-37, parfum, ceteareth-20, glyceryl stearate, sodium methylparaben, propylene glycol, dicaprylate/dicaprate, ppg-1 trideceth-6. || 
11,22€ / Pce || 
11,22 € || 
400 Châtain foncé, Coloration permanente soin || La boîte de 165ml || Origine : ALLEMAGNE || 
11,01€ / Pce || 
11,01 € || 
468 Châtain chocolat, Coloration permanente soin || La boîte de 165ml || Origine : ALLEMAGNE || 
11,01€ / Pce || 
11,01 € || 
499 Cerise noire, Coloration permanente soin || La boîte de 165ml || Origine : ALLEMAGNE || 
10,91€ / Pce || 
10,91 € || 
500 Châtain naturel, Coloration permanente soin || La boîte de 165ml || Origine : ALLEMAGNE || 
11,01€ / Pce || 
11,01 € || 
568 Châtain noisette, Coloration permanente || La boîte de 145ml || Origine : ALLEMAGNE || La texture unique de Color Mask, présentée dans un pot s'inspire de celle d'un masque soin. Sa formule offre une couleur éclatante, ultra-riche et une brillance glossy pour plusieurs semaines. Color Mask couvre parfaitement les cheveux blancs. Grâceà sa texture incroyablement onctueuse, la formule colorante peut être appliquée facilement à la main. Pour une application précise, rapide et simple, même sur l'arrière de la tête. 90% des utilisatrices sont satisfaites : le mélange ne coule pas. Lerésultat : des cheveux intensément nourris, à l'éclat glossy, incroyablement doux au toucher, agréablement parfumés. || Les colorants capillaires peuvent provoquer des réactions allergiques sévères. Lire et suivre les instructions. Ce produit n'est pas destiné à être utilisé sur les personnes de moins de seize ans. Les tatouages temporaires noirs à base de henné peuvent augmenter le risque d'allergie. Ne vous colorez pas les cheveux si : vous présentez une éruption cutanée sur le visage ou si votre cuir chevelu est sensible, irrité ou abîmé, vous avez déjà fait une réaction après avoir coloré vos cheveux, vous avez fait par le passé une réaction à un tatouage temporaire noir à base de henné. Contient : de l'eau oxygénée, des phénylènediamines (toluènediamines) et de la résorcine. Eviter le contact du produit avec les yeux. Rincer immédiatement les yeux si le produit entre en contact avec ceux-ci. Ne pas utiliser pour teindre les cils ou les sourcils. Bien rincer les cheveux après application. Porter des gants appropriés. Effectuez un test d'alerte d'allergie 48 h avant toute application d'une coloration (se référer au mode d'emploi du produit), même si vous avez déjà utilisé des produits de coloration auparavant. Pensez donc à acheter le produit 48 h à l'avance. En cas de précédente réaction à un produit de coloration ou en cas de doute, consultezun médecin avant d'utiliser tout produit colorant. Garder hors de la portée des enfants. || Crème colorante : aqua, cetearyl alcohol, ammonium hydroxide, glyceryl stearate, ceteareth-20, octyldodecanol, toluene-2,5-diamine sulfate, serine, linoleamidopropyl pg-dimonium chloride phosphate, sodium laureth sulfate, sodium cetearyl sulfate, potassium hydroxide, parfum, oleic acid, resorcinol, silica, potassium stearate, glycerin, sodium sulfite, tetrasodium edta, 2-methylresorcinol, carbomer, 2-amino-3-hydroxypyridine, ascorbic acid, m-aminophenol, propylene glycol, sodium sulfate, benzoicacid. Crème révélatrice : aqua, hydrogen peroxide, cetearyl alcohol, propylene glycol, ceteareth-20, steartrimonium chloride, paraffinum liquidum, parfum, etidronic acid, 2,6-dicarboxypyridine, disodium pyrophosphate, potassium hydroxide, isopropylalcohol tetramethyl acetyloctahydronaphthalenes, citronellol, geraniol. Masque soin : aqua, cetearyl alcohol quaternium-87, sodium pca, prunus armeniaca kernel oil, panthenol, propylene glycol, isopropyl myristate, distearoylethyl hydroxyethylmoniummethosulfate, citric acid phenoxyethanol, stearamidopropyl dimethylamine, polyquaternium-37, parfum, ceteareth-20, glyceryl stearate, sodium methylparaben, propylene, glycol dicaprylate/dicaprate, ppg-1 trideceth-6. || 
11,22€ / Pce || 
11,22 € || 
662 Brun nougat, Coloration permanente soin || La boîte de 165ml || Origine : ALLEMAGNE || 
11,01€ / Pce || 
11,01 € || 
665 Châtain clair doré, Coloration permanente || La boîte de 145ml || Origine : ALLEMAGNE || La texture unique de Color Mask, présentée dans un pot s'inspire de celle d'un masque soin. Sa formule offre une couleur éclatante, ultra-riche et une brillance glossy pour plusieurs semaines. Color Mask couvre parfaitement les cheveux blancs. Grâceà sa texture incroyablement onctueuse, la formule colorante peut être appliquée facilement à la main. Pour une application précise, rapide et simple, même sur l'arrière de la tête. 90% des utilisatrices sont satisfaites : le mélange ne coule pas. Lerésultat : des cheveux intensément nourris, à l'éclat glossy, incroyablement doux au toucher, agréablement parfumés. || Les colorants capillaires peuvent provoquer des réactions allergiques sévères. Lire et suivre les instructions. Ce produit n'est pas destiné à être utilisé sur les personnes de moins de seize ans. Les tatouages temporaires noirs à base de henné peuvent augmenter le risque d'allergie. Ne vous colorez pas les cheveux si : vous présentez une éruption cutanée sur le visage ou si votre cuir chevelu est sensible, irrité ou abîmé, vous avez déjà fait une réaction après avoir coloré vos cheveux, vous avez fait par le passé une réaction à un tatouage temporaire noir à base de henné. Contient : de l'eau oxygénée, des phénylènediamines (toluènediamines) et de la résorcine. Eviter le contact du produit avec les yeux. Rincer immédiatement les yeux si le produit entre en contact avec ceux-ci. Ne pas utiliser pour teindre les cils ou les sourcils. Bien rincer les cheveux après application. Porter des gants appropriés. Effectuez un test d'alerte d'allergie 48 h avant toute application d'une coloration (se référer au mode d'emploi du produit), même si vous avez déjà utilisé des produits de coloration auparavant. Pensez donc à acheter le produit 48 h à l'avance. En cas de précédente réaction à un produit de coloration ou en cas de doute, consultezun médecin avant d'utiliser tout produit colorant. Garder hors de la portée des enfants. || Crème colorante : aqua, cetearyl alcohol, ammonium hydroxide, glyceryl stearate, ceteareth-20, octyldodecanol, serine, linoleamidopropyl pg- dimonium chloride phosphate, sodium laureth sulfate, toluene-2,5-diamine sulfate, sodium cetearyl sulfate, parfum, potassium hydroxide, oleic acid, silica potassium stearate, glycerin, sodium sulfite, resorcinol, tetrasodium edta, carbomer, 2-methylresorcinol 4-chlororesorcinol, ascorbic acid 2-amino-3-hydroxypyridine, propylene glycol, sodium sulfate, m-aminophenol, benzoic acid. Crème révélatrice : aqua, hydrogen peroxide, cetearyl alcohol, propylene glycol, ceteareth-20, steartrimonium chloride, paraffinum liquidum, parfum, etidronic acid, 2,6-dicarboxypyridine, disodium pyrophosphate, potassium hydroxide, isopropyl alcohol tetramethyl acetyloctahydronaphthalenes, citronellol, geraniol. Masque soin : aqua, cetearyl alcohol quaternium-87, sodium pca, prunus armeniaca kernel oil, panthenol, propylene glycol, isopropyl myristate, distearoylethyl hydroxyethylmonium methosulfate, citric acid phenoxyethanol, stearamidopropyl dimethylamine, polyquaternium-37, parfum, ceteareth-20, glyceryl stearate, sodium methylparaben, propylene, glycol dicaprylate/dicaprate, ppg-1 trideceth-6. || 
11,22€ / Pce || 
11,22 € || 
668 Noisette, Coloration permanente soin || La boîte de 165ml || Origine : ALLEMAGNE || 
11,01€ / Pce || 
11,01 € || 
755 Blond doré foncé, Coloration permanente soin || La boîte de 165ml || Origine : ALLEMAGNE || 
11,01€ / Pce || 
11,01 € || 
845 Blond praline, Coloration permanente soin || La boîte de 165ml || Origine : ALLEMAGNE || 
10,91€ / Pce || 
10,91 € || 
Acajou 586, Coloration permanente || La boîte de 92,5ml || Origine : ALLEMAGNE || La première coloration mousse permanente de Schwarzkopf sans ammoniaque particulièrement simple et douce. Une couleur douce et lumineuse. Application simple et agréable.Soin réparateur pour des cheveux forts et souples. || Mélangez le gel colorant à l'émulsion en retournant le flacon vers le bas une seule fois puis, actionnez la pompe et recueillez la mousse dans vos mains. Répartissez la mousse tout simplement sur cheveux secs. L'application à l'arrière de la tête etsur les tempes est très facile. La texture mousse ne coule pas. Enfin, massez la mousse dans vos cheveux, aussi facilement que lors d'un shampooing. Utilisez la totalité du mélange pour une couleur riche et éclatante de beauté. Nous recommandons l'utilisation de deux boîtes pour les cheveux longs (en dessous des épaules). Les colorants capillaires peuvent provoquer des réactions allergiques sévères. Lire et suivre les instructions. Ce produit n'est pas destiné à être utilisé sur les personnes demoins de seize ans. Les tatouages temporaires noirs à base de henné peuvent augmenter le risque d'allergie. Ne vous colorez pas les cheveux si : vous présentez une éruption cutanée sur le visage ou si votre cuir chevelu est sensible, irrité ou abîmé, vous avez déjà fait une réaction après avoir coloré vos cheveux, vous avez fait par le passé une réaction à un tatouage temporaire noir à base de henné. Contient de l'eau oxygénée, des phénylènediamines (toluènediamines) et de la résorcine. Voir sous l'étui la liste complète des ingrédients. Eviter le contact du produit avec les yeux. Rincer immédiatement les yeux si le produit entre en contact avec ceux- ci. Ne pas utiliser pour teindre les cils ou les sourcils. Bien rincer les cheveux après || Gel colorant : aqua, coco-glucoside, coco-betaine, ethanolamine, peg-60 hydrogenated castor oil, sodium chloride, toluène-2,5-diamine sulfate, polyquaternium-22, plankton extract, serine, 2-amino-3-hydroxypyridine, 4-amino-m-cresol, 4-amino-2-hydroxytoluene, 2-methylresorcinol, m-aminophenol, sodium sulfite, tetrasodium edta, ascorbic acid, 1-hydroxyethyl 4,5-diamino pyrazole sulfate, parfum. Emulsion révélatrice : aqua, hydrogen peroxide, etidronic acid, acrylates copolymer, sodium laureth sulfate, sodium hydroxide, 2,6-dicarboxypyridine, disodium pyrophosphate. Baume soin réparateur : aqua, cetearyl alcohol, cetrimonium chloride, glycol distearate, dimethicone, distearoylethyl hydroxyethylmonium methosulfate, panthenyl hydrolyzed soy protein, vanilla planifolia fruit extract, dicaprylyl carbonate, isopropyl alcohol, phenoxyethanol, propylene glycol, methylparaben, polyquaternium-37, parfum, propylene glycol, dicaprylate/dicaprate, butylphenyl mel propional, hexyl cinnamal, ppg-1 trideceth-6, linalool, citric acid, geraniol, citronellol. || 
10,91€ / Pce || 
10,91 € || 
Blond foncé 700, Coloration permanente || La boîte de 92,5ml || Origine : ALLEMAGNE || 
10,91€ / Pce || 
10,91 € || 
Blond n°800, Coloration permanente || La boîte de 92,5ml || Origine : ALLEMAGNE || Couverture parfaite des cheveux blancs. Mousse anti-fragilisation et douceur. Application simple et uniforme. Couleur riche et éclatante. || Mélangez le gel colorant à l'émulsion en retournant le flacon vers le bas une seule fois puis, actionnez la pompe et recueillez la mousse dans vos mains. Répartissez la mousse tout simplement sur cheveux secs. L'application à l'arrière de la tête etsur les tempes est très facile, la texture ne coule pas. Enfin, massez la mousse dans vos cheveux, aussi facilement que lors d'un shampooing. Utilisez la totalité du mélange pour une couleur riche et éclatante de beauté. Nous recommandons l'utilisation de deux boîtes pour les cheveux longs 'en dessous des épaules). Les colorants capillaires peuvent provoquer des réactions allergiques sévères. Lire et suivre les instructions. Ce produit nest pas destiné à être utilisé sur les personnes de moinsde seize ans. Les tatouages temporaires noirs à base de henné peuvent augmenter le risque dallergie. Ne vous colorez pas les cheveux si : vous présentez une éruption cutanée sur le visage ou si votre cuir chevelu est sensible, irrité ou abîmé. Vousavez déjà fait une réaction après avoir coloré vos cheveux. Vous avez fait par le passé une réaction à un tatouage temporaire noir à base de henné. Contient de leau oxygénée, des phénylènediamines (toluènediamines) et de la résorcine. Eviter le contact du produit avec les yeux. Rincez immédiatement les yeux si le produit entre en contact avec ceux-ci. Ne pas utiliser pour teindre les cils ou les sourcils. Bien rincer les cheveux après application. Porter des gants appropriés. Effectuez un test || Gel colorant : aqua, coco-glucoside, coco-betaine, ethanol amine, peg-60 hydrogenated castor oil, sodium chloride, polyquaternium-22, plankton extract, serine, toluene-2,5-diamine sulfate, sodium sulfite, tetrasodium edta, resorcinol, 2,7-naphthalenediol, 2-methylresorcinol, ascorbic acid, 4-chlororesorcinol, m-aminophenol, parfum. Émulsion Révélatrice : aqua, hydrogen peroxide, etidronic acid, acrylates copolymer, sodium laureth sulfate, sodium hydroxide, 2,6-dicarboxypyridine, disodium pyrophosphate. Baume Soin Réparateur : aqua, cetearyl alcohol, behentrimonium chloride, glycol distearate, dimethicone, distearoylethyl hydroxyethylmonium methosulfate, panthenol, hydrolyzed soy protein, vanilla planifolia fruit extract, dicaprylyl carbonate,  isopropyl alcohol, phenoxyethanol, propylene glycol, methylparaben, polyquaternium-37, parfum, propylene glycol dicaprylate/dicaprate, butylphenyl methylpropional, hexyl cinnamal, PPG-1 trideceth-6, linalool, citric acid, geraniol, citronellol || 
11,22€ / Pce || 
11,22 € || 
Bruns givres-Cappuccino glace 616, Coloration mousse  permanente || L'etui de 92,5ml || Origine : ALLEMAGNE || Un dosage simple et une application uniforme grâce à sa pompe adaptée et sa texture mousse (ne coule pas). Le masque soin enrichi en huile d'argan apporte un éclat glossy. Jusqu'à 30% d'intensité en plus, brillance longue durée. Couleur riche et éclatante. Couverture parfaite des cheveux blancs. || Les colorants capillaires peuvent provoquer des réactions allergiques sévères. Lire et suivre les instructions. Ce produit nest pas destiné à être utilisé sur les personnes de moins de 16 ans. Les tatouages temporaires noirs à base de henné peuventaugmenter le risque dallergie. Ne vous colorez pas les cheveux si vous présentez une éruption cutanée sur le visage ou si votre cuir chevelu est sensible, irrité ou abîmé. Si vous avez déjà fait une réaction après avoir coloré vos cheveux. Si vousavez fait par le passé une réaction à un tatouage temporaire noir à base de henné. Contient du peroxyde dhydrogène, des phenylenediamine (toluènediamines) et de la résorcine. Eviter le contact du produit avec les yeux. Rincer immédiatement les yeuxsi le produit entre en contact avec ceux-ci. Ne pas utiliser pour teindre les cils ou les sourcils. Bien rincer les cheveux après application. Porter des gants appropriés. Effectuez un test dalerte allergie 48h avant toute application dune coloration, même si vous avez déjà utilisé des produits de coloration auparavant. Pensez donc à acheter le produit 48h à lavance. En cas de précédente réaction à un produit de coloration ou en cas de doute, consultez un médecin avant dutiliser tout produitcolorant. Garder hors de la portée des enfants. || 
10,91€ / Pce || 
10,91 € || 
Bruns givrés moka frappe 536, coloration mousse permanente || L'etui de 92,5ml || Origine : ALLEMAGNE || Un dosage simple et une application uniforme grâce à sa pompe adaptée et sa texture mousse (ne coule pas). Le masque soin enrichi en huile d'argan apporte un éclat glossy. Jusqu'à 30% d'intensité en plus, brillance longue durée. Couleur riche et éclatante. Couverture parfaite des cheveux blancs. || Les colorants capillaires peuvent provoquer des réactions allergiques sévères. Lire et suivre les instructions. Ce produit nest pas destiné à être utilisé sur les personnes de moins de 16 ans. Les tatouages temporaires noirs à base de henné peuventaugmenter le risque dallergie. Ne vous colorez pas les cheveux si vous présentez une éruption cutanée sur le visage ou si votre cuir chevelu est sensible, irrité ou abîmé. Si vous avez déjà fait une réaction après avoir coloré vos cheveux. Si vousavez fait par le passé une réaction à un tatouage temporaire noir à base de henné. Contient du peroxyde dhydrogène, des phenylenediamine (toluènediamines) et de la résorcine. Eviter le contact du produit avec les yeux. Rincer immédiatement les yeuxsi le produit entre en contact avec ceux-ci. Ne pas utiliser pour teindre les cils ou les sourcils. Bien rincer les cheveux après application. Porter des gants appropriés. Effectuez un test dalerte allergie 48h avant toute application dune coloration, même si vous avez déjà utilisé des produits de coloration auparavant. Pensez donc à acheter le produit 48h à lavance. En cas de précédente réaction à un produit de coloration ou en cas de doute, consultez un médecin avant dutiliser tout produitcolorant. Garder hors de la portée des enfants. || 
10,91€ / Pce || 
10,91 € || 
Camomille, coloration permanente, mèches et balayage || La boîte de 82,5ml || Origine : FRANCE || Conçu pour un usage facile à domicile, le kit Nordic Colors Mèches et Balayage vous permet de personnaliser votre couleur naturelle en créant des reflets lumineux et brillants. Illuminez vos cheveux de mèches fines et naturelles ou réhaussez votre chevelure d'un balayage plus contrasté. || Emulsion révélatrice : aqua, hydrogen peroxide, cetyl alcohol, ceteareth-20, etidronic acid, coceth-30-sulfate, 2.6-dicarboxypyridine, disodium pyrophosphate. Poudre décolorante : potassium persulfate, sodium silicate, ammonium persulfate, sodium stearate, trisodium phosphate, silica, calcium stearate, magnesium oxide, dicaprylyl ether, sodium cetearyl sulfate, magnesium carbonate hydroxide, disodium edta. Soin masque nourrissant : aqua, cetearyl alcohol, isopropyl myristate, dimethicone, cetrimonium chloride, quaternium-87, distearoylethyl hydroxyethylmonium metho sulfate, paraffinum liquidum, propylene glycol, glyceryl stearate, stearamidopropyl dimethylamine, dimethiconol, panthenol, bisabolol, chamomilla recutita, polyquaternium-10, polyquaternium-37, PPG-1 trideceth-6, propylene glycol dicaprylate/dicaprate, alcohol denat., citric acid, parfum, benzyl salicylate, coumarin, hydroxycitronellal, methylparaben, propylparaben, phenoxyethanol. Contient de l'eau oxygénée. || 
16,16€ / Pce || 
16,16 € || 
Camomille, crème décolorante intense, de 4 à 6 tons, sans amoniaque || La boîte || Origine : FRANCE || La formule inédite de la Crème Décolorante Intense Nordic Blonde de Schwarzkopf décolore vos cheveux sans ammoniaque pour une agréable expérience de décoloration.Vos cheveux s'illuminent d'une nuance blond clair pleine d'éclat et de lumière. || Si la longueur de vos cheveux dépasse les épaules, nous vous recommandons d'utiliser deux boites lors de la première application. Attention : contient de l'eau oxygénée. Peut provoquer une réaction allergique. Eviter le contact du produit avec les yeux. Rincer immédiatement les yeux si le produit entre en contact avec ceux-ci. Ne pas employer pour la coloration des cils et des sourcils. Bien rincer les cheveux après application. Porter des gants appropriés. Garder hors de la portée des enfants.Se conformer à la notice. Les décolorants pour cheveux peuvent provoquer des réactions allergiques qui peuvent être graves dans de rares cas. Les tatouages peuvent accroître le risque d'allergie à ce produit. Effectuez un test de sensibilité de la peau 48 heures avant l'utilisation de cette décoloration, même si vous avez déjà utilisé des produits de décoloration avant. Ainsi il est préférable d'acheter le produit 48 heures à l'avance. A ne pas utiliser si : vous avez déjà eu une réaction à desproduits décolorants, votre cuir chevelu est sensible, irrité ou s'il présente des lésions. Dans ces cas-là, consultez un médecin avant d'utiliser tout produit décolorant. Lisez et suivez attentivement les instructions dans le mode d'emploi du produit. Ce produit n'est pas destiné à être utilisé sur des enfants. || Crème décolorante : aqua, cetearyl alcohol, ethanolamine, sodium laureth sulfate, cocamidopropyl betaine, coconut alcohol, arginine, sodium chloride, ceteareth-20, sodium silicate, etidronic acid, parfum, linalool, citronellol. Emulsion révélatrice :aqua, hydrogen peroxide, acrylates copolymer, etidronic acid, sodium laureth sulfate, 2,6-dicarboxypyridine, disodium pyrophosphate, dimethicone. Poudre décolorante : potassium persulfate, silica, potassium sulfate. Soin fortifiant : aqua, cetearylalcohol, cetrimonium chloride, paraffinum liquidum, distearoylethyl hydroxyethylmonium methosulfate, phenoxyethanol, lactic acid, ceteareth-20, glyceryl stearate, sodium methylparaben, parfum, amodimethicone, niacinamide, panthenol, calcium chloride,citric acid, trideceth-5, glycerin, hexyl cinnamal, trideceth-10, limonene, geraniol. || Tube de soin fortifiant : 12 mois après ouverture. || 
11,01€ / Pce || 
11,01 € || 
Châtain 500, coloration permanente || La boîte de 92,5ml || Origine : ALLEMAGNE || 
10,04€ / Pce || 
10,04 € || 
Châtain-chocolat 465, coloration permanente || La boîte de 92,5ml || Origine : ALLEMAGNE || 
10,04€ / Pce || 
10,04 € || 
Châtain clair 600, Coloration permanente || La boîte de 92,5ml || Origine : ALLEMAGNE || La première coloration mousse permanente de Schwarzkopf sans ammoniaque particulièrement simple et douce. Une couleur douce et lumineuse. Application simple et agréable.Soin réparateur pour des cheveux forts et souples. || Mélangez le gel colorant à l'émulsion en retournant le flacon vers le bas une seule fois, puis, actionnez la pompe et recueillez la mousse dans vos mains. Répartissez la mousse tout simplement sur cheveux secs. L'application à l'arrière de la tête etsur les tempes est très facile, la texture mousse ne coule pas. Enfin, massez la mousse dans vos cheveux, aussi facilement que lors d'un shampooing. Utilisez la totalité du mélange pour une couleur riche et éclatante de beauté. Attention : contientde l'eau oxygénée, des diaminotoluènes et de la résorcine. Peut provoquer une réaction allergique. Eviter le contact du produit avec les yeux. Rincer immédiatement les yeux si le produit entre en contact avec ceux-ci. Ne pas employer pour la coloration des cils et des sourcils. Bien rincer les cheveux après application. Porter des gants appropriés. Garder hors de la portée des enfants. Se conformer à la notice. Les colorants pour cheveux peuvent provoquer des réactions allergiques qui peuvent être graves dans de rares cas. Les tatouages peuvent accroître le risque d'allergie à ce produit. Effectuez un test de sensibilité de la peau 48 heures avant l'utilisation de cette coloration, même si vous avez déjà utilisé des produits de coloration avant. Ainsi il est préférable d'acheter le produit 48 heures à l'avance. A ne pas utiliser si : vous avez déjà eu une réaction à des produits de coloration,  votre cuir chevelu est sensible, irrité ou s'il présente des lésions. Dans ces cas-là, consu || Gel colorant : aqua, coco-glucoside, coco-betaine, ethanolamine, peg-60 hydrogenated castor oil, sodium chloride, toluène-2,5-diamine sulfate, polyquaternium-22, plankton extract, serine, resorcinol, 2-methylresorcinol, sodium sulfite, tetrasodium edta, m-aminophénol, ascorbic acid, parfum. Emulsion révélatrice : aqua, hydrogen peroxide, etidronic acid, acrylates copolymer, sodium laureth sulfate, sodium hydroxide, 2,6-dicarboxypyridine, disodium pyrophosphate. Baume soin réparateur : aqua, cetearyl alcohol, behentrimonium chloride, glycol distearate, dimethicone, distearoylethyl hydroxyethylmonium methosulfate, panthenol, hydrolyzed soy protein, vanilla planifolia fruit extract, dicaprylyl carbonate, isopropyl alcohol, phenoxyethanol, propylene glycol, methylparaben, polyquaternium-37, parfum, propylene glycol, dicaprylate/dicaprate, butylphenyl methylpropional, hexyl cinnamal, ppg-1 trideceth-6, linalool, citric acid, geraniol, citronellol. || 
10,04€ / Pce || 
10,04 € || 
Châtain foncé 400, Coloration permanente || La boîte de 92,5ml || Origine : ALLEMAGNE || 
10,04€ / Pce || 
10,04 € || 
Coloration mousse permanente, sans ammoniaque, Blond praline 750 || L'étui || Origine : ALLEMAGNE || La première coloration mousse permanente de Schwarzkopf sans ammoniaque particulièrement simple et douce. Une couleur douce et lumineuse. Application simple et agréable.Soin réparateur pour des cheveux forts et souples. || Mélangez le gel colorant à l'émulsion en retournant le flacon vers le bas une seule fois, puis, actionnez la pompe et recueillez la mousse dans vos mains. Répartissez la mousse tout simplement sur cheveux secs. L'application à l'arrière de la tête etsur les tempes est très facile, la texture mousse ne coule pas. Enfin, massez la mousse dans vos cheveux, aussi facilement que lors d'un shampooing. Utilisez la totalité du mélange pour une couleur riche et éclatante de beauté. Attention : contientde l'eau oxygénée, des diaminotoluènes et de la résorcine. Peut provoquer une réaction allergique. Eviter le contact du produit avec les yeux. Rincer immédiatement les yeux si le produit entre en contact avec ceux-ci. Ne pas employer pour la coloration des cils et des sourcils. Bien rincer les cheveux après application. Porter des gants appropriés. Garder hors de la portée des enfants. Se conformer à la notice. Les colorants pour cheveux peuvent provoquer des réactions allergiques qui peuvent être graves dans de rares cas. Les tatouages peuvent accroître le risque d'allergie à ce produit. Effectuez un test de sensibilité de la peau 48 heures avant l'utilisation de cette coloration, même si vous avez déjà utilisé des produits de coloration avant. Ainsi il est préférable d'acheter le produit 48 heures à l'avance. A ne pas utiliser si : vous avez déjà eu une réaction à des produits de coloration,  votre cuir chevelu est sensible, irrité ou s'il présente des lésions. Dans ces cas-là, consu || Gel colorant : aqua, coco-glucoside, coco-betaine, ethanolamine, peg-60 hydrogenated castor oil, sodium chloride, polyquaternium-22, plankton extract, serine, toluène-2,5-diamine sulfate, resorcinol, sodium sulfite, tetrasodium edta, 2-amino-6-chloro-4-nitrophenol, 2-amino-3-hydroxypyridine, 2-methylresorcinol, ascorbic acid, parfum. Emulsion révélatrice : aqua, hydrogen peroxide, etidronic acid, acrylates copolymer, sodium laureth sulfate, sodium hydroxide, 2,6-dicarboxypyridine, disodium pyrophosphate. Baume soin réparateur : aqua, cetearyl alcohol, behentrimonium chloride, glycol distearate, dimethicone, distearoylethyl hydroxyethylmonium methosulfate, panthenol, hydrolyzed soy protein, vanilla planifolia fruit extract, dicaprylyl carbonate, isopropyl alcohol, phenoxyethanol, propylene glycol, methylparaben, polyquaternium-37, parfum, propylene glycol, dicaprylate/dicaprate, butylphenyl methylpropional, hexyl cinnamal, ppg-1 trideceth-6, linalool, citric acid, geraniol, citronellol. || 
11,11€ / Pce || 
11,11 € || 
Crème colorante intensive, 842 || La boite de 142,5ml || Origine : AUTRICHE || Découvrez Brillance Color Protect avec son nouveau Soin Fixateur de Couleur exclusif.Même après 30 shampooings, la couleur garde jusqu'à 90% de son intensité d'origine pour des rouges tendances, ultra-brillants, intenses et longue durée. La formule exclusive de Brillance fixe les pigments colorants en profondeur dans le cheveu et lisse intensément leur surface, pour un éclat incroyable et une couleur sublime comme un diamant 10 carats.842 rouge cachemire. || Videz le tube de crème colorante Brillance dans le flacon d'émulsion révélatrice et agitez vigoureusement. Appliquez le mélange sur cheveux secs. Laissez poser 30 minutes, puis rincez. Grâce à la crème colorante Brillance et au Soin Fixateur de Couleur exclusif, la couleur garde jusqu'à 90% de son intensité d'origine, même après 30 shampooings (mesure instrumentale en laboratoire). Attention : contient de l'eau oxygénée. Peut provoquer une réaction allergique. Eviter le contact du produit avec les yeux. Rincer immédiatement les yeux si le produit entre en contact avec ceux-ci. Ne pas employer pour la coloration des cils et des sourcils. Bien rincer les cheveux après application. Porter des gants appropriés. Garder hors de la portée des enfants. Se conformer à la notice. Les colorants pour cheveux peuvent provoquer des réactions allergiques qui peuvent être graves dans de rares cas. Les tatouages peuvent accroître le risque d'allergie à ce produit. Effectuez un test de sensibilité de lapeau 48 heures avant l'utilisation de cette coloration, même si vous avez déjà utilisé des produits de coloration avant. Ainsi, il est préférable d'acheter le produit 48 heures à l'avance. A ne pas utiliser si : vous avez déjà eu une réaction à desproduits de coloration, votre cuir chevelu est sensible, irrité ou s'il présente des lésions. Dans ces cas-là, consultez un médecin avant d'utiliser tout produit colorant. Lisez et suivez attentivement les instructions dans le mode d'emploi du produi || Crème colorante : aqua, cetearyl alcohol, ammonium hydroxide, coconut alcohol, sodium laureth sulfate, isostearic acid, 1-hydroxyethyl 4.5-diamino pyrazole sulfate, propylene glycol, sodium lauryl glucose carboxylate, lauryl glucoside, 3-amino-2.4-dichlorophenol HCl, 4-amino-2-hydroxytoluene, potassium hydroxide, myristic acid, sodium sulfite, ammonium sulfate, ascorbic acid, parfum, ceteareth-12, ceteareth-20, acrylamidopropyl trimonium chloride/acrylates copolymer, sodium chloride, sodium silicate, etidronic acid, linalool, citronellol, sorbic acid. Emulsion révélatrice : aqua, hydrogen peroxide, acrylates copolymer, etidronic acid, sodium laureth sulfate, 2.6-dicarboxypyridine, disodium pyrophosphate, dimethicone. Soin fixateur de couleur : aqua, cetearyl alcohol, quaternium-87, propylene glycol, isopropyl myristate, distearoylethyl hydroxyethylmonium metho sulfate, sodium pca, citric acid, phenoxyethanol, stearamidopropyl dimethyl amine, polyquaternium-37, methylparaben, ceteareth-20, glyceryl stéarate, prunus armeniaca kernel oil, propylene glycol dicaprylate/dicaprate, parfum, panthenol, benzyl salicylate, ppg-1 trideceth-6, hexyl cinnamal, linalool, Cl14700, Cl19140. || 
9,57€ / Pce || 
9,57 € || 
Mèches Blondes M4 naturelles || La boite de 115 ml || Origine : FRANCE || La nouvelle formule est enrichie d'un mélange de pigments neutralisants qui absorbent les reflets jaunes indésirables.  Grâce à la brosse Mèches Faciles, mettez des touches de lumière dans vos cheveux pour un résultat très naturel. || Préparez le mélange décolorant selon le mode d'emploi joint. Refermez bien la bouteille et secouez la énergiquement. Sur cheveux secs, appliquez le mélange à l'aide de la brosse Mèches Faciles. Lorsque le temps est écoulé, rincez abondamment puis appliquez le Masque Soin. Les décolorants/colorants capillaires peuvent provoquer des réactions allergiques sévères. Ce produit n'est pas destiné à être utilisé sur les personnes de moins de 16 ans. Les tatouages temporaires noirs à base de henné peuvent augmenter le risque d'allergie. Ne vous décolorez pas mes cheveux si vous présentez une éruption cutanée sur le visage ou si : votre cuir chevelu est sensible, irrité ou abîmé, vous avez fait déjà fait une réaction après avoir décoloré/coloré vos cheveux. Contient de l'eau oxygénée. Eviter le contact avec les yeux. Rincer immédiatement les yeux si le produit entre en contact avec ceux-ci. Ne pas utiliser pour teindre les cils ou les sourcils. Bien rincer les cheveux après application. Porter des gants appropriés. Effectuez un test d'allergie 48h avant toute décoloration/coloration même si vous avez déjà utilisé des produits de décoloration/coloration auparavant. Pensez donc à acheter le produit 48h à l'avance. En cas de précédente réaction à un produit de décoloration/coloration ou en cas de doute, consultez un médecin avant d'utiliser tout produit décolorant/colorant. Garder hors de la portée des enfants. || Crème décolorante : aqua, cetearyl alcohol, sodium laureth sulfate, ammonium hydroxide, coconut alcohol, quaternium-87, helianthus annuus seed oil, propylene glycol, ammonium sulfate, parfum, ceteareth-20, sodium silicate, etidronic acid, linalool, citronellol, hexyl salicylate, hydrogen peroxide, limonene. Gel révélateur : aqua, hydrogen peroxide, propylene glycol, xanthan gum, etidronic acid, sodium hydroxide, 2,6-dicarboxypyridine, disodium pyrophoshate. Poudre décolorante : potassium persulfate, silica, potassium sulfate. Masque soin : aqua, cetearyl alcohol, behentrimonium chloride, dimethicone, paraffinum liquidum, guar hydroxypropyltrimonium chloride, ceteareth-20, phenoxyethanol, cetrimonium chloride, isopropyl alcohol, parfum, potassium phosphate, prunus armeniaca kernel oil, dimethiconol, niacinamide, panthenol, benzophenone-4, methylparaben, carbomer, potassium hydroxide, citronellol, butylphenyl methylpropional, coumarin, limonene, cyclomethicone, benzyl alcohol, hydrolyzedkeratin, acid violet 43, hc blue N°12. || 
16,22€ / Pce || 
16,22 € || 
Noir 200, Coloration permanente || La boîte de 92,5ml || Origine : ALLEMAGNE || La première coloration mousse permanente de Schwarzkopf sans ammoniaque particulièrement simple et douce. Une couleur douce et lumineuse. Application simple et agréable.Soin réparateur pour des cheveux forts et souples. || Mélangez le gel colorant à l'émulsion en retournant le flacon vers le bas une seule fois, puis, actionnez la pompe et recueillez la mousse dans vos mains. Répartissez la mousse tout simplement sur cheveux secs. L'application à l'arrière de la tête etsur les tempes est très facile, la texture mousse ne coule pas. Enfin, massez la mousse dans vos cheveux, aussi facilement que lors d'un shampooing. Utilisez la totalité du mélange pour une couleur riche et éclatante de beauté. Attention : contientde l'eau oxygénée, des diaminotoluènes et de la résorcine. Peut provoquer une réaction allergique. Eviter le contact du produit avec les yeux. Rincer immédiatement les yeux si le produit entre en contact avec ceux-ci. Ne pas employer pour la coloration des cils et des sourcils. Bien rincer les cheveux après application. Porter des gants appropriés. Garder hors de la portée des enfants. Se conformer à la notice. Les colorants pour cheveux peuvent provoquer des réactions allergiques qui peuvent être graves dans de rares cas. Les tatouages peuvent accroître le risque d'allergie à ce produit. Effectuez un test de sensibilité de la peau 48 heures avant l'utilisation de cette coloration, même si vous avez déjà utilisé des produits de coloration avant. Ainsi il est préférable d'acheter le produit 48 heures à l'avance. A ne pas utiliser si : vous avez déjà eu une réaction à des produits de coloration,  votre cuir chevelu est sensible, irrité ou s'il présente des lésions. Dans ces cas-là, consu || Gel colorant : aqua, coco-glucoside, coco-betaine, ethanolamine, toluene-2,5-diamine sulfate, peg-60 hydrogenated castor oil, sodium chloride, polyquaternium-22, resorcinol, plankton extract, serine, m-aminophenol, 1,3-bis-(2,4-diaminophenoxy) propane HCl, sodium sulfite, tetrasodium edta, ascorbic acid, parfum. Emulsion révélatrice : aqua, hydrogen peroxide, etidronic acid, acrylates copolymer, sodium laureth sulfate, sodium hydroxide, 2,6-dicarboxypyridine, disodium pyrophosphate. Baume soin réparateur : aqua, cetearyl alcohol, behentrimonium chloride, glycol distearate, dimethicone, distearoylethyl hydroxyethylmonium methosulfate, panthenol, hydrolyzed soy protein, vanilla planifolia fruit extract, dicaprylyl carbonate, isopropyl alcohol, phenoxyethanol, propylene glycol, methylparaben, polyquaternium-37, parfum, propylene glycol, dicaprylate/dicaprate, butylphenyl methylpropional, hexyl cinnamal, ppg-1 trideceth-6, linalool, citric acid, geraniol, citronellol. || 
10,04€ / Pce || 
10,04 € || 
Noir bleuté 891, crème colorante intensive permanente || La boîte de 142,5ml || Origine : AUTRICHE || Développée par les Professionnels Schwarzkopf, la formule Color Protect de Brillance vous offre des couleurs ultra intenses et brillantes, qui gardent leur éclat encore plus longtemps.Aussi fascinantes, durables et brillantes qu'un diamant. || La praticité d'utilisation : tous les produits Schwarzkopf ont été conçus pour être utilisés facilement à domicile. Attention : contient de l'eau oxygénée, des diaminotoluènes et de la résorcine. Peut provoquer une réaction allergique. Eviter le contact du produit avec les yeux. Rincer immédiatement les yeux si le produit entre en contact avec ceux-ci. Ne pas employer pour la coloration des cils et des sourcils. Bien rincer les cheveux après application. Porter des gants appropriés. Garder horsde la portée des enfants. Se conformer à la notice. Les colorants pour cheveux peuvent provoquer des réactions allergiques qui peuvent être graves dans de rares cas. Les tatouages peuvent accroître le risque d'allergie à ce produit. Effectuez un testde sensibilité de la peau 48 heures avant l'utilisation de cette coloration, même si vous avez déjà utilisé des produits de coloration avant. Ainsi il est préférable d'acheter le produit 48 heures à l'avance. A ne pas utiliser si vous avez déjà eu une réaction à des produits de coloration, votre cuir chevelu est sensible, irrité ou s'il présente des lésions. Dans ces cas-là, consultez un médecin avant d'utiliser tout produit colorant. Lisez et suivez attentivement les instructions dans le moded'emploi du produit. Ce produit n'est pas destiné à être utilisé sur des enfants. || Crème colorante : aqua, cetearyl alcohol, ammonium hydroxide, coconut alcohol, isostearic acid, sodium laureth sulfate, sodium lauryl glucose carboxylate, lauryl glucoside, potassium hydroxide, myristic acid, sodium sulfite, ceteareth-12, ceteareth-20, ascorbic acid, sodium silicate, etidronic acid, parfum, linalool, citronellol, sorbic acid (+/- toluène-2.5-diamine sulfate, resorcinol, 4-amino-m-cresol, m-aminophenol, 1-naphtol, 1,3-bis-(2,4-diaminophenoxy) propane hcl, 2-methylresorcinol, 4-amino-2-hydroxytoluene, hydroxyethyl-2-nitro-p-toluidine, 2-amino-3-hydroxypyridine, 4-chlororesorcinol, 2-amino-6-chloro-4-nitrophenol, 2,7-naphthalene diol, 6-methoxy-2-methylamino-3-aminopyridine hcl, 1-hydroxyethyl 4,5-diamino pyrazole sulfate, 3-amino-2,4-dichlorophenol hcl, tetraaminopyrimidine sulfate, 2,2'-methylenebis-4-aminophenol hcl, phenyl methyl pyrazolone, 5-amino-6-chloro-o-cresol, 2,6-dihydroxy-3,4-dimethylpyridine, 2-amino-4-hydroxyethylaminoanisole sulfate, 4-amino-2-nitrodiphenylamine-2'-carboxylic acid, 1,5-naphthalenediol, 2,4-diaminophenoxyethanol hcl). Emulsion révélatrice : aqua, hydrogen peroxide, acrylates copolymer, etidronic acid, sodium laureth sulfate, 2,6-dicarboxypyridine, disodium pyrophosphate, dimethicone.Soin color-éclat : aqua, cetearyl alcohol, quaternium-87, propylene glycol, sodium pca, polyquaternium-37, isopropyl myristate, panthenol, propylene glycol, dicaprylate/dicaprate, distearoylethyl hydroxyethylmonium methosulfate, stearamidopropyl dimethylamine, prunus armeniaca, ceteareth-20, glyceryl stearate, ppg-1 trideceth-6, citric acid, parfum, benzyl salicylate, linalool, hexyl cinnamal, phenoxyethanol, sodium methylparaben. || 
9,57€ / Pce || 
9,57 € || 
Noisette 668, coloration permanente || La boîte de 92,5ml || Origine : ALLEMAGNE || 
10,04€ / Pce || 
10,04 € || 
Rouge brocart 845, crème colorante intensive permanente || La boîte de 142,5ml || Origine : AUTRICHE || La qualité professionnelle à domicile : experts du cheveu depuis plus de 100 ans, les professionnels Schwarzkopf mettent toute leur expertise à votre service, pour que vous puissiez utiliser chez vous des colorations de qualité professionnelle. La performance couleur : les colorations Schwarzkopf sont formulées à partir de pigments de haute qualité qui rendent votre couleur naturelle, intense et très longue durée. Le respect du cheveu : les colorations Schwarzkopf sont particulièrement douces etcontiennent des ingrédients de soin actifs qui protègent votre fibre capillaire pour des cheveux souples et soyeux. || La praticité d'utilisation : tous les produits Schwarzkopf ont été conçus pour être utilisés facilement à domicile.  Attention : contient de l'eau oxygénée. Peut provoquer une réaction allergique. Eviter le contact du produit avec les yeux. Rincer immédiatement les yeux si le produit entre en contact avec ceux-ci. Ne pas employer pour la coloration des cils et des sourcils. Bien rincer les cheveux après application. Porter des gants appropriés. Garder hors de la portée des enfants. Se conformerà la notice. Les colorants pour cheveux peuvent provoquer des réactions allergiques qui peuvent être graves dans de rares cas. Les tatouages peuvent accroître le risque d'allergie à ce produit. Effectuez un test de sensibilité de la peau 48 heures avant l'utilisation de cette coloration, même si vous avez déjà utilisé des produits de coloration avant. Ainsi il est préférable d'acheter le produit 48 heures à l'avance. A ne pas utiliser si vous avez déjà eu une réaction à des produits de coloration. Votre cuir chevelu est sensible, irrité ou s'il présente des lésions. Dans ces cas-là, consultez un médecin avant d'utiliser tout produit colorant. Lisez et suivez attentivement les instructions dans le mode d'emploi du produit. Ce produit n'est pas destiné à être utilisé sur des enfants. || Crème colorante : aqua, cetearyl alcohol, ammonium hydroxide, coconut alcohol, isostearic acid, sodium laureth sulfate, propylene glycol, sodium lauryl glucose carboxylate, lauryl glucoside, potassium hydroxide, myristic acid, sodium sulfite, ceteareth-12, ceteareth-20, ammonium sulfate, ascorbic acid, sodium silicate, etidronic acid, parfum, linalool, citronellol, sorbic acid (+/- toluene-2.5-diamine sulfate, resorcinol, 4-amino-m-cresol, m-aminophenol, 1-naphthol, 1.3-bis-(2.4-diaminophenoxy)propane hcl, 2-methylresorcinol, 4-amino-2-hydroxytoluene, hydroxyethyl-2-nitro-p-toluidine, 2-amino-3-hydroxypyridine, 4-chlororesorcinol, 2-amino-6-chloro-4- nitrophenol, 2.7-naphthalenediol, 6-methoxy-2-methylamino-3-aminopyridine hcl, 1-hydroxyethyl 4.5-diamino pyrazole sulfate, 3-amino-2.4-dichlorophenol hcl, tetraaminopyrimidine sulfate, 2.2'-methylenebis-4-aminophenol hcl, phenyl methyl pyrazolone, 5-amino-6-chloro-o-cresol, 2.6-dihydroxy-3.4-dimethylpyridine, 2-amino-4-hydroxyethylaminoanisole sulfate, 4-amino-2-nitrodiphenylamine-2'-carboxylic acid, 1.5-naphthalenediol, 2.4-diaminophenoxyethanol hcl). Emulsion révélatrice : aqua, hydrogen peroxide, acrylates copolymer, etidronic acid, sodium laureth sulfate, 2.6-dicarboxypyridine,disodium pyrophosphate, dimethicone. Soin color-éclat : aqua, cetearyl alcohol, quaternium-87, propylene glycol, sodium pca, 1 polyquaternium-37, isopropyl myristate, panthenol, propylene glycol dicaprylate/dicaprate, distearoylethyl hydroxyethylmonium metho sulfate, stearamidopropyl dimethylamine, prunus armeniaca, ceteareth-20, glyceryl stearate, ppg-1trideceth-6, citric acid,  parfum, benzyl salicylate, linalool, hexyl cinnamal, phenoxyethanol, sodium methylparaben. || 
9,98€ / Pce || 
9,98 € || 
Violine soie 859, Crème colorante intensive || La boîte de 142ml || Origine : AUTRICHE || Même après plusieurs semaines, la couleur est toujours intense et brillante, comme un diamant 10 carats. Sa formule Eclat Diamant lisse intensément la surface des cheveux et fixe les pigments à l'intérieur du cheveu, pour une couleur brillante et éclatante pendant très longtemps. La nuance 859 couvre jusqu'à 30% de cheveux blancs. || Eviter le contact du produit avec les yeux. Rincer immédiatement les yeux si le produit entre en contact avec ceux-ci. Ne pas employer pour la coloration des cils et des sourcils. Bien rincer les cheveux après application. Porter des gants appropriés. Garder hors de la portée des enfants. Se conformer à la notice. Les colorants pour cheveux peuvent provoquer des réactions allergiques qui peuvent être graves dans de rares cas. Les tatouages peuvent accroître le risque d'allergie à ce produit. Effectuez un test de sensibilité de la peau 48 heures avant l'utilisation de cette coloration, même si vous avez déjà utilisé des produits de coloration avant. Ainsi, il est préférable d'acheter le produit 48 heures à l'avance. A ne pas utiliser si : -vous avez déjà eu une réaction à des produits de coloration, - votre cuir chevelu est sensible, irrité ou s'il présente des lésions. Dans ce cas là, consultez un médecin avant d'utiliser tout produit colorant. Lisez et suivre attentivement les instructions dans le mode d'emploi du produit. Ce produit n'est pas destiné à être utilisé sur des enfants. || Crème colorante : aqua, cetearyl alcohol, coconut alcohol, sodium laureth sulfate, ammonium hydroxide, isostearic acid, propylène glycol, 1-hydroxyethyl 4,5-diamino pyrazole sulfate, sodium lauryl glucose carboxylate, lauryl glucoside, potassium hydroxide, myristic acid, sodium sulfite, 1-naphthol, ammonium sulfate, ascorbic acid, parfum, ceteareth-12, ceteareth-20, 6-methoxy-2-methylamino-3-aminopyridine HCI, acrylamidopropyltrimonium chloride/acrylates copolymer, sodium chloride, sodium silicate, etidronic acid, linalool, 4-amino-2-hydroxytoluene, citronellol, sorbic acid. - Emulsion révélatrice : aqua, hydrogen peroxide, acrylates copolymer, etidronic acid, sodium laureth sulfate, 2,6-dicarboxypyridine, disodium pyrophosphate, dimethicone. - Soin color-éclat : aqua, cetearyl alcohol, quaternium-87, propylène glycol, isopropyl myristate, distearoylethyl hydroxyethylmonium methosulfate, sodium PCA, citric acid, phenoxyethanol, stearamidopropyl dimethylamine, polyquaternium-37, ceteareth-20, glyceryl stearate, sodium methylparaben, prunus armeniaca kernel oil, parfum, panthenol, propylène glycol dicaprylate/dicaprate, PPG-1 trideceth-6, benzyl salicylate, hexyl cinnamal, linalool. || 
10,19€ / Pce || 
10,19 € || 
11.0 Super blond naturel, Couleur permanente || La boîte de 110ml || Origine : POLOGNE || Eclaircit votre blond jusqu'à 4 tons. Blond lumineux longue tenue. Application pinceau. Dans mes salons je vous fais une couleur sublime sur-mesure. Retrouvez maintenant ma nouvelle coloration, approuvée dans mon centre technique : des nuances subtiles faciles à porter, à appliquer au pinceau pour un résultat couleur professionnel, chez vous. || Ma nuance 11.0 Super Blond Naturel est particulièrement adaptée aux cheveux blands et sera le choix parfait pour retrouver la couleur de l'enfance. Vous mélangez le lait et la crème colorante dans un bol non métallique, en toute simplicité. Mon bon dosage de pigment assure une couleur infaillible. Vous déposez le mélange d'abord sur les racines à l'aide du pinceau. Vous l'allongez ensuite sur les longueurs de toute la chevelure. Sans couler, le mélange enrobe parfaitement le cheveu des racines aux pointes. La couleur prend sur toute la longueur. Les colorants capillaires peuvent provoquer des réactions allergiques sévères. Lire et suivre les instructions. Ce produit n'est pas destiné à être utilisé sur les personnes de moins de seize ans. Les tatouages temporaires noirs à base de henné peuvent augmenter le risque d'allergie. Ne vous colorez pas les cheveux si : vous présentez une éruption cutanée sur le visage ou si votre cuir chevelu est sensible, irrite ou abîme, vous avez déjà faitune réaction après avoir coloré vos cheveux, vous avez fait par le passé une réaction à un tatouage temporaire noir à base de henné, il est obligatoire de faire un test d'allergie cutanée impérativement 48 heures avant chaque utilisation de ce produit (se conformer à la notice). Penser à acheter votre produit à l'avance pour faire le test d'allergie cutanée 48 heures avant. Le révélateur contient de l'eau oxygénée. Le produit colorant contient : des diaminobenzènes, des phénylènediamines (toluèn || Crème colorante : aqua/water, cetearyl alcohol, propylene glycol, deceth-3, laureth-12, ammonium hydroxide, oleth-30, lauric acid, hexadimethrine chloride, glycol distearate, polyquaternium-6, ethanolamine, silica dimethyl silylate, Cl77891/titaniumdioxide, 2,4-diaminophenoxyethanol HCl, p-aminophenol, ascorbic acid, sodium metabisulfite, olea europaea oil/olive fruit oil, thioglycerin, toluene-2,5-diamine, dimethicone, pentasodium pentetate, carbomer, resorcinol, parfum/fragrance (FIL C51994/1). Lait révélateur : aqua/water, hydrogen peroxide, cetearyl alcohol, sodium stannate, trideceth-2 carboxamide mea, pentasodium pentetate, phosphoric acid, ceteareth-25, tetrasodium pyrophosphate, glycerin (FIL C12793/21). Soin embellisseur : aqua/water, cetearyl alcohol, elaeis guineensis oil/palm oil, behentrimonium chloride, stearamidopropyl dimethylamine, glycerin, euterpe oleracea fruit extract, methylparaben, limonene, chlorhexidine dihydrochloride, isopropyl alcohol, citric acid, hexyl cinnamal, parfum/fragrance (FIL C47360/1). || 18 mois après ouverture. || 
7,30€ / Pce || 
7,30 € || 
3.3 Châtain foncé ensoleillé, Couleur permanente || La boîte de 110ml || Origine : FRANCE || Couvre 100% des cheveux blancs. Ne vire pas à l'orange, reflets visibles. Application pinceau. Dans mes salons je vous fais une couleur sublime sur-mesure. Retrouvez maintenant ma nouvelle coloration, approuvée dans mon centre technique : des nuancessubtiles faciles à porter, à appliquer au pinceau pour un résultat couleur professionnel, chez vous. || Idéal cheveux foncés. Vous mélangez le lait et la crème colorante dans un bol non métallique, en toute simplicité. Mon bon dosage de pigment assure une couleur infaillible. Vous déposez le mélange d'abord sur les racines à l'aide du pinceau. Vous l'allongez ensuite sur les longueurs de toute la chevelure. Sans couler, le mélange enrobe parfaitement le cheveu des racines aux pointes. La couleur prend sur toute la longueur et couvre 100% des cheveux blanc. Les colorants capillaires peuvent provoquer des réactions allergiques sévères. Lire et suivre les instructions. Ce produit n'est pas destiné à être utilisé sur les personnes de moins de seize ans. Les tatouages temporaires noirs à base de henné peuvent augmenter le risque d'allergie. Ne vous colorez pas les cheveux si : vous présentez une éruption cutanée sur le visage ou si votre cuir chevelu est sensible, irrite ou abîme, vous avez déjà fait une réaction après avoir coloré vos cheveux, vous avez fait par le passé une réaction à un tatouage temporaire noir à base de henné, il est obligatoire de faire un test d'allergie cutanée impérativement 48 heures avant chaque utilisation de ce produit (se conformer à la notice). Penser à acheter votre produit à l'avance pour faire le test d'allergie cutanée 48 heures avant. Le révélateur contient de l'eau oxygénée. Le produit colorant contient : des diaminobenzènes, des phénylènediamines (toluènediamines), de la résorcine, de l'ammoniaque. Eviter le contact du produit avec les yeux, ne || Crème colorante : aqua/water, cetearyl alcohol, deceth-3, propylene glycol, laureth-12, ammonium hydroxide, oleth-30, lauric acid, hexadimethrine chloride, glycol distearate, toluene-2.5-diamine, resorcinol, polyquaternium-6, ethanolamine, silica dimethyl, silylate, Cl77891/titanium dioxide, 2,4-diaminophenoxyethanol HCl, p-aminophenol, m-aminophenol, ascorbic acid, sodium metabisulfite, hydroxybenzomorpholine, olea europaea oil/olive fruit oil, 6-hydroxyindole, thioglycerin, 2-ethylresorcinol,dimethicone, pentasodium pentetate, n,n-bis(2-hydboxyethyl)-p-phenylenediamine sulfate, carbomer, parfum/fragrance (FIL C51993/1). Lait révélateur : aqua/water, hydrogen peroxide, cetearyl alcohol, sodium stannate, trideceth-2 carboxamide mea, pentasodium pentetate, phosphoric acid, ceteareth-25, tetrasodium pyrophosphate, glycerin (FIL C13169/25). Soin embellisseur : aqua/water, cetearyl alcohol, elaeis guineensis oil/palm oil, behentrimonium chloride, stearamidopropyl dimethylamine, glycerin,euterpe oleracea fruit extract, methylparaben, limonene, chlorhexidine dihydrochloride, isopropyl alcohol, citric acid, hexyl cinnamal, parfum/fragrance (FIL C47360/1). || 18 mois après ouverture. || 
7,30€ / Pce || 
7,30 € || 
4.15 châtain marron glacé, Couleur sans ammoniaque à l'éponge || La boîte de 170ml || Origine : FRANCE || 1126303 - CR\ME COLORANTE : / KLEURCR\ME: AQUA/WATER, CETEARYL ALCOHOL, PROPYLENE GLYCOL, DECETH-3, LAURETH-12, ETHANOLAMINE, OLETH-30, LAURIC ACID, POLYQUATERNIUM-6, GLYCOL DISTEARATE, HEXADIMETHRINE CHLORIDE, SILICA DIMETHYL SILYLATE ÝNANO~/SILICADIMETHYL SILYLATE CI 77891 / TITANIUM DIOXIDE, 2,4-DI AMINOPHENOXYETHANOL HC I , p-AMI NOPHENOL, 2-AMINO-3-HYDROXYPYRIDINE, ASCORBIC ACID, MICA, SODIUM METABISULFITE, THIOLACTIC ACID, THIOGLYCERIN, TOLUENE-2,5-DIAMINE, 2-METHYLRESORCINOL, 2-METHYL-5-HYDROXYETHYLAMINOPHENOL, PENTASODUIM PENTETATE, CARBOMER, RESORCINOL, PARFUM/FRAGRANCE (F.I.L C163772/2) 437046 - LAIT RñVñLATEUR : / ONTWIKKELCR\ME: AQUA/WATER, HYDROGEN PEROXIDE, CETEARYL ALCOHOL, SODIUM STANNATE, TRIDECETH-2 CARBOXAMIDE MEA, PENTASODIUM PENTETATE, PHOSPHORIC ACID, CETEARETH-25, TETRASODIUM PYROPHOSPHATE, GLYCERIN.(F.I.L C11321/9). 1068316 B - SOIN EMBELLISSEUR : / VERZORGENDE NABEHANDLING: AQUA / WATER, CETEARYL ALCOHOL, ELAEIS GUINEENSIS OIL / PALM OIL, BEHENTRIMONIUM CHLORIDE, STEARAMIDOPROPYL DIMETHYLAMINE, GLYCERIN, EUTERPE OLERACEA FRUIT EXTRACT, METHYLPARABEN, LIMONENE, CHLORHEXIDINE DIHYDROCHLORIDE, ISOPROPYL ALCOHOL, CITRIC ACID, HEXYL CINNAMAL, PARFUM / FRAGRANCE (F.I.L C47360/1). || 
7,51€ / Pce || 
7,51 € || 
5.35 châtain doré chocolat || La boîte de 170ml || Origine : FRANCE || 1126304 - CR\ME COLORANTE : / KLEURCR\ME: AQUA / WATER, CETEARYL ALCOHOL, DECETH-3, PROPYLENE GLYCOL, LAURETH-12, ETHANOLAMINE, OLETH-30, LAURIC ACID, POLYQUATERNIUM-6, GLYCOL DISTEARATE, SODIUM METASILICATE, HEXADIMETHRINE CHLORIDE, SILICA DIMETHYLSILYLATE ÝNANO~ / SILICA DIMETHYL SILYLATE, CI 77891 / TITANIUM DIOXIDE, p-AMINOPHENOL, m-AMINOPHENOL, ASCORBIC ACID, MICA, SODIUM METABISULFITE, THIOLACTIC ACID, THIOGLYCERIN, TOLUENE-2,5-DIAMINE, 2-METHYL-5-HYDROXYETHYLAMINOPHENOL, 2-METHYLRESORCINOL, PENTASODIUM PENTETATE, CARBOMER, RESORCINOL, PARFUM / FRAGRANCE. (F.I.L C163773/2). 437046 - LAIT RñVñLATEUR : / ONTWIKKELCR\ME: AQUA/WATER, HYDROGEN PEROXIDE, CETEARYL ALCOHOL, SODIUM STANNATE, TRIDECETH-2 CARBOXAMIDE MEA, PENTASODIUM PENTETATE,PHOSPHORIC ACID, CETEARETH-25, TETRASODIUM PYROPHOSPHATE, GLYCERIN.(F.I.L C11321/9). 1068316 B - SOIN EMBELLISSEUR : / VERZORGENDE NABEHANDLING: AQUA / WATER, CETEARYL ALCOHOL, ELAEIS GUINEENSIS OIL / PALM OIL, BEHENTRIMONIUM CHLORIDE, STEARAMIDOPROPYL DIMETHYLAMINE, GLYCERIN, EUTERPE OLERACEA FRUIT EXTRACT, METHYLPARABEN, LIMONENE, CHLORHEXIDINE DIHYDROCHLORIDE, ISOPROPYL ALCOHOL, CITRIC ACID, HEXYL CINNAMAL, PARFUM / FRAGRANCE (F.I.L C47360/1). || 
7,51€ / Pce || 
7,51 € || 
5.50 Acajou intense lumière, Couleur sans ammoniaque à l'éponge || La boîte de 170ml || Origine : FRANCE || 1126305 - CR\ME COLORANTE : / KLEURCR\ME: AQUA/WATER, CETEARYL ALCOHOL, DECETH-3, PROPYLENE GLYCOL, LAURETH-12, ETHANOLAMINE, OLETH-30, LAURIC ACID, POLYQUATERNIUM-6, GLYCOL DISTEARATE, SODIUM METASILICATE, 4-AMINO-2-HYDROXYTOLUENE, HEXADIMETHRINE CHLORIDE, SILICA DIMETHYL SILYLATE ÝNANO~ / SILICA DIMETHYL SILYLATE, CI 77891/ TITANIUM DIOXIDE, p-AMINOPHENOL, ASCORBIC ACID, MICA, SODIUM METABISULFITE, THIOLACTIC ACID, THIOGLYCERIN, TOLUENE-2,5-DIAMINE, 2-METHYL-5-HYDROXYETHYLAMINOPHENOL, PENTASODIUM PENTETATE, CARBOMER, RESORCINOL, PARFUM/FRAGRANCE (F.I.L C163774/2) 437046 - LAIT RñVñLATEUR : / ONTWIKKELCR\ME: AQUA/WATER, HYDROGEN PEROXIDE, CETEARYL ALCOHOL, SODIUM STANNATE, TRIDECETH-2 CARBOXAMIDE MEA, PENTASODIUM PENTETATE, PHOSPHORIC ACID, CETEARETH-25, TETRASODIUM PYROPHOSPHATE, GLYCERIN.(F.I.L C11321/9). 1068316 B - SOIN EMBELLISSEUR : / VERZORGENDE NABEHANDLING: AQUA / WATER, CETEARYL ALCOHOL, ELAEIS GUINEENSIS OIL / PALM OIL, BEHENTRIMONIUM CHLORIDE, STEARAMIDOPROPYL DIMETHYLAMINE, GLYCERIN, EUTERPE OLERACEA FRUIT EXTRACT, METHYLPARABEN, LIMONENE, CHLORHEXIDINE DIHYDROCHLORIDE, ISOPROPYL ALCOHOL, CITRIC ACID, HEXYL CINNAMAL, PARFUM / FRAGRANCE (F.I.L C47360/1). || 
7,30€ / Pce || 
7,30 € || 
8.0 mon blond lumineux, Couleur permanante || La boîte de 170ml || Origine : FRANCE || Couvre 100% des cheveux blancs. Couleur et brillance longue tenue. Application pinceau.Ma nuance 8.0 Blond Lumineux est particulièrement adaptée aux cheveux blonds à châtains clairs et sera le choix parfait pour raviver l'éclat de votre teint. Préparation et application faciles chez vous. || Vous mélangez le lait et la crème colorante dans un bol non métallique, en toute simplicité. Mon bon dosage de pigments assure une couleur infaillible. Vous déposer le mélange d'abord sur les racines à l'aide du pinceau. Vous l'allongez ensuite sur les longueurs de toute la chevelure. Sans couler, le mélange enrobe parfaitement le cheveu des racines aux pointes. Le résultat couleur dépend de votre couleur naturelle. Les colorants capillaires peuvent provoquer des réactions allergiques sévères. Lire et suivre les instructions. Ce produit n'est destiné à être utilisé sur les personnes de moins de seize ans. Les temporaires noirs à base de henné peuvent augmenter le risque dallergie. Ne vous colorez pas les cheveux si : vous présentez une éruption cutanée sur le visage ou si votre cuir chevelu est sensible, irrité ou abîmé, vous avez déjà fait une réaction après avoir coloré vos cheveux,  vous avez fait par le passé une réaction à un tatouage temporaire noir à base de henné. Il est obligatoire de faire un test d'allergie cutanée heures avant chaque utilisation de ce produit. Penser à acheter votre produit à l'avance pour faire le teste dallergie cutanée 48 heures avant. Le révélateur contient de l'eau oxygénée. Le produit colorantcontient : des phenylenediamines (toluène diamines), de la résorcine, de l'ammoniaque. Eviter le contact du produit avec les yeux, ne pas employer pour la coloration des cils et des sourcils. Ne pas suivre cette consigne peut entraîner la cécité. Rin || Crème colorante : aqua/water, cetearyl alcohol, propylene glycol, deceth-3, laureth-12, ammonium hydroxide, oleth-30, lauric acid, hexadimethrine chloride, glycol distearate, polyquaternium-6, ethanolamine, silica dimethyl silylate, Cl 77891/titaniumdioxide, m-aminophenol, ascorbic acid, sodium metabisulfite, olea europaea oil/olive fruit oil, thioglycerin, toluene-2,5-diamine, dimethicone, pentasodium pentetate, carbomer, resorcinol, parfum/fragrance (F.I.L. C45663/3). Lait révélateur :  aqua/water, hydrogen peroxide, cetearyl alcohol, sodium stannate, trideceth-2 carboxamide mea, pentasodium pentetate, phosphoric acid, ceteareth-25, tetrasodium pyrophosphate, glycerin (F.I.L. C13169/25). Soin embellisseur : aqua/water, cetearyl alcohol,elaeis guineensis oil/palm oil, behentrimonium chloride, stearamidopropyl dimethylamine, glycerin, euterpe oleracea fruit extract, methylparaben, limonene, chlorhexidine dihydrochloride, isopropyl alcohol, citric acid, hexyl cinnamal, parfum/fragrance (F.I.L. C47360/1). || 18 mois après ouverture. || 
7,30€ / Pce || 
7,30 € || 
Bol pour couleur || L'unité || Origine : FRANCE || Bol rose. || 
2,56€ / Pce || 
2,56 € || 
Couleur permanente, 2.1 noir bleuté || La boîte de 170ml || Origine : FRANCE || Ma nuance 2.1 Noir Bleuté est particulièrement adaptée aux cheveux châtains foncés à bruns et sera le choix parfait pour électriser votre noir. Couvre 100% des cheveux blancs. Ne vire pas à l'orange, reflets visibles. Application pinceau. || Temps de pause : 25 minutes. Texture : crème onctueuse. Vous mélangez le lait et la crème colorante dans un bol non métallique, en toute simplicité. Mon bon dosage de pigments assure une couleur infaillible. Vous déposez le mélange d'abord sur les racines à l'aide du pinceau. Vous l'allongez ensuite sur les longueurs de toute la chevelure. Sans couler, le mélange enrobe parfaitement le cheveu des racines aux pointes. La couleur prend sur toute la longueur et couvre 100% des cheveux blancs. Les colorants capillaires peuvent provoquer des réactions allergiques sévères. Lire et suivre les instructions. Ce produit n'est pas destiné à être utilisé sur les personnes de moins de seize ans. Les tatouages temporaires noirs à base de henné peuvent augmenter le risque d'allergie. Ne vous colorez pas les cheveux si : vous présentez une éruption cutanée sur le visage ou si votre cuir chevelu est sensible, irrité ou abîmé, vous avez déjà fait une réaction après avoir coloré vos cheveux, vous avez fait par le passé une réaction à un tatouage temporaire noir à base de henné. Il est obligatoire de faire un test d'allergie cutanée impérativement 48 heures avant chaque utilisation de ce produit (se conformer à la notice). Penser à acheter votre produit à l'avance pour faire le test d'allergie cutanée 48 heures avant. Le révélateur contient de l'eau oxygénée. Le produit colorant contient : des phénylènediamines (toluènediamines), de la résorcine, de l'ammoniaque. Eviter le contact du produit ave || Crème colorante : aqua/water, cetearyl alcohol, propylene glycol, deceth-3, laureth-12, ammonium hydroxide, oleth-30, lauric acid, hexadimethrine chloride, glycol distearate, polyquaternium-6, 2,4-diaminophenoxyethanol hci, ethanolamine, silica dimethyl, silylate, Cl 77891/titanium dioxide, ascorbic acid, sodium, metabisulfite, olea europaea oil/olive fruit oil, thioglycerin, toluene-2,5-diamine, dimethicone, pentasodium pentetate, n,n-bis(2-hydroxyethyl)-p-, phenylenediamine sulfate, carbomer,resorcinol, parfum/fragrance (FIL C51991/1). Lait révélateur : aqua/water, hydrogen peroxide, cetearyl alcohol, sodium stannate, trideceth-2 carboxamide mea, pentasodium pentetate, phosphoric acid, ceteareth-25, tetrasodium pyrophosphate, glycerin (FIL C13169/25). Soin embellisseur : aqua/water, cetearyl alcohol, elaeis guineensis oil/palm oil, behentrimonium chloride, stearamidopropyl dimethylamine, glycerin, euterpe oleracea fruit extract, methylparaben, limonene, chlorhexidine dihydrochloride, isopropyl alcohol, citric acid, hexyl cinnamal, parfum/fragrance (FIL C47360/1). || 18 mois après ouverture. || 
7,41€ / Pce || 
7,41 € || 
Couleur permanente, Blond foncé illuminé 6.0 || L'étui || Origine : FRANCE || 
7,30€ / Pce || 
7,30 € || 
Couleur permanente, Blond très très clair nacré 10.23 || L'étui || Origine : FRANCE || 
7,30€ / Pce || 
7,30 € || 
Couleur permanente, Châtain doré 4.3 || L'étui || Origine : FRANCE || 
7,30€ / Pce || 
7,30 € || 
Couleur permanente, Châtain éblouissant 5.0 || L'étui || Origine : FRANCE || 
7,30€ / Pce || 
7,30 € || 
Couleur permanente, Châtain flamboyant 4.0 || L'étui || Origine : FRANCE || 
7,51€ / Pce || 
7,51 € || 
Couleur permanente, Châtain foncé 3.0 || L'étui || Origine : FRANCE || 
7,51€ / Pce || 
7,51 € || 
Couleur permanente, Noir ébène 1.0 || L'étui || Origine : FRANCE || Ma nuance 1.0 Noir Ebène est particulièrement adaptée aux cheveux châtains clairs à bruns et sera le choix parfait pour donner du caractère.'Dans mes salons je vous fais une couleur sublime et sur-mesure. Retrouvez maintenant ma nouvelle coloration,approuvée dans mon centre technique : des nuances subtiles et faciles à porter, à appliquer au pinceau pour un résultat couleur professionnel, chez vous'.  Franck Provost. || Vous mélangez le lait et la crème colorante dans un bol non métallique, en toute simplicité. Mon bon dosage de pigments assure une couleur infaillible. Vous déposez le mélange d'abord sur les racines à l'aide du pinceau. Vous l'allongez ensuite sur les longueurs de toute la chevelure. Sans couler, le mélange enrobe parfaitement le cheveu des racines aux pointes. La couleur prend sur toute la longueur et couvre 100% des cheveux blancs. Les colorants capillaires peuvent provoquer des réactions allergiques sévères. Lire et suivre les instructions. Ce produit n'est pas destiné à être utilisé sur les personnes de moins de seize ans. Les tatouages temporaires noirs à base de henné peuvent augmenter le risque d'allergie. Ne vous colorez pas les cheveux si : vous présentez une éruption cutanée sur le visage ou si votre cuir chevelu est sensible, irrité ou abîmé, vous avez déjà fait une réaction après avoir coloré vos cheveux, vous avez fait par le passé une réaction à un tatouage temporaire noir à base de henné. Il est obligatoire de faire un test d'allergie cutanée impérativement 48 heures avant chaque utilisation de ce produit (se conformer à la notice). Penser à acheter votre produit à lavance pour faire le test dallergie cutanée 48heures avant. Le révélateur contient de l'eau oxygénée. Le produit colorant contient : des phénylènediamines (toluènediamines), de la résorcine, de l'ammoniaque. Eviter le contact du produit avec les yeux, ne pas employer pour la coloration des cils || Crème colorante : aqua/water, cetearyl alcohol, deceth-3, propylene glycol, laureth-12, oleth-30, ammonium hydroxide, lauric acid, toluene-2,5-diamine, hexadimethrine chloride, glycol distearate, polyquaternium-6, ethanolamine, resorcinol, silica dimethyl silylate, Cl 77891/titanium dioxide, 2,4-diaminophenoxyethanol hcl, m-aminophenol, ascorbic acid, sodium metabisulfite, olea europaea oil/olive fruit oil, thioglycerin, dimethicone, pentasodium pentetate, n,n-bis(2-hydroxyethyl)-p-phenylenediamine sulfate, carbomer, parfum/fragrance (FIL C45653/3). Lait révélateur : aqua/water, hydrogen peroxide, cetearyl alcohol, sodium stannate, trideceth-2 carboxamide mea, pentasodium pentetate, phosphoric acid, ceteareth-25, tetrasodium pyrophosphate,glycerin (FIL C13169/25). Soin embellisseur : aqua/water, cetearyl alcohol, elaeis guineensis oil/palm oil, behentrimonium chloride, stearamidopropyl dimethylamine, glycerin, euterpe oleracea fruit extract, methylparaben, limonene, chlorhexidine dihydrochloride, isopropyl alcohol, citric acid, hexyl cinnamal, parfum/fragrance (FIL C47360/1). || 18 mois après ouverture. || 
7,30€ / Pce || 
7,30 € || 
Crème décolorante, éclaircit jusqu'à 6 tons || Le kit || Origine : FRANCE || 1152192 ? CR\ME DñCOLORANTE :  ? AQUA / WATER ? CETEARYL ALCOHOL ? PROPYLENE GLYCOL ? DECETH-3 ? LAURETH-12 ?  AMMONIUM HYDROXIDE ? OLETH-30 ? LAURIC ACID ? HEXADIMETHRINE CHLORIDE ? GLYCOL DISTEARATE ? POLYQUATERNIUM-6 ? ETHANOLAMINE ? SILICA DIMETHYL SILYLATE ÝNANO~ / SILICA DIMETHYL SILYLATE ? OLEA EUROPAEA OIL / OLIVE FRUIT OIL ? PENTASODIUM PENTETATE ? CARBOMER ? PARFUM / FRAGRANCE  (F.I.L C162863/2)   178914 ? LAIT RñVñLATEUR : ? AQUA / WATER ? HYDROGEN PEROXIDE ? CETEARYL ALCOHOL ? SODIUMSTANNATE ? TRIDECETH-2 ? CARBOXAMIDE MEA ? PENTASODIUM PENTETATE ? PHOSPHORIC ACID ? CETEARETH-25 ? TETRASODIUM PYROPHOSPHATE ? GLYCERIN (F.I.L. C13169/25)   1152191 ? POUDRE DñCOLORANTE :  ? POTASSIUM PERSULFATE ? SODIUM METASILICATE ? SODIUM PERSULFATE ? KAOLIN ? AMMONIUM ? CHLORIDE ? UREA ? STEARETH-100/PEG-136/HDI COPOLYMER ? CYAMOPSIS TETRAGONOLOBUS ? GUM / GUAR GUM ? SODIUM LAURYL SULFATE ? CI 77891/TITANIUM DIOXIDE ? MAGNESIUM STEARATE ?  VP/VA COPOLYMER ? HYDROGENATED POLYDECENE ? EDTA? MAGNESIUM OXIDE ? SODIUM CETEARYL SULFATE ? SODIUM NITRATE ? SODIUM ACETATE ? SILICA ? POLYSORBATE 60 ? DISODIUM PHOSPHATE ? CETYL HYDOXYETHYLCELLULOSE  (F.I.L C162861/2)   1147040 - SOIN MAUVE NEUTRALISANT :  ? AQUA / WATER ? CETEARYL ALCOHOL ? BEHENTRIMONIUM CHLORIDE ? AMODIMETHICONE ? C12-15 ALKYL BENZOATE ? TRIDECETH-6 ? SODIUM HYDROXIDE ? CHLORHEXIDINE DIGLUCONATE ? ISOPROPYL ? ALCOHOL ? HYDROXYETHYLCELLULOSE ? GUAR HYDROXYPROPYLTRIMONIUM CHLORIDE ? CITRIC ? ACID ? CETRIMONIUM CHLORIDE ?HYDROXYANTHRAQUINONEAMINOPROPYL METHYL ? MORPHOLINIUM ? METHOSULFATE ? CETYL ALCOHOL ? PARFUM / FRAGRANCE  (F.I.L C162875/1). || 
7,30€ / Pce || 
7,30 € || 
Décolorant sans ammoniaque || La boite de 162ml || Origine : FRANCE || Que vos cheveux soient naturels ou colorés, le décolorant sans ammoniaque 100% Ultra Blond permet d'obtenir un éclaircissement maximum et un blond intense, lumineux, maximum tenue. Le décolorant sans ammoniaque 100% Ultra Blond est le 1er décolorantsans ammoniaque, qui éclaircit les cheveux naturels, jusqu'à 8 tons. Le décolorant sans ammoniaque 100% Ultra Blond permet d'éclaircir vos cheveux déjà colorés par une précédente coloration. Il gomme les effets en une seule application. Un soin nutritif déjaunisseur. Enrichie ne pigments neutralisants, ce soin garantit un blond pur et brillant. Un soin enrichi à l'huile de fruits, pour un effet déjaunisseur. || Cet étui contient : 1 tube de crème décolorante : 25 g, 1 flacon de crème révélatrice 75 ml +  1 sachet de poudre décolorante 22 g + 1 flacon de soin nutritif déjaunisseur 40 ml + 1 mode d'emploi + 1 paire de gants. Important : ce produit contient des persulfates. Il peut provoquer une réaction allergique qui, dans certains cas rares, peut être grave. Il est donc indispensable de respecter les précautions suivantes : ne pas utiliser si : vous êtes sensible aux persulfates ou avez déjà réagi à unproduit de décoloration. Votre cuir chevelu est sensible, irrité ou abîmé. Il est obligatoire de faire un test dalerte allergie cutanée impérativement 48 heures avant chaque utilisation de ce produit (se conformer à la notice). Penser à acheter votre produit a l'avance pour faire le test dalerte allergie cutanée 48 heures avant. La crème décolorante contient du peroxyde dhydrogène et des persulfates. Ne pas inhaler ou avaler. Si vous avez avalé le produit, consultez immédiatement un médecin.Porter les gants appropriés fournis dans létui. Ne pas employer pour la décoloration des cils et des sourcils ou pour un usage autre que la décoloration des cheveux. Eviter le contact du produit avec les yeux. Rincer immédiatement et abondamment les yeux si le produit entre en contact avec ceux-ci. Ne pas dépasser le temps de pause maximum préconisé, puis rincer très soigneusement les cheveux à leau tiède. En cas de réaction telle que picotements intenses, boutons, sensation de brûlure du cui || Crème décolorante : aqua/ water, cetearyl alcohol, ethanolamine, propylene glycol, deceth-3, laureth-12, oleth-30, lauric acid, glycol distearate, polyquaternium-22, silica dimethyl, silylate, pentasodium pentetate , carbomer, vitis vinifera seed oil/grape seed oil, parfum / fragrance. (C53986/3). Poudre décolorante : potassium persulfate, sodium metasilicate, sodium persulfate, Cl 77891/titanium, dioxide, silica, kaolin, edta. (C54017/4). Crème révélatrice volume : aqua/water, paraffinum liquidum/mineral oil, hydrogen peroxide, cetearyl alcohol, steareth-20, peg-4 rapeseedamide, tocopherol , sodium stannate, polyquaternium-6, pentasodium pentetate, phosphoric acid, tetrasodium pyrophosphate, hexadimethrine chloride, glycerin. (C41208/1). Soin nutritif anti-dessèchement : aqua/water, cetearyl alcohol, behentrimonium chloride, amodimethicone, C12-15 alkyl benzoate, guar hydroxypropyltrimonium chloride, hydroxyethylcellulose , hydroxyanthraquinone-aminopropyl methyl morpholinium, methosulfate, sodium hydroxide, trideceth-6, chlorhexidine digluconate, isopropyl alcohol, cetyl alcohol, citric acid, cetrimonium chloride, parfum/fragrance. (C55548/1). || 
12,62€ / Pce || 
12,62 € || 
10.13 Blond perlé, coloration permanente || La boite de 120ml || Origine : FRANCE || Une formule unique aux colorants nuanceurs pour une blondeur resplendissante aux reflets doux et subtils. Sa formule soin enrichie à l'huile d'Argan, c'est le secret d'un toucher soyeux naturel sublime. Après la coloration, les cheveux sont intensément nourris, ultra-doux et brillants. Sa texture crème Facil-Color unique s'applique comme un shampooing, pour une répartition facile et uniforme. || Coloration permanente Groupe III. Couverture : 100% des cheveux blancs. Temps de pause : 30 minutes. Cet étui contient : 1 flacon applicateur de Lait Révélateur 60 ml + 1 tube de Crème Colorante 40 g + 1 sachet de Crème de Soin Nutritive 20 ml + 1 notice/1 paire de gants. Les colorants capillaires peuvent provoquer des réactions allergiques sévères. Lire et suivre les instructions. Ce produit nest pas destiné à être utilisé sur les personnes de moins de seize ans. Les tatouages temporaires noirs à base de henné peuvent augmenter le risque dallergie. Ne vous colorez pas les cheveux si : vous présentez une éruption cutanée sur le visage ou si votre cuir chevelu est sensible, irrité ou abîmé, vous avez déjà fait une réaction après avoir coloré vos cheveux, vous avez fait par le passé une réaction à un tatouage temporaire noir à base de henné. Il est obligatoire de faire un test dalerte allergie impérativement 48 heures avant chaque utilisation de ce produit (se conformer à la notice).Penser à acheter votre produit à lavance. pour faire le test dalerte allergie 48 heures avant. Le révélateur contient du peroxyde dhydrogène. La crème colorante contient : des diaminobenzènes, de la résorcine, de lammoniaque. Evitez le contact avec les yeux, ne pas employer pour la coloration des cils et des sourcils. Rincer immédiatement et abondamment les yeux si le produit entre en contact avec ceux-ci. Porter les gants appropriés fournis dans létui. Bien rincer les cheveux après applica || Crème colorante : aqua/water, deceth-3, laureth-12, cocamide mipa, ammonium hydroxide, oleth-30, deceth-5, glycerin, oleic acid, oleyl alcohol, hexadimethrine chloride, m-aminophenol, ascorbic acid, sodium metabisulfite, hydroxyethylcellulose, ethanolamine, triticum vulgare germ oil / wheat germ oil, polyquaternium-6, polyquaternium-67, simmondsia chinensis oil / jojoba seed oil, 2-methylresorcinol, 2-methyl-5-hydroxyethylaminophenol, isopropanolamine, p-phenylenediamine, resorcinol, edta, parfum / fragrance. (FIL C41134/1). Lait révélateur : aqua / water, hydrogen peroxide, cetearyl alcohol, sodium stannate, trideceth-2 carboxamide mea, pentasodium pentetate, phosphoric acid, ceteareth-25, tetrasodium pyrophosphate, glycerin (FIL C10550/12). Crème de soin nutritive : aqua / water, cetearyl alcohol, dimethicone, peg-150/stearyl alcohol/smdi copolymer, ppg-1 trideceth-6, argania spinosa oil / argania spinosa kernel oil, polyquaternium-37, chlorhexidine dihydrochloride, limonene, linalool, benzyl salicylate, paraffinum liquidum / mineral oil, methylparaben, methyl cyclodextrin, citronellol, butylphenyl methylpropional, hexyl cinnamal, parfum / fragrance (FIL C164810/2). || 
9,12€ / Pce || 
9,12 € || 
32 Blond foncé doré irisé, Coloration permanente || La boite de 120ml || Origine : FRANCE || Garnier Belle Color recrée toutes les nuances d'une couleur naturelle et couvre 100% des cheveux blancs pour un résultat naturel garanti, tout en nuance. Enrichie en huile de jojoba et de germe de blé, Garnier Belle Color laisse les cheveux doux et naturels au toucher. Sa texture crème Facil-Color unique s'applique comme un shampooing, ne coule pas, et couvre parfaitement les cheveux blancs en 20 minutes seulement. Nouveau Collection Reflets Solaires : du matin au soir, les reflets solaires varient du plus chaud au plus froid, dans une infinité de nuances lumineuses incomparables. Une vraie source d'inspiration pour notre collection de nuances modernes et ensoleillées. || Cet étui contient : 1 flacon applicateur de lait révélateur 60 ml + 1 tube de crème colorante 40 ml + 1 sachet de crème de soin nutritive 20 ml + 1 notice + 1 paire de gants. Les colorants capillaires peuvent provoquer des réactions allergiques sévères. Lire et suivre les instructions. Ce produit nest pas destiné à être utilisé sur les personnes de moins de seize ans. Les tatouages temporaires noirs à base de henné peuvent augmenter le risque dallergie. Ne vous colorez pas les cheveux si : vous présentez une éruption cutanée sur le visage ou si votre cuir chevelu est sensible, irrité ou abîmé, vous avez déjà fait une réaction après avoir coloré vos cheveux, vous avez fait par le passé une réaction à un tatouage temporaire noir à base de henné. Il est obligatoire de faire un test dallergie cutanée impérativement 48 heures avant chaque utilisation de ce produit (se conformer à la notice). Penser à acheter votre produit à l'avance pour faire le test d'allergie cutanée 48 heures avant.Le lait révélateur contient de leau oxygénée. Le produit colorant contient : des diaminobenzènes, de la résorcine, de lammoniaque. Éviter le contact du produit avec les yeux, ne pas employer pour la coloration des cils et des sourcils. Rincer immédiatement et abondamment les yeux si le produit entre en contact avec ceux-ci. Porter les gants appropriés fournis dans létui. Bien rincer les cheveux après application. Attendre 15 jours après un défrisage, une permanente ou un lissage durable pour || Crème colorante : Aqua/water, deceth-3, laureth-12, cocamide mipa, oleth-30, ammonium hydroxide, deceth-5, glycerin, oleic acid, oleyl alcohol, hexadimethrine chloride, 4-amino-m-cresol, m-aminophenol, ascorbic acid, hydroxyethylcellulose, ethanolamine, 6-hydroxyindole, triticum vulgare germ oil / wheat germ oil, polyquaternium-6, polyquaternium-67, ammonium thiolactate, simmondsia chinensis oil / jojoba seed oil, 2-methylresorcinol, 2-methyl-5-hydroxyethylaminophenol, isopropanolamine, p-phenylenediamine, resorcinol, edta, parfum /fragrance. (Fil C41116/1). Lait révélateur : aqua/ water, hydrogen peroxide, cetearyl alcohol, sodium stannate, trideceth-2 carboxamide mea, pentasodium pentetate, phosphoric acid, ceteareth-25, tetrasodium pyrophosphate, glycerin. (Fil C10550/12). Crème de soin nutritive : aqua/water, cetearyl alcohol, dimethicone, niacinamide, chamomilla recutita extract / matricaria flower extract, vaccinium macrocarpon (cranberry) seed oil, sodium hydroxide, peg-150/stearyl alcohol/smdi copolymer, juglans regia (walnut) seed oil, ppg-1 trideceth-6, polyquaternium-37, maltodextrin, chlorhexidine dihydrochloride, limonene, camellia sinensis extract / camellia sinensis leaf extract, linalool, benzyl salicylate, propylene glycol, paraffinum liquidum / mineral oil, pyridoxine hci, methylparaben, citronellol, butylphenyl methylpropional, hexyl cinnamal, parfum/ fragrance. (Fil C45553/3). || 
8,91€ / Pce || 
8,91 € || 
4.26 Cacao épicé riche, Coloration permanente || La boite de 120ml || Origine : FRANCE || Formule unique à l'équilibre parfait entre des colorants purs pour des ultra reflets et des colorants nuanceurs pour offrir la plus belle des couleurs vibrantes, au résultat parfaitement naturel. Pour la première fois, Belle Color décline son savoir-faire du résultat naturel garanti, avec la gamme Ultra Reflets, pour une couleur vibrante et un résultat toujours naturel. Sans effet casque, elle couvre 100% des cheveux blancs. Sa formule soin enrichie à l'huile d'Argan, c'est le secret d'un toucher soyeux naturel sublime. Après la coloration les cheveux sont intensément nourris, ultra-doux et brillants. Sa texture crème Facile-Color unique s'applique comme un shampooing, pour une répartition facile et uniforme. || Cet étui contient : 1 flacon applicateur de lait révélateur 60 ml + 1 tube de crème colorante 40 g + 1 sachet de crème de soin nutritive 20 ml + 1 notice + 1 paire de gants. Temps de pause : 30 minutes. Les colorants capillaires peuvent provoquer desréactions allergiques sévères. Lire et suivre les instructions. Ce produit nest pas destiné à être utilisé sur les personnes de moins de seize ans. Les tatouages temporaires noirs à base de henné peuvent augmenter le risque dallergie. Ne vous colorez pas les cheveux si : vous présentez une éruption cutanée sur le visage ou si votre cuir chevelu est sensible, irrité ou abîmé, vous avez déjà fait une réaction après avoir coloré vos cheveux, vous avez fait par le passé une réaction à un tatouagetemporaire noir à base de henné. Il est obligatoire de faire un test dallergie cutanée impérativement 48 heures avant chaque utilisation de ce produit (se conformer à la notice). Penser à acheter votre produit à l'avance pour faire le test d'allergie cutanée 48 heures avant. Le lait révélateur contient du peroxyde d'hydrogène. Le produit colorant contient : des diaminobenzènes, de la résorcine, de lammoniaque. Éviter le contact avec les yeux, ne pas employer pour la coloration des cils et dessourcils. Rincer immédiatement et abondamment les yeux si le produit entre en contact avec ceux-ci. Porter les gants appropriés fournis dans létui. Bien rincer les cheveux après application. Attendre 15 jours après un défrisage, une permanente ou u || Crème colorante : aqua/water, deceth-3, laureth-12, cocamide mipa, oleth-30, ammonium hydroxide, deceth-5, glycerin, oleic acid, oleyl alcohol, hexadimethrine chloride, 2-methyl-5-hydroxyethylaminophenol, m-aminophenol, ascorbic acid, hydroxyethylcellulose, ethanolamine, triticum vulgare germ oil  /wheat germ oil, polyquaternium-6, polyquaternium-67, ammonium thiolactate, simmondsia chinensis oil / jojoba seed oil, isopropanolamine, p-phenylenediamine, resorcinol, edta, parfum/fragrance. (F.I.L.C41101/1). Lait révélateur : aqua/water, hydrogen peroxide, cetearyl alcohol, sodium stannate, trideceth-2, carboxamide mea, pentasodium pentetate, phosphoric acid, ceteareth-25, tetrasodium pyrophosphate, glycerin (FIL C10550/12). Crème de soin nutritive : aqua/water, cetearyl alcohol, dimethicone, peg-150/stearyl alcohol/smdi copolymer, ppg-1 trideceth-6, argania spinosa oil/argania spinosa kernel oil, polyquaternium-37, maltodextrin, chlorhexidine dihydrochloride, limonene, linalool, benzylsalicylate, paraffinum liquidum/mineral oil, methylparaben, citronellol, butylphenyl methylpropional, hexyl cinnamal, parfum/fragrance (FIL C55126/3). || 
8,91€ / Pce || 
8,91 € || 
4.5 Acajou naturel riche || La boite de 120ml || Origine : FRANCE || Formule unique à l'équilibre parfait entre des colorants purs pour des ultra reflets et des colorants nuanceurs pour offrir la plus belle des couleurs vibrantes, au résultat parfaitement naturel. Pour la première fois, Belle Color décline son savoir-faire du résultat naturel garanti, avec la gamme Ultra Reflets, pour une couleur vibrante et un résultat toujours naturel. Sans effet casque, elle couvre 100% des cheveux blancs. Sa formule soin enrichie à l'huile d'Argan, c'est le secret d'un toucher soyeux naturel sublime. Après la coloration les cheveux sont intensément nourris, ultra-doux et brillants. Sa texture crème Facil-Color unique s'applique comme un shampooing, pour une répartition facile et uniforme. || Cet étui contient : 1 flacon applicateur de lait révélateur 60 ml + 1 tube de crème colorante 40 g + 1 sachet de crème de soin nutritive 20 ml + 1 notice + 1 paire de gants. Temps de pause : 30 minutes. Les colorants capillaires peuvent provoquer desréactions allergiques sévères. Lire et suivre les instructions. Ce produit nest pas destiné à être utilisé sur les personnes de moins de seize ans. Les tatouages temporaires noirs à base de henné peuvent augmenter le risque dallergie. Ne vous colorez pas les cheveux si : vous présentez une éruption cutanée sur le visage ou si votre cuir chevelu est sensible, irrité ou abîmé, vous avez déjà fait une réaction après avoir coloré vos cheveux, vous avez fait par le passé une réaction à un tatouagetemporaire noir à base de henné. Il est obligatoire de faire un test dallergie cutanée impérativement 48 heures avant chaque utilisation de ce produit (se conformer à la notice). Penser à acheter votre produit à l'avance pour faire le test d'allergie cutanée 48 heures avant. Le lait révélateur contient du peroxyde d'hydrogène. Le produit colorant contient : des diaminobenzènes, de la résorcine, de lammoniaque. Éviter le contact avec les yeux, ne pas employer pour la coloration des cils et dessourcils. Rincer immédiatement et abondamment les yeux si le produit entre en contact avec ceux-ci. Porter les gants appropriés fournis dans létui. Bien rincer les cheveux après application. Attendre 15 jours après un défrisage, une permanente ou u || Crème colorante : aqua/water, deceth-3, laureth-12, cocamide mipa, oleth-30, ammonium hydroxide, deceth-5, glycerin, oleic acid, oleyl alcohol, hexadimethrine chloride, p-aminophenol, 4-amino-2-hydroxytoluene, m-aminophenol, ascorbic acid, hydroxyethylcellulose, sodium metabisulfite, ethanolamine, triticum vulgare germ oil / wheat germ oil, polyquaternium-6, polyquaternium-67, 2-methyl-5-hydroxyethylaminophenol, ammonium thiolactate, simmondsia chinensis oil / jojoba seed oil, isopropanolamine,p-phenylenediamine, resorcinol, edta, parfum/fragrance. (F.I.L.C41103/3). Lait révélateur : aqua/water, hydrogen peroxide, cetearyl alcohol, sodium stannate, trideceth-2, carboxamide mea, pentasodium pentetate, phosphoric acid, ceteareth-20, tetrasodium pyrophosphate, glycerin (FIL C10550/12). Crème de soin nutritive : aqua/water, cetearyl alcohol, dimethicone, peg-150/stearyl alcohol/smdi copolymer, ppg-1 trideceth-6, argania spinosa oil/argania spinosa kernel oil, polyquaternium-37, maltodextrin, chlorhexidine dihydrochloride, limonene, linalool, benzyl salicylate, paraffinum liquidum/mineral oil, methylparaben, citronellol, butylphenyl methylpropional, hexyl cinnamal, parfum/fragrance (FIL C55126/3). || 
8,91€ / Pce || 
8,91 € || 
5.62 Acajou irisé riche, Coloraion permanente || La boite de 120ml || Origine : FRANCE || Formule unique à l'équilibre parfait entre des colorants purs pour des ultra reflets et des colorants nuanceurs pour offrir la plus belle des couleurs vibrantes, au résultat parfaitement naturel. Pour la première fois, Belle Color décline son savoir-faire du résultat naturel garanti, avec la gamme Ultra Reflets, pour une couleur vibrante et un résultat toujours naturel. Sans effet casque, elle couvre 100% des cheveux blancs. Sa formule soin enrichie à l'huile d'Argan, c'est le secret d'un toucher soyeux naturel sublime. Après la coloration les cheveux sont intensément nourris, ultra-doux et brillants. Sa texture crème Facile-Color unique s'applique comme un shampooing, pour une répartition facile et uniforme. || Cet étui contient : 1 flacon applicateur de lait révélateur 60 ml + 1 tube de crème colorante 40 g + 1 sachet de crème de soin nutritive 20 ml + 1 notice + 1 paire de gants. Temps de pause : 30 minutes. Les colorants capillaires peuvent provoquer desréactions allergiques sévères. Lire et suivre les instructions. Ce produit nest pas destiné à être utilisé sur les personnes de moins de seize ans. Les tatouages temporaires noirs à base de henné peuvent augmenter le risque dallergie. Ne vous colorez pas les cheveux si : vous présentez une éruption cutanée sur le visage ou si votre cuir chevelu est sensible, irrité ou abîmé, vous avez déjà fait une réaction après avoir coloré vos cheveux, vous avez fait par le passé une réaction à un tatouagetemporaire noir à base de henné. Il est obligatoire de faire un test dallergie cutanée impérativement 48 heures avant chaque utilisation de ce produit (se conformer à la notice). Penser à acheter votre produit à l'avance pour faire le test d'allergie cutanée 48 heures avant. Le lait révélateur contient du peroxyde d'hydrogène. Le produit colorant contient : des diaminobenzènes, de la résorcine, de lammoniaque. Éviter le contact avec les yeux, ne pas employer pour la coloration des cils et dessourcils. Rincer immédiatement et abondamment les yeux si le produit entre en contact avec ceux-ci. Porter les gants appropriés fournis dans létui. Bien rincer les cheveux après application. Attendre 15 jours après un défrisage, une permanente ou u || Crème colorante : aqua / water, deceth-3, laureth-12, cocamide mipa, oleth-30, ammonium hydroxide, deceth-5, glycerin, oleic acid, oleyl alcohol, 2, 4-diaminophenoxyethanol hcl, hexadimethrine chloride, ascorbic acid, hydroxyenzomorpholine, hydroxyethylcellulose, ethanolamine, triticum vulgare germ oil / wheat germ oil, polyquaternium-6, polyquaternium-67, ammonium thiolactate, simmondsia chinensis oil / jojoba seed oil, isopropanolamine, p-phenylenediamine, resorcinol, edta, parfum / fragrance.(F.I.L C41099/1). Lait révélateur : aqua/water, hydrogen peroxide, cetearyl alcohol, sodium stannate, trideceth-2, carboxamide mea, pentasodium pentetate, phosphoric acid, ceteareth-25, tetrasodium pyrophosphate, glycerin (FIL C10550/12). Crème de soin nutritive : aqua/water, cetearyl alcohol, dimethicone, peg-150/stearyl alcohol/smdi copolymer, ppg-1 trideceth-6, argania spinosa oil/argania spinosa kernel oil, polyquaternium-37, maltodextrin, chlorhexidine dihydrochloride, limonene, linalool,benzyl salicylate, paraffinum liquidum/mineral oil, methylparaben, citronellol, butylphenyl methylpropional, hexyl cinnamal, parfum/fragrance (FIL C55126/3). || 
8,91€ / Kg || 
8,91 € || 
100% blond, doré éclaircissant, crème adoucissement éclaircissement, protéines + complexeanti-UV || La boîte de 120ml || Origine : FRANCE || Un pouvoir légèrement éclaircissant pour un blond naturel et léger, d'une brillance éclatante. Grâce au complexe anti-UV de Garnier 100% blond, votre blond reste frais et lumineux, très longtemps. Un soin intense pour vos cheveux. Un soin nutritif aux protéines pour des cheveux protégés et doux au toucher. Un éclaircissement facile à réaliser. Une texture riche et crémeuse qui ne coule pas et ne tache pas. Une application ultra-facile et homogène sur toute la longueur. || Il est obligatoire, dans tous les cas, de faire un test d'allergie cutanée impérativement 48 heures avant chaque utilisation de ce produit (se conformer à la notice). Ne couvre pas les cheveux blancs.  La coloration peut provoquer une réaction allergique qui, dans certains cas rares, peut être grave. Ne pas utiliser si vous avez déjà réagi à un produit de coloration, vous avez le cuir chevelu irrité ou abîmé. Tatouage henné noir : si vous avez fait, même une seule fois, un tatouage au henné noir, vous risquez d'être devenue allergique sans le savoir. Ne pas utiliser ce produit sans avoir effectué le test d'allergie cutanée, 48 heures avant l'utilisation du produit. Pensez à acheter votre produit à l'avance pour faire le test d'allergie cutanée 48 heures avant. Evitez le contact du produit avec la peau et les yeux. Ne pas employer pour la coloration des cils et des sourcils, ne pas suivre cette consigne peut entraîner la cécité. Rincez immédiatement les yeux si le produit entre en contact avec ceux-ci. Portez les gants appropriés fournis dans l'étui. Bien rincer les cheveux après application. Ne pas utiliser si vos cheveux ont été colorés par du henné ou avec une colloration progressive. Tenir hors de la portée des enfants. Ne pasutiliser pour l'enfant. Se conformer à la notice. Ne pas utiliser le produit si vous avez beaucoup de cheveux blancs ou si vous avez une base naturelle foncée (châtains à brun) ou si vos cheveux sont colorés. || Révélateur crème : aqua, hydrogen peroxide, cetearyl alcohol, sodium stannate, trideceth-2 carboxamide mea, pentasodium pentetate, ceteareth-30, tetrasodium pyrophosphate, glycerin. (FIL C13169/21). Crème colorante légèrement éclaircissante : aqua, cetearyl alcohol, propylene glycol, deceth-3, laureth-12, oleth-30, lauric acid, ammonium hydroxide, hexadimethrine chloride, glycol distearate, polyquaternium-22, ethanolamine, silica dimethyl silylate, Cl77891/titanium dioxide, dimethicone, pentasodium pentetate, carbomer, parfum. (F.I.L. C27942/1). Soin nutritif : aqua, cetearyl alcohol, behentrimonium chloride, PEG-180, amodimethicone, cetyl esters, hydroxyethylcellulose, hydroxypropyltrimonium hydrolyzed wheat protein, trideceth-12, chlorhexidine dihydrochloride, camphor benzalkonium methosulfate, limonene, linalool, methylparaben, citric acid, cetrimonium chloride, hexyl cinnamal, parfum. (FIL C14074/2). || Révélateur crème : aqua, hydrogen peroxide, cetearyl alcohol, sodium stannate, trideceth-2 carboxamide mea, pentasodium pentetate, ceteareth-30, tetrasodium pyrophosphate, glycerin. (FIL C13169/21). Crème colorante légèrement éclaircissante : aqua, cetearyl alcohol, propylene glycol, deceth-3, laureth-12, oleth-30, lauric acid, ammonium hydroxide, hexadimethrine chloride, glycol distearate, polyquaternium-22, ethanolamine, silica dimethyl silylate, Cl77891/titanium dioxide, dimethicone, pentasodium pentetate, carbomer, parfum. (F.I.L. C27942/1). Soin nutritif : aqua, cetearyl alcohol, behentrimonium chloride, PEG-180, amodimethicone, cetyl esters, hydroxyethylcellulose, hydroxypropyltrimonium hydrolyzed wheat protein, trideceth-12, chlorhexidine dihydrochloride, camphor benzalkonium methosulfate, limonene, linalool, methylparaben, citric acid, cetrimonium chloride, hexyl cinnamal, parfum. (FIL C14074/2). || 
12,62€ / Pce || 
12,62 € || 
10 Blond très très clair, Couleur permanente profond || La boîte de 140ml || Origine : FRANCE || La 1ère mousse colorante nutritive pour une performance couleur spectaculaire. Une nouvelle génération de mousse onctueuse pour une application ultra-facile. Unique, sa texture crémeuse pénètre en profondeur et diffuse harmonieusement les colorants au coeur de la fibre. Enrichie aux 3 huiles d'avocat, d'olive et de karité. || Les colorants capillaires peuvent provoquer des réactions allergiques sévères. Lire et suivre les instructions. Ce produit n'est pas destine à être utilisé sur les personnes de moins de seize ans. Les tatouages temporaires noirs à base de henné peuvent augmenter le risque dallergie. Ne vous colorez pas les cheveux si : vous présentez une éruption cutanée sur le visage ou si votre cuir chevelu est sensible, irrité ou abîmé, vous avez déjà fait une réaction après avoir coloré vos cheveux, vous avez fait par le passé une réaction à un tatouage temporaire noir à base de henné. Il est obligatoire de faire un test d'allergie cutanée impérativement 48 heures avant chaque utilisation de ce produit (se conformer à la notice). Penser à acheter votre produit à lavance pour faire le test dallergie cutanée 48 heures avant. Le révélateur contient de l'eau oxygénée. Le produit colorant contient des phenylenediamine (toluènediamines), de la résorcine, de lammoniaque. Eviter le contact du produitavec les yeux, ne pas employer pour la coloration des cils et des sourcils. Rincer immédiatement et abondamment les yeux, si le produit entre en contact avec ceux-ci. Porter les gants appropriés fournis dans l'étui. Bien rincer les cheveux après application. Attendre 15 jours après une décoloration, un défrisage, une permanente ou un lissage durable pour appliquer la coloration. Ne pas utiliser si vos cheveux ont été colorés par du henné ou une coloration progressive. Tenir hors de la portée des || Colorant : aqua/water, alcohol denat., peg4 rapeseedamide, glyceryl lauryl ether, deceth-3, propylene glycol, ammonium hydroxide, laureth-5 carboxylic acid, ethanolamine, dipropylene glycol, hexylene glycol, poloxamer 338, polyquaternium-6, oleyl alcohol, p-aminophenol, m-aminophenol, sodium metabisulfite, thioglycerin, toluene-2,5-diamine, ammonium thiolactate, resorcinol, edta, erythorbic acid, parfum/fragrance. (C53238/1). Lait révélateur : aqua/water, hydrogen peroxide, glycerin, laureth-11,sodium salicylate, phosphoric acid, tetrasodium etidronate, tetrasodium pyrophosphate (C48403/1). Soin nutritive : aqua/water, cetearyl alcohol, behentrimonium chloride, peg-180, cetyl esters, Cl19140/yellow 5, Cl15985/yellow 6, niacinamide, ribes nigrum oil/black currant seed oil, saccharum officinarum extract/sugar cane extract, hydroxyethylcellulose, olea europaea oil/olive fruit oil, trideceth-6, chlorhexidine dihydrochloride, camellia sinensis extract/camellia sinensis leaf extract, benzylalcohol, linalool, amodimethicone isopropyl alcohol, pyrus malus extract/apple fruit extract, pyridoxine hcl, persea gratissima oil/avocado oil, methylparaben, butyrospermum parkii butter/shea butter, citric acid, cetrimonium chloride, butylphenyl methylpropional, citrus medica limonum peel extract/lemon peel extract, parfum/fragrance. (C35470/3). || 
11,01€ / Pce || 
11,01 € || 
13 Blond très clair glacé, Crème facil-color coloration permanente || La boîte de 120ml || Origine : FRANCE || Garnier Belle Color recrée toutes les nuances d'une couleur naturelle et couvre 100% des cheveux blancs pour un résultat naturel garanti, tout en nuance. Enrichie en huile de jojoba et de germe de blé, Garnier Belle Color laisse les cheveux doux et naturels au toucher. || Sa texture crème Facil-color unique s'applique comme un shampooing, ne coule pas, et couvre parfaitement les cheveux blancs en 20 minutes seulement. Les colorants capillaires peuvent provoquer des réactions allergiques sévères. Lire et suivre les instructions. Ce produit n'est pas destiné à être utilisé sur les personnes de moins de seize ans. Les tatouages temporaires noirs à base de henné peuvent augmenter le risque d'allergie. Ne vous colorez pas les cheveux si : vous présentez une éruption cutanée sur le visage ou si votre cuir chevelu est sensible, irrité ou abimé, vous avez déjà fait une réaction après avoir coloré vos cheveux, vous avez fait par le passé une réaction à un tatouage temporaire noir à base de henné. Il est obligatoire de faire un test d'allergie cutanée impérativement 48 heures avant chaque utilisation de ce produit (se conformer à la notice). Penser à acheter votre produit à l'avance pour faire le test d'allergie cutanée 48 heures avant. Le lait révélateur contient de l'eau oxygénée. Le produit colorant contient : des diaminobenzènes, de la résorcine, de l'ammoniaque. Eviter le contact du produit avec les yeux, ne pas employer pour la coloration des cils et des sourcils. Rincer immédiatement et abondamment les yeux si le produit entre en contact avec ceux-ci. Porter les gants appropriés fournis dans l'étui. Bien rincer les cheveux après application. Attendre 15 jours après un défrisage, une permanente ou un lissage durable pour appliquer la coloration. N || 
8,91€ / Pce || 
8,91 € || 
22, crème facil-color permanente châtain, à l'huile de jojoba et de germe de blé || La boîte de 115ml || Origine : FRANCE || Résultat naturel garanti. Grâce à sa formule unique aux colorants nuanceurs Garnier Belle Color recréé toutes les nuances d'une couleur naturelle et couvre 100% des cheveux blancs.Enrichie en huile de jojoba et de germe de blé, Garnier Belle Color laisse les cheveux doux et naturels au toucher. Une coloration facile et rapide. || Sa texture unique Crème Facil-Color, qui ne coule pas, s'applique comme un shampooing et agit en 20 minutes seulement. Important : la coloration peut provoquer une réaction allergique qui, dans certains cas rares, peut être grave. Il est obligatoire,dans tous les cas, de faire un test d'allergie cutanée impérativement 48 heures avant chaque utilisation de ce produit (se conformer à la notice). Ne pas utiliser si : vous avez déjà réagi à un produit de coloration, vous avez le cuir chevelu irritéou abîmé. Tatouage henné noir : si vous avez fait, même une seule fois, un tatouage au henné noir, vous risquez d'être devenue allergique sans le savoir. Ne pas utiliser ce produit sans avoir effectué le test d'allergie cutanée, 48 heures avant l'utilisation du produit. Pensez à acheter votre produit à l'avance pour faire le test d'allergie cutanée 48 heures avant. Le révélateur contient de l'eau oxygénée. Le produit colorant contient : des diaminobenzènes, de la résorcine, de l'ammoniaque. Eviter le contact du produit avec la peau et les yeux, ne pas employer pour la coloration des cils et des sourcils. Ne pas suivre cette consigne peut entraîner la cécité. Rincer immédiatement et abondamment les yeux si le produit entre en contact avec ceux-ci. Porter les gants appropriés fournis dans l'étui. Bien rincer les cheveux après application. Ne pas utiliser si vos cheveux ont été colorés par du henné ou une coloration progressive. Tenir hors de la portée des enfants. Ne pas utiliser chez l || Crème colorante : aqua/water, deceth-3, laureth-12, cocamide mipa, ammonium hydroxide, oleth-30, glycerin, deceth-5, oleic acid, oleyl alcohol, hexadimethrine chloride, 2.4-diaminophenoxyethanol HCl, m-aminophenol, ascorbic acid, hydroxyethylcellulose, hydroxybenzomorpholine, ethanolamine, triticum vulgare/wheat germ oil, polyquaternium-6, polyquaternium-24, ammonium thiolactate, simmondsia chinensis/jojoba seed oil, isopropanolamine, p-phenylenediamine, resorcinol, edta, parfum/fragrance. (F.I.L. C26884/1). Lait révélateur : aqua/water, hydrogen peroxide, cetearyl alcohol, sodium stannate, trideceth-2 carboxamide mea, pentasodium pentetate, phosphoric acid, ceteareth-25, tetrasodium pyrophosphate, glycerin. (F.I.L. C10550/12). Crème de soin nutritive : aqua/water, cetearyl alcohol, dimethicone, niacinamide, peg-150/stearyl alcohol/smdi copolymer, ppg-1 trideceth-6, polyquaternium-37, chlorhexidine dihydrochloride, limonene, linalool, benzyl salicylate, paraffinum liquidum/mineral oil,methylparaben, citronellol, butylphenyl methylpropional, hexyl cinnamal, parfum/fragrance. (F.I.L. C30561/1). || 
8,64€ / Pce || 
8,64 € || 
24, crème facil-color permanente châtain foncé, à l'huile de jojoba et de germe de blé || La boîte de 115ml || Origine : FRANCE || Un résultat couleur tellement naturel. Ni plombé, ni casqué, grâce à une association unique de colorants qui respectent les contrastes et le relief propre à la chevelure naturelle, tout en couvrant tous les cheveux blancs. Garnier Belle Color, c'esttoujours une couleur très lumineuse, subtile, et vraiment naturelle. || acid, hydroxybenzomorpholine, ethanolamine, triticum vulgare/wheat germ oil, polyquaternium-24, ammonium thiolactate, camellia kissi/camellia kissi seed oil, simmondsia chinensis/jojoba seed oil, p-phenylenediamine, alpha-isomethyl ionone, resorcinol, EDTA, citronellol, parfum (C19760/2). Lait révélateur : aqua, hydrogen peroxide, cetearyl alcohol, sodium stannate, trideceth-2 carboxamide mea, pentasodium pentetate, ceteareth-30, tetrasodium pyrophosphate, glycerin (C10550/10). Bain crème nutritif : aqua, cetearyl alcohol, dimethicone, PEG-150/stearyl alcohol/smdi copolymer, PPG-1 trideceth-6, polyquaternium-37, chlorhexidine dihydrochloride, paraffinum liquidum/mineral oil, methylparaben, butylphenyl methylpropional, amyl cinnamal, parfum(C14742/2). Le révélateur contient de l'eau oxygénée. Le produit colorant contient des diaminobenzènes, de la résorcine, de l'ammoniaque. || 
8,91€ / Pce || 
8,91 € || 
25 Châtain irisé acajou, Crème facil-color coloration permanente || La boîte de 120ml || Origine : FRANCE || Garnier Belle Color recrée toutes les nuances d'une couleur naturelle et couvre 100% des cheveux blancs pour un résultat naturel garanti, tout en nuance. Enrichie en huile de jojoba et de germe de blé, Garnier Belle Color laisse les cheveux doux et naturels au toucher. || Sa texture crème Facil-color unique s'applique comme un shampooing, ne coule pas, et couvre parfaitement les cheveux blancs en 20 minutes seulement. Les colorants capillaires peuvent provoquer des réactions allergiques sévères. Lire et suivre les instructions. Ce produit n'est pas destiné à être utilisé sur les personnes de moins de seize ans. Les tatouages temporaires noirs à base de henné peuvent augmenter le risque d'allergie. Ne vous colorez pas les cheveux si : vous présentez une éruption cutanée sur le visage ou si votre cuir chevelu est sensible, irrité ou abimé, vous avez déjà fait une réaction après avoir coloré vos cheveux, vous avez fait par le passé une réaction à un tatouage temporaire noir à base de henné. Il est obligatoire de faire un test d'allergie cutanée impérativement 48 heures avant chaque utilisation de ce produit (se conformer à la notice). Penser à acheter votre produit à l'avance pour faire le test d'allergie cutanée 48 heures avant. Le lait révélateur contient de l'eau oxygénée. Le produit colorant contient : des diaminobenzènes, de la résorcine, de l'ammoniaque. Eviter le contact du produit avec les yeux, ne pas employer pour la coloration des cils et des sourcils. Rincer immédiatement et abondamment les yeux si le produit entre en contact avec ceux-ci. Porter les gants appropriés fournis dans l'étui. Bien rincer les cheveux après application. Attendre 15 jours après un défrisage, une permanente ou un lissage durable pour appliquer la coloration. N || 
8,91€ / Pce || 
8,91 € || 
5, crème facil-color permanente blond foncé, à l'huile de jojoba et de germe de blé, la boîte,115ml || La boîte de 115ml || Origine : FRANCE || Résultat naturel garanti. Grâce à sa formule unique aux colorants nuanceurs Garnier Belle Color recréé toutes les nuances d'une couleur naturelle et couvre 100% des cheveux blancs.Enrichie en huile de jojoba et de germe de blé, Garnier Belle Color laisse les cheveux doux et naturels au toucher. Une coloration facile et rapide. || Sa texture unique Crème Facil-Color, qui ne coule pas, s'applique comme un shampooing et agit en 20 minutes seulement. Important : la coloration peut provoquer une réaction allergique qui, dans certains cas rares, peut être grave. Il est obligatoire,dans tous les cas, de faire un test d'allergie cutanée impérativement 48 heures avant chaque utilisation de ce produit (se conformer à la notice). Ne pas utiliser si : vous avez déjà réagi à un produit de coloration, vous avez le cuir chevelu irritéou abîmé. Tatouage henné noir : si vous avez fait, même une seule fois, un tatouage au henné noir, vous risquez d'être devenue allergique sans le savoir. Ne pas utiliser ce produit sans avoir effectué le test d'allergie cutanée, 48 heures avant l'utilisation du produit. Pensez à acheter votre produit à l'avance pour faire le test d'allergie cutanée 48 heures avant. Le révélateur contient de l'eau oxygénée. Le produit colorant contient : des diaminobenzènes, de la résorcine, de l'ammoniaque. Eviter le contact du produit avec la peau et les yeux, ne pas employer pour la coloration des cils et des sourcils. Ne pas suivre cette consigne peut entraîner la cécité. Rincer immédiatement et abondamment les yeux si le produit entre en contact avec ceux-ci. Porter les gants appropriés fournis dans l'étui. Bien rincer les cheveux après application. Ne pas utiliser si vos cheveux ont été colorés par du henné ou une coloration progressive. Tenir hors de la portée des enfants. Ne pas utiliser chez l || Crème colorante : aqua/water, deceth-3,laureth-12, cocamide mipa, ammonium hydroxide, oleth-30, glycerin, deceth-5, oleic acid, oleyl alcohol, hexadimethrine chloride, 2.4-diaminophenoxyethanol HCl, m-aminophenol, ascorbic acid, hydroxyethylcellulose, hydroxybenzomorpholine, ethanolamine, triticum vulgare/wheat germ oil, polyquaternium-6, polyquaternium-24, ammonium thiolactate, simmondsia chinensis/jojoba seed oil, isopropanolamine, p-phenylenediamine, resorcinol, edta, parfum/fragrance. (F.I.LC26885/1). Lait révélateur : aqua/water, hydrogen peroxide, cetearyl alcohol, sodium stannate, trideceth-2 carboxamide mea, pentasodium pentetate, phosphoric acid, ceteareth-25, tetrasodium pyrophosphate, glycerin. (F.I.L. C10550/12). Crème de soinnutritive : aqua/water, cetearyl alcohol, dimethicone, niacinamide, peg-150/stearyl alcohol/smdi copolymer, ppg-1 trideceth-6, polyquaternium-37, chlorhexidine dihydrochloride, limonene, linalool, benzyl salicylate, paraffinum liquidum/mineral oil, methylparaben, citronellol, butylphenyl methylpropional, hexyl cinnamal, parfum/fragrance. (F.I.L. C30561/1). || 
8,09€ / Pce || 
8,09 € || 
540 praline, Coloration 100% ultra color || La boîte de 140ml || Origine : FRANCE || Un soin enrichi en 3 huiles de fruits d'origine naturelle : avocat, olive et karité, pour des cheveux doux et brillants, nourris jusqu'à 8 semaines. 100% Ultra Color : une coloration permanente qui booste la couleur et les reflets grâce à des technologies adaptées à chaque famille colorielle. Un résultat visible même sur cheveux foncés. La couleur est intense, les reflets sont éclatants, pour un résultat digne des professionnels. || Les colorants capillaires peuvent provoquer des réactions allergiques sévères. Lire et suivre les instructions. Ce produit nest pas destiné à être utilisé sur les personnes de moins de seize ans. Les tatouages temporaires noirs à base de henné peuvent augmenter le risque dallergie. Ne vous colorez pas les cheveux si : vous présentez une éruption cutanée sur le visage ou si votre cuir chevelu est sensible, irrité ou abîmé. Vous avez déjà fait une réaction après avoir coloré vos cheveux. Vous avez fait par le passé une réaction à un tatouage temporaire noir à base de henné. Il est obligatoire de faire un test dalerte allergie cutanée impérativement 48 heures avant chaque utilisation de ce produit. Pensez à acheter votre produit à lavancepour faire le test dallergie cutanée 48 heures avant. Le lait révélateur contient du peroxyde dhydrogène. La crème colorante nutritive contient : des diaminobenzènes, de la résorcine et de lammoniaque. Éviter le contact du produit avec les yeux,ne pas employer pour la coloration des cils et des sourcils. Rincer immédiatement et abondamment les yeux si le produit entre en contact avec ceux-ci. Porter les gants appropriés fournis dans létui. Bien rincer les cheveux après application. Attendre 15 jours après un défrisage, une permanente ou un lissage durable pour appliquer la coloration. Ne pas utiliser si vos cheveux ont été colorés par du henné ou une coloration progressive. Tenir hors de la portée des enfants. || 
12,25€ / Pce || 
12,25 € || 
764 Ultra cuivré, Coloration 100% ultra color || La boîte de 140ml || Origine : FRANCE || Un soin enrichi en 3 huiles de fruits d'origine naturelle : avocat, olive et karité, pour des cheveux doux et brillants, nourris jusqu'à 8 semaines. 100% Ultra Color : une coloration permanente qui booste la couleur et les reflets grâce à des technologies adaptées à chaque famille colorielle. Un résultat visible même sur cheveux foncés. La couleur est intense, les reflets sont éclatants, pour un résultat digne des professionnels. || Cette nuance n'est pas recommandé si vous avez une majorité de cheveux blancs ou des cheveux très clairs car le résultat serait très en reflet. Les colorants capillaires peuvent provoquer des réactions allergiques sévères. Lire et suivre les instructions. Ce produit nest pas destiné à être utilisé sur les personnes de moins de seize ans. Les tatouages temporaires noirs à base de henné peuvent augmenter le risque dallergie. Ne vous colorez pas les cheveux si : vous présentez une éruption cutanée sur le visage ou si votre cuir chevelu est sensible, irrité ou abîmé. Vous avez déjà fait une réaction après avoir coloré vos cheveux. Vous avez fait par le passé une réaction à un tatouage temporaire noir à base de henné. Il est obligatoire de faire un test dalerte allergie cutanée impérativement 48 heures avant chaque utilisation de ce produit. Pensez à acheter votre produit à lavance pour faire le test dallergie cutanée 48 heures avant. Le lait révélateur contient du peroxyde dhydrogène. La crème colorante nutritive contient : des diaminobenzènes, de la résorcine et de lammoniaque. Éviter le contact du produit avec les yeux, ne pas employer pour la coloration des cils et des sourcils. Rincer immédiatement et abondamment les yeux si le produit entre en contact avec ceux-ci. Porter les gants appropriés fournis dans létui. Bien rincer les cheveux après application. Attendre 15 jours après un défrisage, une permanente ou un lissage durable pour appliquer la coloration. Ne pas ut || 
12,25€ / Pce || 
12,25 € || 
80, crème facil-color permanente noir, à l'huile de jojoba et de germe de blé || La boîte de 115ml || Origine : FRANCE || Résultat naturel garanti. Grâce à sa formule unique aux colorants nuanceurs Garnier Belle Color recréé toutes les nuances d'une couleur naturelle et couvre 100% des cheveux blancs.Enrichie en huile de jojoba et de germe de blé, Garnier Belle Color laisse les cheveux doux et naturels au toucher. Une coloration facile et rapide. || Sa texture unique Crème Facil-Color, qui ne coule pas, s'applique comme un shampooing et agit en 20 minutes seulement. Important : la coloration peut provoquer une réaction allergique qui, dans certains cas rares, peut être grave. Il est obligatoire,dans tous les cas, de faire un test d'allergie cutanée impérativement 48 heures avant chaque utilisation de ce produit (se conformer à la notice). Ne pas utiliser si : vous avez déjà réagi à un produit de coloration, vous avez le cuir chevelu irritéou abîmé. Tatouage henné noir : si vous avez fait, même une seule fois, un tatouage au henné noir, vous risquez d'être devenue allergique sans le savoir. Ne pas utiliser ce produit sans avoir effectué le test d'allergie cutanée, 48 heures avant l'utilisation du produit. Pensez à acheter votre produit à l'avance pour faire le test d'allergie cutanée 48 heures avant. Le révélateur contient de l'eau oxygénée. Le produit colorant contient : des diaminobenzènes, de la résorcine, de l'ammoniaque. Eviter le contact du produit avec la peau et les yeux, ne pas employer pour la coloration des cils et des sourcils. Ne pas suivre cette consigne peut entraîner la cécité. Rincer immédiatement et abondamment les yeux si le produit entre en contact avec ceux-ci. Porter les gants appropriés fournis dans l'étui. Bien rincer les cheveux après application. Ne pas utiliser si vos cheveux ont été colorés par du henné ou une coloration progressive. Tenir hors de la portée des enfants. Ne pas utiliser chez l || Crème colorante : aqua/water, deceth-3, laureth-12, cocamide mipa, ammonium hydroxide, oleth-30, glycerin, deceth-5, oleic acid, oleyl alcohol, hexadimethrine chloride, p-phenylenediamine, 2.4-diaminophenoxyethanol hci, m-aminophenol, ascorbic acid,hydroxyethylcellulose, ethanolamine, triticum vulgare germ oil/wheat germ oil, polyquaternium-6, polyquaternium-24, ammonium thiolactate, simmondsia chinensis oil/jojoba seed oil, n,n-bis(2-hydroxyethyl)-p-phenylenediamine sulfate, isopropanolamine,resorcinol, edta, parfum/fragrance. (F.I.L. C30000/1). Lait révélateur : aqua/water, hydrogen peroxide, cetearyl alcohol, sodium stannate, trideceth-2 carboxamide mea, pentasodium pentetate, phosphoric acid, ceteareth-25, tetrasodium pyrophosphate, glycerin. (F.I.L. C10550/12). Crème de soin nutritive : aqua/water, cetearyl alcohol, dimethicone, niacinamide, peg-150/stearyl alcohol/smdi copolymer, ppg-1 trideceth-6, polyquaternium-37, chlorhexidine dihydrochloride, limonene, linalool, benzyl salicylate, paraffinum liquidum/mineral oil, methylparaben, citronellol, butylphenyl methylpropional, hexyl cinnamal, parfum/fragrance. (F.I.L. C30561/1). || 
8,64€ / Pce || 
8,64 € || 
Acajou, ton sur ton, soin crème colorant sans ammoniaque, dura le 6 à 8 semaines, ton n°30 || La boîte de 125ml || Origine : FRANCE || Garnier Movida sublime votre couleur naturelle et l'illumine de reflets éclatants en couvrant les cheveux blancs pour une durée de 6 à 8 semaines. || Colorant : aqua, oleic acid, benzyl alcohol, alcohol denat., ethanolamine, cocamide mipa, octyldodecanol, oleth-30, 4-amino-2-hydroxytoluene, hexadimethrine chloride, mea-laureth sulfate, p-aminophenol, sodium metabisulfite, phenyl methyl pyrazolone,toluene-2.5-diamine, 2-methyl-5-hydroxyethylaminophenol, pentasodium pentetate, alpha-isomethyl ionone, resorcinol, erythorbic acid, parfum. (FIL C10129/3). Crème révélatrice : aqua, hydrogen peroxide, cetearyl alcohol, sodium stannate, trideceth-2carboxamide mea, pentasodium pentetate, ceteareth-30, tetrasodium pyrophosphate, glycerin, parfum. (FIL C21279/1). Soin final ultra douceur : aqua, cetearyl alcohol, sodium cocoamphopropionate, behentrimonium chloride, propylene glycol, sclerotium gum, trideceth-12, chlorhexidine dihydrochloride, benzyl salicylate, linalool, amodimethicone, propylene glycol dicaprylate/dicaprate, methylparaben, cetrimonium chloride, butylphenyl methylpropional, prunus armeniaca/ apricot fruit extract, hexyl cinnamal, parfum. (FIL C20739/1). Le révélateur contient de l'eau oxygénée. Le produit colorant contient un diaminotoluène, de la résorcine. || 
11,63€ / Pce || 
11,63 € || 
Acajou cuivré, ton sur ton, soin-crème colorant  sans ammoniaque, durable 6 à 8 semaines, au lait nutritif d'abricot, ton n°22 || La boîte 125ml || Origine : FRANCE || Garnier Movida sublime votre couleur naturelle et l'illumine de reflets éclatants en couvrant durablement les cheveux blancs, sans effet racine visible, pour 6 à 8 semaines. Enrichie en lait nutritif d'abricot, sa formule rend vos cheveux soyeux, pleins de volume. Et son doux parfum fruité procure une sensation inédite de plaisir à l'application. Un nouveau soin fondant éclat intense. Après la coloration, il se fond à vos cheveux pour les rendre encore plus doux, plus lisses, pour une couleur plus éclatante. || Application facile et rapide : grâce à son colorclic breveté, Movida est prêt en un seul geste et s'applique facilement comme un shampooing. Sa formule soin-crème ne coule pas et agit en 15 minutes seulement. La coloration peut provoquer une réactionallergique qui, dans certains cas rares, peut être grave. Il est obligatoire dans tous les cas, de faire un test d'allergie cutanée impérativement 48 heures avant chaque utilisation de ce produit (se conformer à la notice). Ne pas utiliser si vous avez déjà réagi à un produit de coloration, vous avez le cuir chevelu irrité ou abîmé. Tatouage henné noir : si vous avez fait, même une seule fois, un tatouage au henné noir, vous risquez d'être devenue allergique sans le savoir. Ne pas utiliser ce produit sans avoir effectué le test d'allergie cutanée, 48 heures avant l'utilisation du produit Pensez à acheter votre produit à l'avance pour faire le test d'allergie cutanée 48 heures avant. Éviter le contact du produit avec la peau et les yeux. Nepas employer pour la coloration des cils et des sourcils, ne pas suivre cette consigne peut entraîner la cécité. Rincer immédiatement et abondamment les yeux si le produit entre en contact avec ceux-ci. Porter les gants appropriés fournis dans l'étui. Bien rincer les cheveux après application. Ne pas utiliser si vos cheveux ont été colorés par du henné ou avec une coloration progressive. Tenir hors de la portée des enfants. Ne pas utiliser chez l'enfant. Se conformer à la notice. || Colorant : aqua, oleic acid, benzyl alcohol, alcohol denat, ethanolamine, octyldodecanol, cocamide mipa, oleth-30, hexadimethrine chloride, 4-amino-2-hydroxytoluene, p-aminophenol, mea-laureth sulfate, sodium metabisulfite, toluene-2.5-diamine, 2-methyl-5-hydroxyethylaminophenol, pentasodium pentetate, isopropanolamine, resorcinol, erythorbic acid, parfum. (FIL C26939/1). Crème révélatrice : aqua, hydrogen peroxide, cetearyl alcohol, sodium stannate, trideceth-2 carboxamide mea, pentasodium pentetate, ceteareth-30, tetrasodium pyrophosphate, glycerin, parfum. (FIL C21279/1). Soin fondant éclat intense : aqua, cetearyl alcohol, glycerin, dipalmitoylethyl hydroxyethylmonium methosulfate, cetyl esters, trideceth-6, amodimethicone, propylene glycol, dicaprylate/dicaprate, cetrimonium chloride, methylparaben, citric acid, prunus armeniaca/apricot fruit extract, parfum (FIL C27355/1). || Colorant : aqua, oleic acid, benzyl alcohol, alcohol denat, ethanolamine, octyldodecanol, cocamide mipa, oleth-30, hexadimethrine chloride, 4-amino-2-hydroxytoluene, p-aminophenol, mea-laureth sulfate, sodium metabisulfite, toluene-2.5-diamine, 2-methyl-5-hydroxyethylaminophenol, pentasodium pentetate, isopropanolamine, resorcinol, erythorbic acid, parfum. (FIL C26939/1). Crème révélatrice : aqua, hydrogen peroxide, cetearyl alcohol, sodium stannate, trideceth-2 carboxamide mea, pentasodium pentetate, ceteareth-30, tetrasodium pyrophosphate, glycerin, parfum. (FIL C21279/1). Soin fondant éclat intense : aqua, cetearyl alcohol, glycerin, dipalmitoylethyl hydroxyethylmonium methosulfate, cetyl esters, trideceth-6, amodimethicone, propylene glycol, dicaprylate/dicaprate, cetrimonium chloride, methylparaben, citric acid, prunus armeniaca/apricot fruit extract, parfum (FIL C27355/1). || 
10,59€ / Pce || 
10,59 € || 
Auburn 562, crème-gel coloration permanente, colorants purs, vitamine B3-B6 || La boîte de 120ml || Origine : FRANCE || Qualité couleur digne des professionnels : Garnier 100% color une coloration permanente composée de colorants purs longue durée, justement dosés pour un résultat sophistiqué et sans surcharge. La couleur est intense et extra-brillante. Elle est fraîche, pleine de vitalité et elle le reste. Nouveau soin aux micro-minéraux et vitamines. Son soin profond, au parfum fruité, est enrichi en vitamines B3 et B6 et micro-minéraux d'origine naturelle pour des cheveux forts, brillants de santé. Un serviced'experts à domicile. Sa texture crème-gel permet une application facile, rapide et précise même sur cheveux longs, elle ne coule pas. Un soin extra fondant qui lisse instantanément les cheveux : ils sont doux, faciles à démêler et à coiffer. || La coloration peut provoquer une réaction allergique qui, dans certains cas rares, peut être grave. Il est donc indispensable de respecter les consignes suivantes : ne pas utiliser si vous avez déjà réagi à un produit de coloration, vous avez le cuirchevelu sensible, irrité ou abîmé. En cas de tatouage les risques d'allergie peuvent être accrus. Faire un test d'allergie cutanée impérativement 48 heures avant chaque utilisation de ce produit (voir notice). pensez à acheter votre produit à l'avance Eviter le contact du produit avec la peau et les yeux Ne pas employer pour la coloration des cils et des sourcils, ne pas suivre cette consigne peut entraîner la cécité. Rincer immédiatement les yeux si le produit entre en contact avec ceux-ci. Porter les gants appropriés fournis dans l'étui. Bien rincer les cheveux après application. Ne pas appliquer juste après une décoloration ou une permanente ou un défrisage. Ne pas utiliser si vos cheveux ont été colorés par du henné ou une coloration progressive. Tenir hors de la portée des enfants Ne pas utiliser chez l'enfant  Se conformer à la notice. || Crème-gel colorant : aqua, deceth-3, laureth-12, oleth-30, deceth-5, trideceth-2 carboxamide mea, ammonium hydroxide, glycerin, oleic acid, hexadimethrine chloride, oleyl alcohol, 4-amino-2-hydroxytoluene, polyquaternium-22, p-aminophenol, ascorbic acid, hydroxypropyl bis (N-hydroxyethyl-p-phenylenediamine) HCI, ethanolamine, polyquaternium-24, ammonium thiolactate, 2-methyl-5-hydroxyethylaminophenol, p-phenylenediamine, alpha-isomethyl ionone, resorcinol, edta, parfum (F.I.L C18151/3). Lait révélateur : aqua, hydrogen peroxide, cetearyl alcohol, sodium stannate, trideceth-2 carboxamide mea, pentasodium pentetate, ceteareth-30, tetrasodium pyrophosphate, glycerin, (F.I.L. C10550/10). Soin aux micro-minéraux et vitamines : aqua, cetearyl alcohol, dimethicone, Cl77891/titanium dioxide, niacinamide, mica, peg-150/stearyl alcohol/smdi copolymer, ppg-1trideceth-6, polyquaternium-37, chlorhexidine dihydrochloride, limonene, linalool, benzyl salicylate, paraffinum liquidum/mineral oil, pyridoxine hci, methylparaben, citronellol, butylphenyl methylpropional, hexyl cinnamal, parfum. (F.I.L. C25726/1). || Crème-gel colorant : aqua, deceth-3, laureth-12, oleth-30, deceth-5, trideceth-2 carboxamide mea, ammonium hydroxide, glycerin, oleic acid, hexadimethrine chloride, oleyl alcohol, 4-amino-2-hydroxytoluene, polyquaternium-22, p-aminophenol, ascorbic acid, hydroxypropyl bis (N-hydroxyethyl-p-phenylenediamine) HCI, ethanolamine, polyquaternium-24, ammonium thiolactate, 2-methyl-5-hydroxyethylaminophenol, p-phenylenediamine, alpha-isomethyl ionone, resorcinol, edta, parfum (F.I.L C18151/3). Lait révélateur : aqua, hydrogen peroxide, cetearyl alcohol, sodium stannate, trideceth-2 carboxamide mea, pentasodium pentetate, ceteareth-30, tetrasodium pyrophosphate, glycerin, (F.I.L. C10550/10). Soin aux micro-minéraux et vitamines : aqua, cetearyl alcohol, dimethicone, Cl77891/titanium dioxide, niacinamide, mica, peg-150/stearyl alcohol/smdi copolymer, ppg-1trideceth-6, polyquaternium-37, chlorhexidine dihydrochloride, limonene, linalool, benzyl salicylate, paraffinum liquidum/mineral oil, pyridoxine hci, methylparaben, citronellol, butylphenyl methylpropional, hexyl cinnamal, parfum. (F.I.L. C25726/1). || 
12,25€ / Pce || 
12,25 € || 
Blond foncé, ton sur ton, soin-crème colorant sans amoniaquedurable 6 à 8 semaines, au lait nutritif d'abricot, ton n°15 || La boîte 125ml || Origine : FRANCE || Garnier Movida sublime votre couleur naturelle et l'illumine de reflets éclatants en couvrant durablement les cheveux blancs, sans effet racine visible, pour 6 à 8 semaines. Enrichie en lait nutritif d'abricot, sa formule rend vos cheveux soyeux, pleins de volume. Et son doux parfum fruité procure une sensation inédite de plaisir à l'application. Un nouveau soin fondant éclat intense : après la coloration, il se fond à vos cheveux pour les rendre encore plus doux, plus lisses, pour une couleur plus éclatante. || Application facile et rapide : grâce à son colorclic breveté, Movida est prêt en un seul geste et s'applique facilement comme un shampooing. Sa formule soin-crème ne coule pas et agit en 15 minutes seulement. La coloration peut provoqu er une réaction allergique qui, dans certains cas rares, peut être grave. Il est obligatoire dans tous les cas, de faire un test d'allergie cutanée impérativement 48 heures avant chaque utilisation de ce produit (se conformer à la notice). Ne pas utiliser si vousavez déjà réagi à un produit de coloration, vous avez le cuir chevelu irrité ou abîmé. Tatouage henné noir : si vous avez fait, même une seule fois, un tatouage au henné noir, vous risquez d'être devenue allergique sans le savoir. Ne pas utiliser ceproduit sans avoir effectué le test d'allergie cutanée, 48 heures avant l'utilisation du produit Pensez à acheter votre produit à l'avance pour faire le test d'allergie cutanée 48 heures avant. Éviter le contact du produit avec la peau et les yeux. Ne pas employer pour la coloration des cils et des sourcils, ne pas suivre cette consigne peut entraîner la cécité. Rincer immédiatement et abondamment les yeux si le produit entre en contact avec ceux-ci. Porter les gants appropriés fournis dans l'étui. Bien rincer les cheveux après application. Ne pas utiliser si vos cheveux ont été colorés par du henné ou avec une coloration progressive. Tenir hors de la portée des enfants. Ne pas utiliser chez l'enfant. Se conformer à la notice. || Colorant : aqua, oleic acid, benzyl alcohol, alcohol denat, ethanolamine, octyldodecanol, cocamide mipa, oleth-30, hexadimethrine chloride, 2.4-diaminophenoxyethanol, HCI, MEA-laureth sulfate, m-aminophenol, sodium metabisulfite, toluene-2.5-diamine,2-methylresorcinol, pentasodium pentetate, isopropanolamine, resorcinol, erythorbic acid, parfum. (FIL C26935/1). Crème révélatrice : aqua, hydrogen peroxide, cetearyl alcohol, sodium stannate, trideceth-2 carboxamide mea, pentasodium pentetate, ceteareth-30, tetrasodium pyrophosphate, glycerin, parfum. (FIL C21278/1). Soin fondant éclat intense : aqua, cetearyl alcohol, glycerin, dipalmitoylethyl hydroxyethylmonium methosulfate, cetyl esters, trideceth-6, amodimethicone, propylen glycol, dicaprylate/dicaprate, cetrimonium chloride, methylparaben, citric acid, prunus armeniaca/apricot fruit extract, parfum (FIL C27355/1). || Colorant : aqua, oleic acid, benzyl alcohol, alcohol denat, ethanolamine, octyldodecanol, cocamide mipa, oleth-30, hexadimethrine chloride, 2.4-diaminophenoxyethanol, HCI, MEA-laureth sulfate, m-aminophenol, sodium metabisulfite, toluene-2.5-diamine,2-methylresorcinol, pentasodium pentetate, isopropanolamine, resorcinol, erythorbic acid, parfum. (FIL C26935/1). Crème révélatrice : aqua, hydrogen peroxide, cetearyl alcohol, sodium stannate, trideceth-2 carboxamide mea, pentasodium pentetate, ceteareth-30, tetrasodium pyrophosphate, glycerin, parfum. (FIL C21278/1). Soin fondant éclat intense : aqua, cetearyl alcohol, glycerin, dipalmitoylethyl hydroxyethylmonium methosulfate, cetyl esters, trideceth-6, amodimethicone, propylen glycol, dicaprylate/dicaprate, cetrimonium chloride, methylparaben, citric acid, prunus armeniaca/apricot fruit extract, parfum (FIL C27355/1). || 
11,53€ / Pce || 
11,53 € || 
Châtaigne, ton sur ton sans ammoniaque, soin-crème colorant, ton n°23 || La boîte de 125ml || Origine : FRANCE || Ton sur ton sans ammoniaque au lait Nutritif - Garnier Movida sublime votre couleur naturelle et l'illumine de reflets éclatants en couvrant durablement les cheveux blancs, sans effet racine visible, pour 6 à 8 semaines. -Enrichie en lait nutritif d'abricot, sa formule rend vos cheveux soyeux, pleins de volume-. Et son doux parfum fruité procure une sensation inédite de plaisir à l'application. - Un nouveau soin fondant éclat intense - Après la coloration, il se fond à vos cheveux pour les rendre encore plus doux, plus lisses, pour une couleur plus éclatante. || Application facile et rapide - Grâce à son colorclic breveté, Movida est prêt en un seul geste et s'applique facilement comme un shampooing. Sa formule soin-crème ne coule pas et agit en 15 minutes seulement.  IMPORTANT : LA COLORATION PEUT PROVOQUERUNE REACTION ALLERGIQUE QUI, DANS CERTAINS CAS RARES, PEUT ETRE GRAVE. IL EST DONC INDISPENSABLE DE RESPECTER LES CONSIGNES SUIVANTES : - NE PAS UTILISER SI : - vous avez déjà réagi à un produit de coloration. - vous avez le cuir chevelu sensible, irrité ou abîme. - EN CAS DE TATOUAGE les risques d'allergie peuvent être accrus. - FAIRE UN TEST D ALLERGIE CUTANE IMPERATIVEMENT 48 HEURES AVANT CHAQUE UTILISATION DE CE PRODUIT (voir notice). - PENSER À ACHETER VOTRE PRODUIT À L'AVANCE. - Le révélateur contient de l'eau oxygénée. - Le produit colorant contient des diaminotoluenes, de la résorcine. - Eviter le contact du produit avec la peau et les yeux, ne pas employer pour la coloration des cils et des sourcils. Ne pas suivre cette consigne peut entraîner la cécité. - Rincer immédiatement les yeux si le produit entre en contact avec ceux-ci. - Porter les gants appropriés fournis dans l'étui. - Bien rincer les cheveux après application. - Ne pas utiliser si vos cheveux ont été colorés pardu henné ou une coloration progressive. - Tenir hors de la portée des enfants. Ne pas utiliser chez l'enfant. || COLORANT: AQUA / WATER, OLEIC ACID, BENZYL ALCOHOL, ALCOHOL DENAT, ETHANOLAMINE, OCTYLDODECANOL, COCAMIDE MIPA, OLETH-30, HEXADIMETHRINE CHLORIDE, p-AMINOPHENOL, 2-METHYL-5-HYDROXYETHYLAMINOPHENOL, MEA-LAURETH SULFATE, SODIUM METABISULFITE, TOLUENE-2.5-DIAMINE, 2-METHYLRESORCINOL, p-METHYLAMINOPHENOL SULFATE, PENTASODIUM PENTETATE, ISOPROPANOLAMINE, RESORCINOL, ERYTHORBIC ACID, PARFUM / FRAGRANCE. (FIL C26896/1) 484980 - CRÈME RÉVÉLATRICE : AQUA / WATER, HYDROGEN PEROXIDE, CETEARYL ALCOHOL, SODIUM STANNATE, TRIDECETH-2 CARBOXAMIDE MEA, PENTASODIUM PENTETATE, CETEARETH-30, TETRASODIUM PYROPHOSPHATE, GLYCERIN, PARFUM / FRAGRANCE. (FIL C21279/1) 1026275 - SOIN FONDANT ÉCLAT INTENSE : AQUA /WATER, CETEARYL ALCOHOL, GLYCERIN, DIPALMITOYLETHYL HYDROXYETHYLMONIUM METHOSULFATE, CETYL ESTERS, TRIDECETH-6, AMODIMETHICONE, PROPYLENE GLYCOL DICAPRYLATE/DICAPRATE, CETRIMONIUM CHLORIDE, METHYLPARABEN, CITRICACID, PRUNUS ARMENIACA / APRICOT FRUIT EXTRACT, PARFUM / FRAGRANCE. (FIL C27355/1) || 
11,63€ / Pce || 
11,63 € || 
Châtain, ton sur ton, soin crème colorant sans ammoniaque, duable 6 à 8 semaines, ton n°35 || La boîte de 125ml || Origine : FRANCE || Garnier Movida est un soin crème colorant sans ammoniaque qui couvre avec naturel vos cheveux blancs, si vous en avez jusqu'à 50%, pour une durée de 6 à 8 semaines. || Colorant : aqua, oleic acid, benzyl alcohol, alcohol denat., ethanolamine, cocamide mipa, octyldodecanol, oleth-30, hexadimethrine chloride, toluene-2.5-diamine, 2.4-diaminophenoxyethanol HCI, mea-laureth sulfate, m-aminophenol, sodium metabisulfite,phenyl methyl pyrazolone, 2-methylresorcinol, pentasodium pentetate, alpha-isomethyl ionone, resorcinol, erythorbic acid, parfum. (FIL C9231/3). Crème révélatrice : aqua, hydrogen peroxide, cetearyl alcohol, sodium stannate, trideceth-2 carboxamidemea, pentasodium pentetate, ceteareth-30, tetrasodium pyrophosphate, glycerin, parfum. (FIL C21278/1). Soin final ultra douceur : aqua, cetearyl alcohol, sodium cocoamphopropionate, behentrimonium chloride, propylene glycol, sclerotium gum, trideceth-12, chlorhexidine dihydrochloride, benzyl salicylate, linalool, amodimethicone, propylene glycol dicaprylate/dicaprate, methylparaben, cetrimonium chloride, butylphenyl methylpropional, prunus armeniaca/ apricot fruit extract, hexyl cinnamal, parfum. (FIL C20739/1). Le révélateur contient de l'eau oxygénée. Le produit colorant contient un diaminotoluène, de la résorcine. || 
10,59€ / Pce || 
10,59 € || 
Châtain clair, ton sur ton, soin crème colorant, sans ammoniaque, durable 6 à 8 semaines, ton n°25 || La boîte de 125ml || Origine : FRANCE || Garnier Movida est un soin-crème colorant sans ammoniaque qui couvre avec naturel vos cheveux blancs, si vous en avez jusqu'à 50%, pour une durée de 6 à 8 semaines. || Soin-crème colorant : aqua, oleic acid, benzyl alcohol, alcohol denat., ethanolamine, cocamide mipa, octyldodecanol, oleth-30, hexadimethrine chloride, toluene-2.5-diamine, 2.4-diaminophenoxyethanol HCI, MEA-laureth sulfate, m-aminophenol, sodium metabisulfite, phenyl methyl pyrazolone, 2-methylresorcinol, pentasodium pentetate, alpha-isomethyl ionone, resorcinol, erythorbic acid, parfum. (FIL C9232/3). Crème révélatrice : aqua, hydrogen peroxide, cetearyl alcohol, sodium stannate, trideceth-2 carboxamide mea, pentasodium pentetate, ceteareth-30, tetrasodium pyrophosphate, glycerin. (FIL C20698/1). Soin final ultra douceur : aqua, cetearyl alcohol, sodium cocoamphopropionate, behentrimonium chloride, propylene glycol, sclerotium gum, trideceth-12, chlorhexidine dihydrochloride, benzyl salicylate, linalool, amodimethicone, propylene glycol dicaprylate/dicaprate, methylparaben, cetrimonium chloride, butylphenyl methylpropional, prunus armeniaca/ apricot fruit extract, hexyl cinnamal, parfum. (FIL C20739/1). Le révélateur contient de l'eau oxygénée. Le produit colorant contient un diaminotoluène, de la résorcine. || 
10,59€ / Pce || 
10,59 € || 
Châtain clair doré, ton sur ton, soin-crème colorant sans ammmoniaque, durable 6 à 8 semaines, au lait d'abricot, ton n°26 || La boîte 125ml || Origine : FRANCE || En quoi Garnier Movida est-il différent des autres colorations ? Une couleur éclatante et naturelle qui couvre durablement les cheveux blancs. Garnier Movida sublime votre couleur naturelle et l'illumine de reflets éclatants en couvrant les cheveux blancs pour une durée de 6 à 8 semaines sans effet racine visible. Soin-crème sans ammoniaque : le seul ton sur ton soin crème enrichi en lait nutritif d'abricot qui enrobe généreusement vos cheveux pour les rendre doux, soyeux, pleins de volume. Nouveau : crème parfum fruité : nouvelle formule au doux parfum fruité pour une sensation inédite de plaisir à l'application. || Application facile et rapide : grâce au colorclic (système breveté), Movida est prêt en un seul geste et s'applique facilement comme un shampooing. Sa formule soin-crème ne coule pas et agit en 15 minutes seulement. La coloration peut  provoquer uneréaction allergique qui, dans certains cas rares, peut être grave. Il est obligatoire dans tous les cas, de faire un test d'allergie cutanée impérativement 48 heures avant chaque utilisation de ce produit (se conformer à la notice). Ne pas utiliser si vous avez déjà réagi à un produit de coloration, vous avez le cuir chevelu irrité ou abîmé. Tatouage henné noir : si vous avez fait, même une seule fois, un tatouage au henné noir, vous risquez d'être devenue allergique sans le savoir. Ne pas utiliser ce produit sans avoir effectué le test d'allergie cutanée, 48 heures avant l'utilisation du produit Pensez à acheter votre produit à l'avance pour faire le test d'allergie cutanée 48 heures avant. Éviter le contact du produit avec la peau et lesyeux Ne pas employer pour la coloration des cils et des sourcils, ne pas suivre cette consigne peut entraîner la cécité. Rincer immédiatement et abondamment les yeux si le produit entre en contact avec ceux-ci. Porter les gants appropriés fournis dans l'étui. Bien rincer les cheveux après application. Ne pas utiliser si vos cheveux ont été colorés par du henné ou avec une coloration progressive. Tenir hors de la portée des enfants. Ne pas utiliser chez l'enfant. Se conformer à la notice. || Colorant : aqua, oleic acid, benzyl alcohol, alcohol denat, ethanolamine, cocamide mipa, octyldodecanol, oleth-30, hexadimethrine chloride, p-aminophenol, MEA-laureth sulfate, m-aminophenol, sodium metabisulfite, phenyl methyl pyrazolone, toluene-2.5-diamine, 2-methyl-5-hydroxyethylaminophenol, pentasodium pentetate, alpha-isomethyl ionone, resorcinol, erythorbic acid, parfum (FIL C10124/3). Crème révélatrice : aqua, hydrogen peroxide, cetearyl alcohol, sodium stannate, trideceth-2 carboxamide mea, pentasodium pentetate, ceteareth-30, tetrasodium pyrophosphate, glycerin, parfum. (FIL C21279/1). Soin final ultra douceur : aqua, cetearyl alcohol, sodium cocoamphopropionate, behentrimonium chloride, propylene glycol, sclerotium gum, trideceth-12, chlorhexidine dihydrochloride, benzyl salicylate, linalol, amodimethicone, propylen glycol, dicaprylate/dicaprate, methylparaben, cetrimonium chloride, butylphenyl methylpropional, prunus armeniaca/apricot fruit extract, hexyl cinnamal, parfum (FIL C20739/1). || Colorant : aqua, oleic acid, benzyl alcohol, alcohol denat, ethanolamine, cocamide mipa, octyldodecanol, oleth-30, hexadimethrine chloride, p-aminophenol, MEA-laureth sulfate, m-aminophenol, sodium metabisulfite, phenyl methyl pyrazolone, toluene-2.5-diamine, 2-methyl-5-hydroxyethylaminophenol, pentasodium pentetate, alpha-isomethyl ionone, resorcinol, erythorbic acid, parfum (FIL C10124/3). Crème révélatrice : aqua, hydrogen peroxide, cetearyl alcohol, sodium stannate, trideceth-2 carboxamide mea, pentasodium pentetate, ceteareth-30, tetrasodium pyrophosphate, glycerin, parfum. (FIL C21279/1). Soin final ultra douceur : aqua, cetearyl alcohol, sodium cocoamphopropionate, behentrimonium chloride, propylene glycol, sclerotium gum, trideceth-12, chlorhexidine dihydrochloride, benzyl salicylate, linalol, amodimethicone, propylen glycol, dicaprylate/dicaprate, methylparaben, cetrimonium chloride, butylphenyl methylpropional, prunus armeniaca/apricot fruit extract, hexyl cinnamal, parfum (FIL C20739/1). || 
11,63€ / Pce || 
11,63 € || 
Châtain foncé, ton sur ton, soin crème colorant, sans ammoniaque, durable 6 à 8 semaines, ton n°45 || La boîte de 125ml || Origine : FRANCE || Garnier Movida sublime votre couleur naturelle et l'illumine de reflets éclatants en couvrant les cheveux blancs pour une durée de 6 à 8 semaines. || Colorant : aqua, oleic acid, benzyl alcohol, alcohol denat., ethanolamine, cocamide mipa, octyldodecanol, oleth-30, hexadimethrine chloride, toluene-2.5-diamine, 2-methylresorcinol, 2.4-diaminophenoxyethanol HCI, mea-laureth sulfate, m-aminophenol, sodium metabisulfite, phenyl methyl pyrazolone, pentasodium pentetate, alpha-isomethyl ionone, resorcinol, erythorbic acid, parfum. (FIL C19450/2). Crème révélatrice : aqua, hydrogen peroxide, cetearyl alcohol, sodium stannate, trideceth-2 carboxamidemea, pentasodium pentetate, ceteareth-30, tetrasodium pyrophosphate, glycerin, parfum. (FIL C21278/1). Soin final ultra douceur : aqua, cetearyl alcohol, sodium cocoamphopropionate, behentrimonium chloride, propylene glycol, sclerotium gum, trideceth-12, chlorhexidine dihydrochloride, benzyl salicylate, linalool, amodimethicone, propylene glycol dicaprylate/dicaprate, methylparaben, cetrimonium chloride, butylphenyl methylpropional, prunus armeniaca/ apricot fruit extract, hexyl cinnamal, parfum. (FIL C20739/1). Le révélateur contient de l'eau oxygénée. Le produit colorant contient un diaminotoluène, de la résorcine. || 
10,59€ / Pce || 
10,59 € || 
Châtain foncé 300, crème-gel coloration permanente, colorants purs, vitamine B3-B6 || La boîte de 120ml || Origine : FRANCE || Qualité couleur digne des professionnels : Garnier 100% color une coloration permanente composée de colorants purs longue durée, justement dosés pour un résultat sophistiqué et sans surcharge. La couleur est intense et extra-brillante. Elle est fraîche, pleine de vitalité et elle le reste. Nouveau soin aux micro-minéraux et vitamines. Son soin profond, au parfum fruité, est enrichi en vitamines B3 et B6 et micro-minéraux d'origine naturelle pour des cheveux forts, brillants de santé. Un serviced'experts à domicile. Sa texture crème-gel permet une application facile, rapide et précise même sur cheveux longs, elle ne coule pas. Un soin extra fondant qui lisse instantanément les cheveux : ils sont doux, faciles à démêler et à coiffer. || La coloration peut provoquer une réaction allergique qui, dans certains cas rares, peut être grave. Il est donc indispensable de respecter les consignes suivantes : ne pas utiliser si vous avez déjà réagi à un produit de coloration, vous avez le cuirchevelu sensible, irrité ou abîmé. En cas de tatouage les risques d'allergie peuvent être accrus. Faire un test d'allergie cutanée impérativement 48 heures avant chaque utilisation de ce produit (voir notice). pensez à acheter votre produit à l'avance Eviter le contact du produit avec la peau et les yeux Ne pas employer pour la coloration des cils et des sourcils, ne pas suivre cette consigne peut entraîner la cécité. Rincer immédiatement les yeux si le produit entre en contact avec ceux-ci. Porter les gants appropriés fournis dans l'étui. Bien rincer les cheveux après application. Ne pas appliquer juste après une décoloration ou une permanente ou un défrisage. Ne pas utiliser si vos cheveux ont été colorés par du henné ou une coloration progressive. Tenir hors de la portée des enfants Ne pas utiliser chez l'enfant  Se conformer à la notice. || Crème-gel colorant : aqua, deceth-3, laureth-12, oleth-30, deceth-5, trideceth-2 carboxamide mea, ammonium hydroxide, glycerin, oleic acid, hexadimethrine chloride, oleyl alcohol, polyquaternium-22, p-phenylenediamine, 2.4-diaminophenoxyethanol HCI,m-aminophenol, ascorbic acid, ethanolamine, polyquaternium-24, ammonium thiolactate, p-methylaminophenol sulfate, N,N-bis (2-hydroxyethyl)-p-phenylenediamine sulfate, alpha-isomethyl ionone, resorcinol, edta, parfum (F.I.L C18137/3). Lait révélateur: aqua, hydrogen peroxide, cetearyl alcohol, sodium stannate, trideceth-2 carboxamide mea, pentasodium pentetate, ceteareth-30, tetrasodium pyrophosphate, glycerin, (F.I.L. C10550/10). Soin aux micro-minéraux et vitamines : aqua, cetearyl alcohol, dimethicone, Cl77891/titanium dioxide, niacinamide, mica, peg-150/stearyl alcohol/smdi copolymer, ppg-1 trideceth-6, polyquaternium-37, chlorhexidine dihydrochloride, limonene, linalool, benzyl salicylate, paraffinum liquidum/mineral oil, pyridoxine hci, methylparaben, citronellol, butylphenyl methylpropional, hexyl cinnamal, parfum. (F.I.L. C25726/1). || Crème-gel colorant : aqua, deceth-3, laureth-12, oleth-30, deceth-5, trideceth-2 carboxamide mea, ammonium hydroxide, glycerin, oleic acid, hexadimethrine chloride, oleyl alcohol, polyquaternium-22, p-phenylenediamine, 2.4-diaminophenoxyethanol HCI,m-aminophenol, ascorbic acid, ethanolamine, polyquaternium-24, ammonium thiolactate, p-methylaminophenol sulfate, N,N-bis (2-hydroxyethyl)-p-phenylenediamine sulfate, alpha-isomethyl ionone, resorcinol, edta, parfum (F.I.L C18137/3). Lait révélateur: aqua, hydrogen peroxide, cetearyl alcohol, sodium stannate, trideceth-2 carboxamide mea, pentasodium pentetate, ceteareth-30, tetrasodium pyrophosphate, glycerin, (F.I.L. C10550/10). Soin aux micro-minéraux et vitamines : aqua, cetearyl alcohol, dimethicone, Cl77891/titanium dioxide, niacinamide, mica, peg-150/stearyl alcohol/smdi copolymer, ppg-1 trideceth-6, polyquaternium-37, chlorhexidine dihydrochloride, limonene, linalool, benzyl salicylate, paraffinum liquidum/mineral oil, pyridoxine hci, methylparaben, citronellol, butylphenyl methylpropional, hexyl cinnamal, parfum. (F.I.L. C25726/1). || 
12,25€ / Pce || 
12,25 € || 
Cheveux colorés, permanente protectrice || La boîte de 200ml || Origine : FRANCE || La permanente Garnier Permifique est le résultat de recherche avancée de Garnier. Sa formule protectrice originale offre une double performance. Un ressort durable : Garnier Permifique donne aux cheveux un ressort extraordinaire. Que vous choisissiezdes boucles, des vagues ou du volume, l'effet de votre permanente est durable, shampooing après shampooing. Une douceur exceptionnelle : Garnier permifique contient un agent protecteur breveté (BF N2270846) qui préserve l'état du cheveu pendant l'action de la permanente. Ainsi, avec Garnier Permifique, vos cheveux restent merveilleusement doux, brillants et faciles à démêler. Volume, vagues ou boucles : le style de coiffure que vous souhaitez dépend de la taille des bigoudis que vous choisirez. || Vous devez l'utiliser si vos cheveux sont colorés avec une coloration permanente (qui ne s'efface pas aux shampooings) ou méchés. Garnier Permifique est déconseillée sur cheveux décolorés, ou colorés avec du henné ou des sels métalliques.Porter des gants appropriés. Evitez le contact du produit avec les yeux. Rincez immédiatement les yeux si le produit entre en contact avec ceux-ci et consulter 1 médecin. Ne convient pas aux enfants. Ne pas laisser à la portée des enfants || Lotion neutralisante : aqua/water, hydrogen peroxide, oleth-20, hydroxyethyl oleyl dimonium chloride, sodium salicylate, parfum/fragrance, geraniol, cetrimonium chloride, citric acid, citronellol, styrene/vp copolymer, oxyquinoline sulfate. (Cl8548/2). Lotion permanente : aqua/water, ammonium thiolactate, ammonium bicarbonate, hexadimethrine chloride, hydroxyethyl oleyl dimonium chloride, oleth-20, pentasodium pentetate, benzyl alcohol, benzyl salicylate, cinnamyl alcohol, butylphenyl methylpropional, hexyl cinnamal, styrene/vp copolymer, parfum/fragrance. (C6657/5). || 
17,40€ / Pce || 
17,40 € || 
Coloration 90 noir Ebene || La boîte de 120ml || Origine : FRANCE || Garnier Belle Color recrée toutes les nuances d'une couleur naturelle et couvre 100% des cheveux blancs pour un résultat naturel garanti, tout en nuance. Enrichie en huile de jojoba et de germe de blé, Garnier Belle Color laisse les cheveux doux et naturels au toucher. || Crème colorante : aqua/water, deceth-3, laureth-12, cocamide mipa, oleth-30, ammonium hydroxide, deceth-5, glycerin, p-phenylenediamine, oleic acid, oleyl alcohol, resorcinol, hexadimethrine chloride, 2,4-diaminophenoxyethanol HCl, m-aminophenol, ascorbic acid, hydroxyethylcellulose, ethanolamine, triticum vulgare germ oil/wheat germ oil, polyquaternium-6, polyquaternium-67, ammonium thiolactate, simmondsia chinensis oil/jojoba seed oil, n,n-bis(2-hydroxyethyl)-p-phenylenediamine sulfate, isopropanolamine, edta, parfum/fragrance. (F.I.L. C49801/1). Lait révélateur : aqua/water, hydrogen peroxide, cetearyl alcohol, sodium stannate, trideceth 2 carboxamide mea, pentasodium pentetate, phosphoric acid, ceteareth-25, tetrasodium pyrophosphate, glycerin. (F.I.L. C10550/12). Crème de soin nutritive : aqua/water, cetearyl alcohol, dimethicone, niacinamide, chamomilla recutita extract/matricaria flower extract, vaccinium macrocarpon (cranberry) seed oil, sodium hydroxide, peg-150/stearyl alcohol/smdi copolymer, juglans regia (walnut) seed oil, ppg-1 trideceth-6, polyquaternium-37, maltodextrin, chlorhexidine dihydrochloride, limonene, camellia sinensis extract / camellia sinensis leaf extract, linalool, benzyl salicylate, propylene glycol,paraffinum liquidum/mineral oil, pyridoxine HCl, methylparaben, citronellol, butylphenyl methylpropional, hexyl cinnamal, parfum/fragrance. (F.I.L. C45553/3). || 
9,12€ / Pce || 
9,12 € || 
Crème décolorante, protéines de blé, soin nutritif || La boîte de 180ml || Origine : FRANCE || Vous cherchez à décolorer vos cheveux naturels ou à enlever une ancienne couleur obtenue par coloration permanente, Garnier Décoloril est le produit qu'il vous faut. Le soin enrichi aux protéines de blé et au complexe UV-protecteur protège vos cheveux des agressions extérieures (brosse, soleil, vent). Vos cheveux sont doux, brillants. Résultat : votre blond est éclatant de naturel et pour longtemps. || Révélateur crème : aqua, hydrogen peroxide, cetearyl alcohol, trideceth-2 carboxamide mea, ceteareth-30, glycerin, pentasodium pentetate, sodium stannate, tetrasodium pyrophosphate. (Cl3169/5). Crème décolorante : aqua, cetearyl alcohol, propylene glycol, deceth-3, laureth-12, ammonium hydroxide, oleth-30, lauric acid, glycol distearate, polyquaternium-22, ethanolamine, silica dimethyl silylate, pentasodium pentetate, carbomer, parfum. (Cl3667/2). Poudre décolorante : potassium persulfate, sodium metasilicate, sodium persulfate, ammonium chloride, kaolin, sodium lauroyl sarcosinate (Cl77891), edta, cyamopsis tetragonoloba, polydecene, calcium stearate. (Cl7387/1). Soin nutritif : aqua, cetearyl alcohol, behentrimonium chloride, PEG-180, amodimethicone, cetyl esters, camphor benzalkonium methosulfate, cetrimonium chloride, chlorhexidine dihydrochloride, citric acid, hydroxyethylcellulose, hydroxypropyltrimonium hydrolyzed wheat protein, methylparaben, trideceth-12, parfum. (C14074/1) Lemélange décolorant contient de l'ammoniaque, de l'eau oxygénée et des persulfates. || 
12,25€ / Pce || 
12,25 € || 
Crème facil-color, coloration permanente, 20-châtain clair naturel || La boîte de 115ml || Origine : FRANCE || Résultat naturel garanti. Grâce à sa formule unique aux colorants nuanceurs Garnier Belle Color recréé toutes les nuances d'une couleur naturelle et couvre 100% des cheveux blancs.Enrichie en huile de jojoba et de germe de blé, Garnier Belle Color laisse les cheveux doux et naturels au toucher. Une coloration facile et rapide. || Sa texture unique Crème Facil-Color, qui ne coule pas, s'applique comme un shampooing et agit en 20 minutes seulement. Important : la coloration peut provoquer une réaction allergique qui, dans certains cas rares, peut être grave. Il est obligatoire,dans tous les cas, de faire un test d'allergie cutanée impérativement 48 heures avant chaque utilisation de ce produit (se conformer à la notice). Ne pas utiliser si : vous avez déjà réagi à un produit de coloration, vous avez le cuir chevelu irritéou abîmé. Tatouage henné noir : si vous avez fait, même une seule fois, un tatouage au henné noir, vous risquez d'être devenue allergique sans le savoir. Ne pas utiliser ce produit sans avoir effectué le test d'allergie cutanée, 48 heures avant l'utilisation du produit. Pensez à acheter votre produit à l'avance pour faire le test d'allergie cutanée 48 heures avant. Le révélateur contient de l'eau oxygénée. Le produit colorant contient : des diaminobenzènes, de la résorcine, de l'ammoniaque. Eviter le contact du produit avec la peau et les yeux, ne pas employer pour la coloration des cils et des sourcils. Ne pas suivre cette consigne peut entraîner la cécité. Rincer immédiatement et abondamment les yeux si le produit entre en contact avec ceux-ci. Porter les gants appropriés fournis dans l'étui. Bien rincer les cheveux après application. Ne pas utiliser si vos cheveux ont été colorés par du henné ou une coloration progressive. Tenir hors de la portée des enfants. Ne pas utiliser chez l || Aqua/water, deceth-3, laureth-12, cocamide mipa, ammonium hydroxide, oleth-30, glycerin, deceth-5, oleic acid, oleyl alcohol, hexadimethrine chloride, 2.4-diaminophenoxyethanol HCl, m-aminophenol, ascorbic acid, hydroxyethylcellulose, hydroxybenzomorpholine, ethanolamine, triticum vulgare germ oil/wheat germ oil, polyquaternium-6, polyquaternium-24, ammonium thiolactate, simmondsia chinensis oil/jojoba seed oil, isopropanolamine, p-phenylenediamine, resorcinol, edta, parfum/fragrance. (F.I.L. C29998/1). Lait révélateur : aqua/water, hydrogen peroxide, cetearyl alcohol, sodium stannate, trideceth-2 carboxamide mea, pentasodium pentetate, phosphoric acid, ceteareth-25, tetrasodium pyrophosphate, glycerin. (F.I.L. C10550/12). Crème de soin nutritive : aqua/water, cetearyl alcohol, dimethicone, niacinamide, peg-150/stearyl alcohol/smdi copolymer, ppg-1 trideceth-6, polyquaternium-37, chlorhexidine dihydrochloride, limonene, linalool, benzyl salicylate, paraffinum liquidum/mineral oil, methylparaben, citronellol, butylphenyl methylpropional, hexyl cinnamal, parfum/fragrance. (F.I.L. C30561/1). || 
8,09€ / Pce || 
8,09 € || 
Crème facil-color, coloration permanente, 28- châtain marron naturel || La boîte de 115ml || Origine : FRANCE || Un résultat naturel garanti. Alors que les colorations permanentes classiques peuvent donner des couleurs trop uniformes, Garnier Belle Color donne une couleur naturelle nuancée. Comment ? Sa formule unique respecte toutes les différences de tons naturelles de votre chevelure, tout en couvrant parfaitement les cheveux blancs. NOUVEAU Sa nouvelle crème de soin nutritive protège les cheveux du dessèchement et les rend extrêmement doux et naturels au toucher. Une couleur naturelle, facile et inratable. Sa formule gel crème s'applique très facilement en une seule fois sur toute la chevelure, comme un shampooing. Elle ne coule pas, et agit en 20 minutes seulement. Des cheveux naturels au toucher. Sa formule enrichie en huile de jojoba et de germe de blé protège efficacement vos cheveux du dessèchement. || CONSIGNES D'UTILISATION IMPORTANT : LA COLORATION PEUT PROVOQUER UNE REACTION ALLERGIQUE QUI, DANS CERTAINS CAS RARES, PEUT ETRE GRAVE. IL EST DONC INDISPENSABLE DE RESPECTER LES CONSIGNES SUIVANTES : NE PAS UTILISER SI : - vous avez déjà réagi à unproduit de coloration. - vous avez le cuir chevelu sensible, irrité ou abîmé. - EN CAS DE TATOUAGE les risques d'allergie peuvent être accrus. - FAIRE UN TEST D'ALLERGIE CUTANÉE IMPÉRATIVEMENT 48 HEURES AVANT CHAQUE UTILISATION DE CE PRODUIT (voir notice). - PENSER À ACHETER VOTRE PRODUIT À L'AVANCE. -Le révélateur contient de l'eau oxygénée. -Le produit colorant contient : des diaminobenzènes. de la résorcine, de l'ammoniaque.- Eviter le contact du produit avec la peau et les yeux, ne pas employer pour la coloration des cils et des sourcils. Ne pas suivre cette consigne peut entraîner la cécité. -Rincer immédiatement les yeux si le produit entre en contact avec ceux-ci. -Porter les gants appropriés fournis dans l'étui. -Bien rincer les cheveux après application. -Ne pas utiliser si vos cheveux ont été colorés par du henné ou une coloration progressive. -Tenir hors de la portée des enfants. Ne pas utiliser chez l'enfant. || 
9,31€ / Pce || 
9,31 € || 
########
Crème facil-color, coloration permanente, 2-blond naturel || La boîte de 115ml || Origine : FRANCE || Un résultat naturel garanti. Alors que les colorations permanentes classiques peuvent donner des couleurs trop uniformes, Garnier Belle Color donne une couleur naturelle nuancée. Comment ? Sa formule unique respecte toutes les différences de tons naturelles de votre chevelure, tout en couvrant parfaitement les cheveux blancs. NOUVEAU Sa nouvelle crème de soin nutritive protège les cheveux du dessèchement et les rend extrêmement doux et naturels au toucher. Une couleur naturelle, facile et inratable. Sa formule gel crème s'applique très facilement en une seule fois sur toute la chevelure, comme un shampooing. Elle ne coule pas, et agit en 20 minutes seulement. Des cheveux naturels au toucher. Sa formule enrichie en huile de jojoba et de germe de blé protège efficacement vos cheveux du dessèchement. || CONSIGNES D'UTILISATION IMPORTANT : LA COLORATION PEUT PROVOQUER UNE REACTION ALLERGIQUE QUI, DANS CERTAINS CAS RARES, PEUT ETRE GRAVE. IL EST DONC INDISPENSABLE DE RESPECTER LES CONSIGNES SUIVANTES : NE PAS UTILISER SI : - vous avez déjà réagi à unproduit de coloration. - vous avez le cuir chevelu sensible, irrité ou abîmé. - EN CAS DE TATOUAGE les risques d'allergie peuvent être accrus. - FAIRE UN TEST D'ALLERGIE CUTANÉE IMPÉRATIVEMENT 48 HEURES AVANT CHAQUE UTILISATION DE CE PRODUIT (voir notice). - PENSER À ACHETER VOTRE PRODUIT À L'AVANCE. -Le révélateur contient de l'eau oxygénée. -Le produit colorant contient : des diaminobenzènes. de la résorcine, de l'ammoniaque.- Eviter le contact du produit avec la peau et les yeux, ne pas employer pour la coloration des cils et des sourcils. Ne pas suivre cette consigne peut entraîner la cécité. -Rincer immédiatement les yeux si le produit entre en contact avec ceux-ci. -Porter les gants appropriés fournis dans l'étui. -Bien rincer les cheveux après application. -Ne pas utiliser si vos cheveux ont été colorés par du henné ou une coloration progressive. -Tenir hors de la portée des enfants. Ne pas utiliser chez l'enfant. || CRÈME COLORANTE: AQUA/ WATER, DECETH-3, LAURETH-12, OLETH-30, DECETH-5, TRIDECETH-2 CARBOXAMIDE MEA, AMMONIUM HYDROXIDE, GLYCERIN, OLEIC ACID, HEXADIMETHRINE CHLORIDE, OLEYL ALCOHOL, POLYQUATERNIUM-22, m-AMINOPHENOL, ASCORBIC ACID, SODIUM METABISULFITE, HYDROXYBENZOMORPHOUNE, ETHANOLAMINE, TRITICUM VULGARE / WHEAT GERM OIL, POLYQUATERNIUM-24, CAMELUA KISSI / CAMELLIA KISSISEED OIL, SIMMONDSIA CHINENSIS / JOJOBA SEED OIL, p-PHENYLENEDIAMINE, ALPHA-ISOMETHYLIONONE, RESORCINOL, EDTA, CITRONELLOL, PARFUM / FRAGRANCE. (F.I.L. C19763/2) 437047 - LAIT RÉVÉLATEUR : AQUA / WATER, HYDROGEN PEROXIDE, CETEARYL ALCOHOL, SODIUM STANNATE, TRIDECETH-2 CARBOXAMIDE MEA, PENTASODIUM PENTETATE, CETEARETH-30, TETRASODIUM PYROPHOSPHATE, GLYCERIN. (F.I.L. C10550/10) 487043 - CRÈME DE SOIN NUTRITIVE : AQUA / WATER, CETEARYL ALCOHOL, DIMETHICONE, Cl 77891 / TITANIUM DIOXIDE, NIACINAMIDE, MICA, PEG-150/STEARYL ALCOHOL/SMDICOPOLYMER, PPG-1 TRIDECETH-6, POLYQUATERNIUM-37, CHLORHEXIDINE DIHYDROCHLORIDE, LIMONENE,LINALOOL, BENZYL SAUCYLATE, PARAFF1NUM UQUIDUM / MINERAL OIL, METHYLPARABEN, CITRONELLOL, BUTYLPHENYL METHYLPROPIONAL, HEXYL CINNAMAL, PARFUM / FRAGRANCE. (F.I.L C20924/1) || 
8,09€ / Pce || 
8,09 € || 
Crème facil-color, coloration permanente, 6 - blond très clair naturel || La boîte de 115ml || Origine : FRANCE || Un résultat naturel garanti. Alors que les colorations permanentes classiques peuvent donner des couleurs trop uniformes, Garnier Belle Color donne une couleur naturelle nuancée. Comment ? Sa formule unique respecte toutes les différences de tons naturelles de votre chevelure, tout en couvrant parfaitement les cheveux blancs. NOUVEAU Sa nouvelle crème de soin nutritive protège les cheveux du dessèchement et les rend extrêmement doux et naturels au toucher. Une couleur naturelle, facile et inratable. Sa formule gel crème s'applique très facilement en une seule fois sur toute la chevelure, comme un shampooing. Elle ne coule pas, et agit en 20 minutes seulement. Des cheveux naturels au toucher. Sa formule enrichie en huile de jojoba et de germe de blé protège efficacement vos cheveux du dessèchement. || LA COLORATION PEUT PROVOQUER UNE RÉACTION ALLERGIQUE QUI, DANS CERTAINS CAS RARES, PEUT ÊTRE GRAVE IL EST OBUGATOIRE, DANS TOUS LES CAS, DE FAIRE UN TEST D'ALLERGIE CUTANÉE IMPÉRATIVEMENT 48 HEURES AVANT CHAQUE UT1USAT10N DE CE PRODUIT (se conformerà la notice). NE PAS UT1USER SI :- vous avez déjà réagi à un produit de coloration.- vous avez le cuir chevelu irrité ou abîmé. TATOUAGE HENNE NOIR : si vous avez fait même une seule fois, un tatouage au henné noir, vous risquez d'être devenue allergique sans le savoir. Ne pas utiliser ce produit sans avoir effectué le test d'allergie cutanée, 48 heures avant l'utilisation du produit.PENSEZ À ACHETER VOTRE PRODgiT À L'AVANCE POUR FAIRE LE TEST D'ALLERGIE CUTANEE 48 HEURES AVANT.-Le révélateurcontient de l'eau oxygénée.-Le produit colorant contient : des diaminobenzènes, de larésorcine, de l'ammoniaque. -Éviter le contact du produit avec la peau et les yeux, ne pasemployer pour la coloration des cils et des sourcils. Ne passuivre cette consigne peut entraîner la cécité. -Rincer immédiatement les yeux si le produit entre encontact avec ceux-ci, -Porter les gants appropriés fournis dans l'étui. -Bien rincer les cheveux après application. -Ne pas utiliser si vos cheveux ont été coloréspar du henné ou une coloration progressive. -Tenir hors de la portée des enfants. Ne pas utiliser chez l'enfant. || CRÈME COLORANTE : AQUA/WATER, DECETH-3, LAURETH-12, OLETH-30, DECETH-5, TRIDECETH-2 CARBOXAMIDE MEA, AMMONIUM HYDROXIDE, GLYCERIN, OLEIC ACID, HEXADIMETHRINE CHLORIDE, OLEYL ALCOHOL, POLYQUATERNIUM-22, m-AMINOPHENOL, ASCORBIC ACID, SODIUM METABISULFITE, ETHANOLAMINE, TRITICUM VULGARE / WHEAT GERM OIL, POLYQUATERNIUM-24, CAMELLIA KISSI / CAMELLIA KISSI SEED OIL, SIMMONDSIA CHINENSIS / JOJOBA SEED OIL, ALPHA-ISOMETHYL IONONE, p-PHENYLENEDIAMINE, RESORCINOL, EDTA, CITRONELLOL, PARFUM / FRAGRANCE. (F.I.L. C20092/2) 437047 - LAIT RÉVÉLATEUR : AQUA / WATER, HYDROGEN PEROXIDE, CETEARYL ALCOHOL, SODIUM STANNATE, TRIDECETH-2 CARBOXAMIDE MEA, PENTASODIUM PENTETATE, CETEARETH-30, TETRASODIUM PYROPHOSPHATE, GLYCERIN. (F.I.L. C10550/10) 487043 - CRÈME DE SOIN NUTRITIVE : AQUA / WATER, CETEARYL ALCOHOL, DIMETHICONE, Cl 77891 / TITANIUM DIOXIDE, NIACINAMIDE, MICA, PEG-150/STEARYL ALCOHOL/SMDI COPOLYMER, PPG-1 TRIDECETH-6, POLYQUATERNIUM-37, CHLORHEXIDINE DIHYDROCHLORIDE, LIMONENE, LINALOOL, BENZYL SALICYLATE, PARAFFINUM LIQUIDUM / MINERAL OIL, METHYLPARABEN, CITRONELLOL, BUTYLPHENYL METHYLPROPIONAL, HEXYL CINNAMAL, PARFUM / FRAGRANCE. (F.I.L. C20924/1) || 
8,91€ / Pce || 
8,91 € || 
Crème facil-color, résultat naturel garanti, coloration permanente, 21 châtain clair doré, || La boîte de 115ml || Origine : FRANCE || Résultat naturel garanti. Grâce à sa formule unique aux colorants nuanceurs Garnier Belle Color recréé toutes les nuances d'une couleur naturelle et couvre 100% des cheveux blancs.Enrichie en huile de jojoba et de germe de blé, Garnier Belle Color laisse les cheveux doux et naturels au toucher. Une coloration facile et rapide. || Sa texture unique Crème Facil-Color, qui ne coule pas, s'applique comme un shampooing et agit en 20 minutes seulement. Important : la coloration peut provoquer une réaction allergique qui, dans certains cas rares, peut être grave. Il est obligatoire,dans tous les cas, de faire un test d'allergie cutanée impérativement 48 heures avant chaque utilisation de ce produit (se conformer à la notice). Ne pas utiliser si : vous avez déjà réagi à un produit de coloration, vous avez le cuir chevelu irritéou abîmé. Tatouage henné noir : si vous avez fait, même une seule fois, un tatouage au henné noir, vous risquez d'être devenue allergique sans le savoir. Ne pas utiliser ce produit sans avoir effectué le test d'allergie cutanée, 48 heures avant l'utilisation du produit. Pensez à acheter votre produit à l'avance pour faire le test d'allergie cutanée 48 heures avant. Le révélateur contient de l'eau oxygénée. Le produit colorant contient : des diaminobenzènes, de la résorcine, de l'ammoniaque. Eviter le contact du produit avec la peau et les yeux, ne pas employer pour la coloration des cils et des sourcils. Ne pas suivre cette consigne peut entraîner la cécité. Rincer immédiatement et abondamment les yeux si le produit entre en contact avec ceux-ci. Porter les gants appropriés fournis dans l'étui. Bien rincer les cheveux après application. Ne pas utiliser si vos cheveux ont été colorés par du henné ou une coloration progressive. Tenir hors de la portée des enfants. Ne pas utiliser chez l || Crème colorante : aqua/water, deceth-3, laureth-12, cocamide mipa, ammonium hydroxide, oleth-30, glycerin, deceth-5, oleic acid, oleyl alcohol, hexadimethrine chloride, 2.4-diaminophenoxyethanol HCl, p-aminophenol, m-aminophenol, ascorbic acid, hydroxyethylcellulose, ethanolamine, triticum vulgare germ oil/wheat germ oil, polyquaternium-6, polyquaternium-24, ammonium thiolactate, simmondsia chinensis oil/jojoba seed oil, 2-methyl-5-hydroxyethylaminophenol, isopropanolamine, p-phenylenediamine, resorcinol, edta, parfum/fragrance. (F.I.L. C30037/1). Lait révélateur : aqua/water, hydrogen peroxide, cetearyl alcohol, sodium stannate, trideceth-2 carboxamide mea, pentasodium pentetate, phosphoric acid, ceteareth-25, tetrasodium pyrophosphate, glycerin. (F.I.L. C10550/12). Crème de soin nutritive : aqua/water, cetearyl alcohol, dimethicone, niacinamide, peg-150/stearyl alcohol/smdi copolymer, ppg-1 trideceth-6, polyquaternium-37, chlorhexidine dihydrochloride, limonene, linalool, benzyl salicylate, paraffinum liquidum/mineral oil, methylparaben, citronellol, butylphenyl methylpropional, hexyl cinnamal, parfum/fragrance. (F.I.L. C30561/1). || 
8,09€ / Pce || 
8,09 € || 
Crème facil-color, résultat naturel garanti, coloration permanente, 3 blond doré || La boîte de 115ml || Origine : FRANCE || Résultat naturel garanti. Grâce à sa formule unique aux colorants nuanceurs Garnier Belle Color recréé toutes les nuances d'une couleur naturelle et couvre 100% des cheveux blancs.Enrichie en huile de jojoba et de germe de blé, Garnier Belle Color laisse les cheveux doux et naturels au toucher. Une coloration facile et rapide. || Sa texture unique Crème Facil-Color, qui ne coule pas, s'applique comme un shampooing et agit en 20 minutes seulement. Important : la coloration peut provoquer une réaction allergique qui, dans certains cas rares, peut être grave. Il est obligatoire,dans tous les cas, de faire un test d'allergie cutanée impérativement 48 heures avant chaque utilisation de ce produit (se conformer à la notice). Ne pas utiliser si : vous avez déjà réagi à un produit de coloration, vous avez le cuir chevelu irritéou abîmé. Tatouage henné noir : si vous avez fait, même une seule fois, un tatouage au henné noir, vous risquez d'être devenue allergique sans le savoir. Ne pas utiliser ce produit sans avoir effectué le test d'allergie cutanée, 48 heures avant l'utilisation du produit. Pensez à acheter votre produit à l'avance pour faire le test d'allergie cutanée 48 heures avant. Le révélateur contient de l'eau oxygénée. Le produit colorant contient : des diaminobenzènes, de la résorcine, de l'ammoniaque. Eviter le contact du produit avec la peau et les yeux, ne pas employer pour la coloration des cils et des sourcils. Ne pas suivre cette consigne peut entraîner la cécité. Rincer immédiatement et abondamment les yeux si le produit entre en contact avec ceux-ci. Porter les gants appropriés fournis dans l'étui. Bien rincer les cheveux après application. Ne pas utiliser si vos cheveux ont été colorés par du henné ou une coloration progressive. Tenir hors de la portée des enfants. Ne pas utiliser chez l || Aqua/water, deceth-3, laureth-12, cocamide mipa, ammonium hydroxide, oleth-30, glycerin, deceth-5, oleic acid, oleyl alcohol, hexadimethrine chloride, p-aminophenol, m-aminophenol, ascorbic acid, sodium metabisulfite, hydroxyethylcellulose, hydroxybenzomorpholine, ethanolamine, triticum vulgare/wheat germ oil, polyquaternium-6, polyquaternium-24, simmondsia chinensis oil/jojoba seed oil, 2-methylresorcinol, isopropanolamine, p-phenylenediamine, resorcinol, edta, parfum/fragrance. (F.I.L. C27043/1). Lait révélateur : aqua/water, hydrogen peroxide, cetearyl alcohol, sodium stannate, trideceth-2 carboxamide mea, pentasodium pentetate, phosphoric acid, ceteareth-25, tetrasodium pyrophosphate, glycerin. (F.I.L. C10550/12). Crème de soin nutritive : aqua/water, cetearyl alcohol, dimethicone, niacinamide, peg-150/stearyl alcohol/smdi copolymer, ppg-1 trideceth-6, polyquaternium-37, chlorhexidine dihydrochloride, limonene, linalool, benzyl salicylate, paraffinum liquidum/mineral oil, methylparaben, citronellol, butylphenyl methylpropional, hexyl cinnamal, parfum/fragrance. (F.I.L. C30561/1). || 
8,09€ / Pce || 
8,09 € || 
Lotion de mise en plis, blond doré || Le flacon de 13,5ml || Origine : FRANCE || Keraplis prolonge la tenue de la mise en plis et maintient les cheveux parfaitement coiffés tout en les préservant de l'humidité. Les nuances à reflet Keraplis rendent leur éclat aux cheveux éclaircis, colorés ou permanentés. || Keraplis s'applique après le shampooing sur cheveux essorés. 1 - Répartissez la dose de produit sur l'ensemble de la chevelure et peignez. 2 - Procédez à la mise en plis et séchez selon votre habitude. 3 - Après avoir retiré les rouleaux, brossez voscheveux pour leur rendre tout leur volume. || AQUA/WATER/EAU, ALCOHOL DENAT, VA/CROTONATES COPOLYMER, VP/VA COPOLYMER, PARFUM (FRAGRANCE), AMINOMETHYL PROPANOL, HEXYL CINNAMAL, YELLOW 5 (Cl 19140), YELLOW 6 (Cl 15985), BUTYLPHENYL METHYLPROPIONAL, Cl 28440, LINALOOL, LIMONENE, (F05). 00208518 || 
271,11€ / L || 
3,66 € || 
Lotion de mise en plis, Eclaircissant || Le flacon de 13,5ml || Origine : FRANCE || Keraplis prolonge la tenue de la mise en plis et maintient les cheveux parfaitement coiffés tout en les préservant de l'humidité. Les nuances à reflet rendent leur éclat aux cheveux éclaircis. || Keraplis s'applique après le shampooing sur cheveux essorés. Répartissez la dose du produit sur l'ensemble de la chevelure et peignez. Procédez à la mise en plis et séchez selon votre habitude. Contient de l'eau oxygénée. Eviter le contact avec les yeux. Rincer immédiatement les yeux si le produit entre en contact avec ceux-ci. Consulter un spécialiste. Porter des gants appropriés. || Aqua, alcohol denat, hydrogen peroxide, va/crotonates copolymer, vp/va copolymer, parfum, aminomethyl propanol, hexyl cinnamal, butylphenyl methylpropional, tetrasodium pyrophosphate, linalool, limonene, sodium stannate, phosphoric acid (F15). || 
271,11€ / L || 
3,66 € || 
Lotion de mise en plis, tabac, tenue durable, éclat de la couleur || Le blister de 13,5ml || Origine : FRANCE || Keraplis prolonge la tenue de la mise en plis et maintient les cheveux parfaitement coiffés tout en les préservant de l'humidité. Les nuances à reflet Keraplis rendent leur éclat aux cheveux éclaircis, colorés ou permanentes. || Keraplis s'applique après le shampooing sur cheveux essorés. Répartissez la dose de produit sur l'ensemble de la chevelure et peignez. Procédez à la mise en plis et séchez selon votre habitude. Après avoir retiré les rouleaux, brossez vos cheveux pour leur rendre tout leur volume. || Aqua (water), alcohol denat, va/crotonates copolymer, vp/va copolymer, parfum (fragrance), aminomethyl propanol, orange 4 (Cl15510), ext. violet 2 (Cl60730), hexyl cinnamal, butylphenyl methylpropional, basic red 76 (Cl12245), blue1 (Cl42090), linalool, limonene, (F04). || 
261,43€ / L || 
3,66 € || 
Mise en plis naturel, lotion tenue durable, volume et brillance || Les 6 doses, 100ml || Origine : FRANCE || Kéraplis prolonge la tenue de la mise en plis et maintient les cheveux parfaitement coiffés tout en les préservant de l'humidité. Brillants et pleins de volume, ils restent parfaitement coiffés jusqu'au prochain shampooing. || Kéraplis s'applique après le shampooing sur cheveux essorés. 1 - Répartissez la dose de produit sur l'ensemble de la chevelure et peignez. 2 - Procédez à la mise en plis et séchez selon votre habitude. 3 - Après avoir retiré les rouleaux, brossez voscheveux pour leur rendre tout leur volume. || AQUA (WATER), ALCOHOL DENAT., VA/CROTONATES COPOLYMER, VP / VA COPOLYMER, PARFUM (FRAGRANCE), AMINOMETHYL PROPANOL, HEXYL CINNAMAL, BUTYLPHENYL METHYLPROPIONAL, PEG/PPG-18/18 DIMETHICONE, LINALOOL, LIMONENE, BLUE 1(CI 42090), Cl 14720, (F17). || 12 mois après ouverture. || 
87,90€ / L || 
8,79 € || 
Shampooing fréquence, action déjaunissante, cheveux gris ou blancs || Le flacon de 200ml || Origine : FRANCE || Le Shampooing Fréquence contient une base lavante très douce et des colorants qui neutralisent les reflets jaunes. Sa formule renferme des actifs fortifiants qui densifient le cheveu et le rendent plus résistant. Faciles à démêler, doux et brillants,les cheveux gris ou blancs retrouvent volume et éclat. || En cas de contact avec les yeux, rincer immédiatement et abondamment à l'eau claire. || AQUA (WATER), SODIUM LAURETH SULFATE, PEG-4 RAPESEEDAMIDE, GLYCERIN, SODIUM CHLORIDE, COCAMIDOPROPYL BETAINE, ACID VIOLET 43 (CI 607301), GLYCOL DISTEARATE, COCAMIDE MEA, PARFUM (FRAGRANCE), POLYQUATERNIUM-7, DMDM HYDANTOIN, LAURETH-10, CITRIC ACID,BENZOIC ACID, HC BLUE 2, GERANIOL, BUTYLPHENYL METHYLPROPIONAL, LINALOOL, CITRONELLOL HEXYL CINNAMAL LIMONENE, ALPHA-ISOMETHYL IONONE, (F02). || 12 mois après ouverture. || 
36,30€ / L || 
7,26 € || 
35 Châtain expresso, Crème colorante permanente || La boite de 115ml || Origine : FRANCE || La garantie d'une couleur lumineuse sans aucun cheveu blanc. Une couleur étincelante. Une formule couvrante haute performance. Un soin nutritif riche et profond. || Application ultra facile et rapide sur cheveux secs. Cet étui contient : 1 tube crème colorante de 33 ml + 1 flacon applicateur de révélateur de 67 ml + 1 sachet de soin crème après coloration de 15 ml + 1 notice + 1 paire de gants + des protège-branches de lunettes. Si vous avez les cheveux longs ou épais, utilisez deux boîtes d'Eugène Color Les Raffinées. Le résultat dépend de la couleur actuelle de vos cheveux, qu'ils soient de couleur naturelle ou colorés. Les colorants capillaires peuvent provoquer des réactions allergiques sévères. Lire et suivre les instructions suivantes. Ce produit n'est pas destiné à être utilisé sur les personnes de moins de seize ans. Les tatouages temporaires noirs à base de henné peuvent augmenter le risque d'allergie. Ne vous colorez pas les cheveux si : vous présentez une éruption cutanée sur le visage ou si votre cuir chevelu est sensible, irrité ou abîmé, vous avez déjà fait une réaction après avoir coloré vos cheveux, vous avez fait par le passé uneréaction à un tatouage temporaire noir à base de henné. Pour réduire les risques, faire un test d'alerte allergie 48H avant chaque application. En cas de réaction ou si vous avez un doute, consultez un médecin avant toute coloration. La coloration contient de l'ammoniaque et suivant les nuances de la résorcine, des diaminobenzènes, des phénylènediamines (toluènediamines. Le révélateur contient du peroxyde d'hydrogène. Porter des gants appropriés mono usage. Eviter le contact avec les yeux. En ca || Aqua/water/eau, cetearyl alcohol, propylene glycol, ammonium hydroxide, cocamidopropyl betaine, p-phenylenediamine, ceteareth-33, hydroxyethylcellulose, resorcinol, sodium metabisulfite, 4-amino-m-cresol, parfum (fragrance), polyquaternium-6, ascorbic acid, pentasodium pentetate, m-aminophenol, p-methylaminophenol sulfate, 4-amino-2-hydroxytoluene, 2,4-diaminophenoxyethanol hcl, (f01). Révélateur : aqua/water/eau, hydrogen peroxide, cetearyl alcohol, trideceth-2 carboxamide mea, ceteareth-33, glycerin, phosphoric acid, pentasodium pentetate, sodium stannate, tetrasodium pyrophosphate (F12). Soin crème : aqua/water/eau, cetearyl alcohol, distearoylethyl hydroxyethylmonium methosulfate, stearyl alcohol, ethylhexyl methoxycinnamate, ceteareth-33, argania spinosa (argan) kernel oil, amodimethicone, citric acid, parfum (fragrance), cetrimonium chloride, trideceth-12, methylchloroisothiazolinone, methylisothiazolinone, sodium hydroxide, (F01). || 
6,13€ / Pce || 
6,13 € || 
74 marron Moka, Crème colorante permanente || L'étui de 115 ml || Origine : FRANCE || Porter des gants appropriés mono usage, Eviter le contact avec les yeux. En cas de contact, les rincer immédiatement et abondamment à l'eau claire. Si vous portez des lentilles, retirez-les avant de rincer vos yeux abondamment à l'eau. Consulter un spécialiste. Ne pas employer pour la coloration des cils et des sourcils, ou pour un autre usage que la coloration des cheveux. Ne pas utiliser chez les enfants. Ne pas laisser à la portée des enfants. Ne pas utiliser si les cheveux ont été colorés avec du henné, des sels métalliques, une coloration progressive ou un produit de repigmentation. Bien rincer après l'application du mélange. Ne pas conserver le mélange pour une application ultérieure.  IMPORTANT: CE PRODUIT PEUT GENERER UNE REACTION D'ALLERGIE, QUI DANS CERTAINS CAS PEUT ETRE GRAVE. UN TATOUAGE PEUT AUGMENTER LES RISQUES D'ALLERGIE. POUR REDUIRE CES RISQUES RESPECTER IMPERATIVEMENT LES PRECAUTIONS D'UTILISATION SUIVANTES: FAIRE UNE TOUCHE D'ESSAI 48 HEURES AVANT CHAQUE APPLICATION DU PRODUIT. SE CONFORMER A LA NOTICE. NE JAMAIS UTILISER SI vous avez déjà réagi à un produit de coloration, si vous avez le cuir chevelu sensible, abîmé ou irrité. Le révélateur contient de l'eau oxygénée. || 
6,07€ / Pce || 
6,07 € || 
83 blond clair doré, crème colorante permanente aux extraits d'olive, soin nutri-protect || La boîte de 115ml || Origine : FRANCE || Les Naturelles, la garantie d'une couleur éclatante, sans aucun cheveu blanc. Eugène Color a créé, pour vous, une nouvelle génération de crème colorante permanente qui couvre 100% de vos cheveux blancs, même les plus difficiles. Sa texture crémeuse enrobe chaque cheveu de la racine à la pointe. Vos cheveux sont sublimés par une couleur profonde et longue durée. une couleur étincelante. Un soin riche et profond. Une marque de confiance. || Crème onctueuse, ne coule pas. Si vous avez les cheveux longs ou épais, nous vous recommandons d'utiliser deux boîtes d'Eugène Color 'Les Naturelles'. Important : ce produit peut générer une réaction d'allergie, qui dans certains cas peut être grave.Un tatouage peut augmenter les risques d'allergie. Pour réduire ces risques, respecter impérativement les précautions d'utilisation suivantes : faire une touche d'essai 48 heures avant chaque application du produit (voir notice). Ne jamais utiliseravant d'avoir consulté un médecin si vous avez déjà réagi à un produit de coloration ou à un tatouage, vous avez le cuir chevelu sensible, abîmé ou irrité. La crème colorante contient de l'ammoniaque et peut contenir : résorcine, diaminotoluène, diaminobenzène. Le révélateur contient de l'eau oxygénée. Porter des gants appropriés mono usage. Eviter le contact avec les yeux. En cas de contact, les rincer immédiatement et abondamment à l'eau claire. Si vous portez des lentilles, retirez-les avantde rincer vos yeux abondamment à l'eau. Consulter un spécialiste. Ne pas employer pour la coloration des cils et des sourcils, ou pour un autre usage que la coloration des cheveux. Ne pas utiliser chez les enfants. Ne pas laisser à la portée des enfants. Ne pas utiliser si les cheveux ont été colorés avec du henné, des sels métalliques, une coloration progressive ou un produit de repigmentation. Bien rincer après l'application du mélange. Ne pas conserver le mélange pour une application ultérieu || Crème colorante : aqua/water/eau, cetearyl alcohol, propylene glycol, ammonium hydroxide, cocamidopropyl betaine, ceteareth-33, carbomer, sodium metabisulfite, parfum (fragrance), triethanolamine, p-aminophenol, resorcinol, ascorbic acid, pentasodiumpentetate, polyquaternium-22, quaternium-80, toluene-2.5-diamine sulfate, 2-methylresorcinol, 4-amino-2-hydroxytoluene, 2-methyl-5-hydroxyethylaminophenol,(F01). Contient de la résorcine, un diaminotoluene, de l'ammoniaque. Révélateur : aqua/water/eau, hydrogen peroxide, cetearyl alcohol, trideceth-2 carboxamide mea, ceteareth-33, glycerin, phosphoric acid, pentasodium pentetate, sodium stannate, tetrasodium pyrophosphate, (F12). soin crème : aqua/water/eau, cetearyl alcohol, distearoylethyl hydroxyethylmonium methosulfate, stearyl alcohol, ethylhexyl methoxycinnamate, ceteareth-33, parfum (fragrance), olive oil peg-8 esters, amodimethicone, cetrimonium chloride, trideceth-12, methylchloroisothiazolinone, methylisothiazolinone, citric acid, (F01). || 
5,86€ / Pce || 
5,86 € || 
Blond clair cuivré 21, Crème colorante permanente || La boîte de 115ml || Origine : FRANCE || Eugène Color a créé, pour vous, une nouvelle génération de crème colorante permanente qui couvre 100% de vous cheveux blancs, même les plus difficiles.Sa texture crémeuse enrobe chaque cheveu de la racine aux pointes. Vos cheveux sont sublimés par une couleur profonde et longue durée. Une couleur étincelante. Un soin riche et profond. Une marque de confiance. || Application facile et rapide sur cheveux secs. Important : ce produit peut générer une réaction d'allergie, qui dans certains cas peut être grave. Un tatouage peut augmenter les risques d'allergie. Pour réduire ces risques, respecter impérativement les précautions d'utilisation suivantes : faire une touche d'essai 48 heures avant chaque application du produit (voir notice). Ne jamais utiliser avant d'avoir consulté un médecin si : vous avez déjà réagi à un produit de coloration ou à un tatouage,vous avez le cuir chevelu sensible, abîmé ou irrité. La crème colorante contient de l'ammoniaque et peut contenir : résorcine, diaminotoluène, diaminobenzène. Le révélateur contient de l'eau oxygénée. Porter des gants appropriés mono usage. Eviter le contact avec les yeux. En cas de contact, les rincer immédiatement et abondamment à l'eau claire. Si vous portez des lentilles, retirez-les avant de rincer vos yeux abondamment à l'eau. Consulter un spécialiste. Ne pas employer pour la coloration des cils et des sourcils, ou pour un autre usage que la coloration des cheveux. Ne pas utiliser chez les enfants. Ne pas laisser à la portée des enfants. Ne pas utiliser si les cheveux ont été colorés avec du henné, des sels métalliques, une coloration progressive ou un produit de repigmentation. Bien rincer après l'application du mélange. Ne pas conserver le mélange pour une application ultérieure. Se conformer à la notice. || Crème colorante : aqua/water/eau, cetearyl alcohol, propylene glycol, ammonium hydroxide, cocamidopropyl betaine, ceteareth-33, carbomer, sodium metabisulfite, p-aminophenol, parfum (fragrance), triethanolamine, toluene-2.5-diamine sulfate, ascorbicacid, pentasodium pentetate, polyquaternium-22, quaternium-80.4-amino-2-hydroxytoluene, 2-methyl-5-hydroxyethylaminophenol, resorcinol, (F01). Contient de la résorcine, un diaminotoluène, de l'ammoniaque. Révélateur : aqua/water/eau, hydrogen peroxide, cetearyl alcohol, trideceth-2 carboxamide mea, ceteareth-33, glycerin, phosphoric acid, pentasodium pentetate, sodium stannate, tetrasodium pyrophosphate, (F12). Soin crème : aqua/water/eau, cetearyl alcohol, distearoylethyl hydroxyethylmonium methosulfate, stearyl alcohol, ethylhexyl methoxycinnamate, ceteareth-33, parfum (fragrance), olive oil peg-8 esters, amodimethicone, cetrimonium chloride, trideceth-12, methylchloroisothiazolinone, methylisothiazolinone, citric acid, (F01). || 
5,76€ / Pce || 
5,76 € || 
Blond doré 24, Crème colorante permanente || La boîte de 115ml || Origine : FRANCE || Eugène Color a créé, pour vous, une nouvelle génération de crème colorante permanente qui couvre 100% de vous cheveux blancs, même les plus difficiles.Sa texture crémeuse enrobe chaque cheveu de la racine à la pointe. Vos cheveux sont sublimés par une couleur profonde et longue durée. Une couleur étincelante. Un soin riche et profond. Une marque de confiance. || Application facile et rapide sur cheveux secs. Important : ce produit peut générer une réaction d'allergie, qui dans certains cas peut être grave. Un tatouage peut augmenter les risques d'allergie. Pour réduire ces risques, respecter impérativement les précautions d'utilisation suivantes : faire une touche d'essai 48 heures avant chaque application du produit (voir notice). Ne jamais utiliser avant d'avoir consulté un médecin si : vous avez déjà réagi à un produit de coloration ou à un tatouage,vous avez le cuir chevelu sensible, abîmé ou irrité. La crème colorante contient de l'ammoniaque et peut contenir : résorcine, diaminotoluène, diaminobenzène. Le révélateur contient de l'eau oxygénée. Porter des gants appropriés mono usage. Eviter le contact avec les yeux. En cas de contact, les rincer immédiatement et abondamment à l'eau claire. Si vous portez des lentilles, retirez-les avant de rincer vos yeux abondamment à l'eau. Consulter un spécialiste. Ne pas employer pour la coloration des cils et des sourcils, ou pour un autre usage que la coloration des cheveux. Ne pas utiliser chez les enfants. Ne pas laisser à la portée des enfants. Ne pas utiliser si les cheveux ont été colorés avec du henné, des sels métalliques, une coloration progressive ou un produit de repigmentation. Bien rincer après l'application du mélange. Ne pas conserver le mélange pour une application ultérieure. Se conformer à la notice. || Crème colorante : aqua/water/eau, cetearyl alcohol, propylene glycol, ammonium hydroxide, cocamidopropyl betaine, ceteareth-33, toluène-2.5-diamine sulfate, p-aminophenol, carbomer, sodium metabisulfite, parfum (fragrance), triethanolamine, resorcinol, ascorbic acid, pentasodium pentetate, polyquaternium-22, quaternium-80, m-aminophenol, 4-amino-2-hydroxytoluene, (F01). Contient de la résorcine, un diaminotoluène, de l'ammoniaque. Révélateur : aqua/water/eau, hydrogen peroxide, cetearyl alcohol,trideceth-2 carboxamide mea, ceteareth-33, glycerin, phosphoric acid, pentasodium pentetate, sodium stannate, tetrasodium pyrophosphate, (F12). Soin crème : aqua/water/eau, cetearyl alcohol, distearoylethyl hydroxyethylmonium methosulfate, stearyl alcohol, ethylhexyl methoxycinnamate, ceteareth-33, parfum (fragrance), olive oil peg-8 esters, amodimethicone, cetrimonium chloride, trideceth-12, methylchloroisothiazolinone, methylisothiazolinone, citric acid, (F01). || 
5,55€ / Pce || 
5,55 € || 
Blond foncé 9, crème colorante permanente nutri protectrice aux extraits d'olive || La boîte de 135ml || Origine : FRANCE || Une couverture parfaite des cheveux blancs. La nouvelle génération des colorations Eugène Color a été spécialement conçue pour garantir une couleur profonde et très longue durée, grâce à sa texture crémeuse qui enrobe chaque cheveu de la racine à lapointe. Tous les cheveux blancs sont couverts à 100%, même les plus difficiles ! Une action nutri-protectrice en profondeur. Le shampooing-crème Eugène Color est enrichi en  extraits d'olive, connus et utilisés depuis des millénaires pour leurs propriétés nutritives et protectrices. Fortifiés et nourris en profondeur, vos cheveux sont plus doux et plus brillants. || Temps de pause : 30 minutes. Si vous avez les cheveux longs ou épais, nous vous recommandons d'utiliser 2 étuis d'Eugène Color. Application sur cheveux déjà colorés ou application sur cheveux naturels.  Ce produit peut générer une réaction d'allergie, qui dans certains cas peut être grave Un tatouage peut augmenter les risques d'allergie. Pour reduire ces risques respecter imperativement les precautions d'utilisation suivantes : faire un test de sensibilité 48 heures avant chaque application duproduit. Se conformer à la notice. Ne jamais utiliser si vous avez déjà réagi à un produit de coloration, vous avez le cuir chevelu sensible, abîmé ou irrité Dans ce cas consulter un médecin avant toute utilisation Porter des gants appropriés mono usage. Eviter le contact avec les yeux. En cas de contact, les rincer immédiatement et abondamment à l'eau claire. Si vous portez des lentilles, retirez-les avant de rincer vos yeux abondamment à l'eau Consulter un spécialiste Ne pas employer pour la coloration des cils et des sourcils, ou pour un autre usage que la coloration des cheveux Ne pas utiliser chez les enfants Ne pas laisser à la portée des enfants Ne pas utiliser si les cheveux ont été colorés avec du henné, des sels métalliques, une coloration progressive ou un produit de repigmentation. Bien rincer après l'application du mélange Ne pas conserver le mélange pour une application ultérieure || Crème colorante : aqua (water), cetearyl alcohol, glyceryl stearate, stearic acid, oleamide dea, cocos nucifera (coconut) oil, ammonium hydroxide, peg-29 castor oil, ceteareth-20, ceteareth-33, paraffinum liquidum (mineral oil), parfum (fragrance), sodium metabisulfite, resorcinol, p-phenylenediamine, quaternium-80, bht, ascorbic acid, polyquaternium-22, p-aminophenol, dicaprylyl carbonate, pentasodium pentetate, 2.4-diaminophenoxyethanol sulfate, m-aminophenol, p-methylaminophenol sulfate, (F01). Révélateur : aqua (water), hydrogen peroxide, cetearyl alcohol, trideceth-2 carboxamide mea, ceteareth-33, glycerin, phosphoric acid, pentasodium pentetate, sodium stannate, tetrasodium pyrophosphate, (F11). Shampooing : aqua (water), sodium laureth sulfate, coco-glucoside, cocamidopropyl betaine, glycol distearate, polyquaternium-10, acrylates copolymer, dimethiconol, laureth-4, sodium chloride, olive oil peg-8 esters, parfum (fragrance), citric acid, dodecylbenzene sulfonate, c11-15 pareth-12, dmdm hydantoin, sodium hydroxide. (F01). || Crème colorante : aqua (water), cetearyl alcohol, glyceryl stearate, stearic acid, oleamide dea, cocos nucifera (coconut) oil, ammonium hydroxide, peg-29 castor oil, ceteareth-20, ceteareth-33, paraffinum liquidum (mineral oil), parfum (fragrance), sodium metabisulfite, resorcinol, p-phenylenediamine, quaternium-80, bht, ascorbic acid, polyquaternium-22, p-aminophenol, dicaprylyl carbonate, pentasodium pentetate, 2.4-diaminophenoxyethanol sulfate, m-aminophenol, p-methylaminophenol sulfate, (F01). Révélateur : aqua (water), hydrogen peroxide, cetearyl alcohol, trideceth-2 carboxamide mea, ceteareth-33, glycerin, phosphoric acid, pentasodium pentetate, sodium stannate, tetrasodium pyrophosphate, (F11). Shampooing : aqua (water), sodium laureth sulfate, coco-glucoside, cocamidopropyl betaine, glycol distearate, polyquaternium-10, acrylates copolymer, dimethiconol, laureth-4, sodium chloride, olive oil peg-8 esters, parfum (fragrance), citric acid, dodecylbenzene sulfonate, c11-15 pareth-12, dmdm hydantoin, sodium hydroxide. (F01). || 
5,86€ / Pce || 
5,86 € || 
Blond très clair 29, Crème colorante permanente || La boîte de 115ml || Origine : FRANCE || Eugène Color a créé, pour vous, une nouvelle génération de crème colorante permanente qui couvre 100% de vous cheveux blancs, même les plus difficiles.Sa texture crémeuse enrobe chaque cheveu de la racine à la pointe. Vos cheveux sont sublimés par une couleur profonde et longue durée. Une couleur étincelante. Un soin riche et profond. Une marque de confiance. || Application facile et rapide sur cheveux secs. Les colorants capillaires peuvent provoquer des réactions allergiques sévères. Ce produit nest pas destiné à être utilisé sur les personnes de moins de seize ans. Les tatouages temporaires noirs à basede henné peuvent augmenter le risque dallergie. Ne vous colorez pas les cheveux si : vous présentez une éruption cutanée sur le visage ou si votre cuir chevelu est sensible, irrité ou abîmé. Vous avez déjà fait une réaction après avoir coloré vos cheveux. Vous avez fait par le passé une réaction à un tatouage temporaire noir à base de henné. Pour réduire les risques, faire une touche dessai 48h avant chaque application. Le mélange de ce kit correspond à un mélange 1+2 : une dose de crème colorante pour deux doses de révélateur. La coloration contient de lammoniaque et suivant les nuances de la résorcine, des diaminobenzènes, des phénylènediamines (totuènediamines) : voir sous létui. Le révélateur contient de leau oxygénée. Porter des gants appropriés mono usage. Eviter le contact avec les yeux. En cas de contact, rincer les yeux immédiatement et abondamment à leau claire. Si vous portez des lentilles, retirez-les avant de rincer vos yeux abondamment à leau. Consulter un spécialiste. Ne pas utiliser si vos cheveux ont été colorés avec du henné, des sels métalliques, une coloration progressive ou un produit de repigmentation. Bien rincer les cheveux après application du mélange. Ne pas conserver le mélange pour une applicatio || Crème colorante : aqua (water), cetearyl alcohol, glyceryl stearate, stearic acid, oleamide DEA, cocos nucifera (coconut) oil, ammonium hydroxide, peg-29 castor oil, ceteareth-20, ceteareth-33, paraffinum liquidum (mineral oil), parfum (fragrance), sodium metabisulfite, quaternium-80, bht, ascorbic acid, polyquaternium-22, p-aminophenol, resorcinol, dicaprylyl carbonate, pentasodium pentetate, p-phenylenediamine, m-aminophenol, toluène-2.5-diamine sulfate, 2.4-diaminophenoxyethanol sulfate, (F01). Révélateur : aqua (water), hydrogen peroxide, cetearyl alcohol, trideceth-2 carboxamide mea, ceteareth-33, glycerin, phosphoric acid, pentasodium pentetate, sodium stannate, tetrasodium pyrophosphate, (F11). Shampooing : aqua (water), sodium laureth sulfate, coco-glucoside, cocamidopropyl betaine, glycol distearate, polyquaternium-10, acrylates copolymer, dimethiconol, laureth-4, sodium chloride, olive oil, peg-8 esters, parfum (fragrance), citric acid, dodecylbenzene sulfonate, C11-15 pareth-12, dmdm hydantoin, sodium hydroxide, (F01).  La crème colorante contient de la résorcine, un diaminobenzene, un diaminotoluène, de l'ammoniaque. Le révélateur contient de l'eau oxygénée. || 
5,86€ / Pce || 
5,86 € || 
Blond très très clair naturel 100, Crème colorante super éclaircissant || La boîte de 115ml || Origine : FRANCE || Eugène Color a créé, pour vous, une nouvelle génération de crème colorante super-éclaircissante qui éclaircit intensément et durablement vos cheveux, sans décoloration préalable.Sa texture crémeuse enrobe chaque cheveu de la racine à la pointe. Vos cheveux sont d'un blond intense, naturel et lumineux. Une couleur étincelante. Un soin riche et profond à l'extrait d'olive. Une marque de confiance. || Application facile et rapide sur cheveux secs. Bien rincer les cheveux après l'application du mélange. Le résultat dépend de la couleur actuelle de vos cheveux, qu'ils soient de couleur naturelle ou colorés. Eclaircissement intense, jusqu'à 4 tons. Ne couvre pas les cheveux blancs. L'application de cette nuance est déconseillée si vous avez beaucoup de cheveux blancs. Crème onctueuse, ne coule pas. Ce produit peut générer une réaction d'allergie, qui dans certains cas peut être grave. Un tatouage peut augmenter les risques d'allergie. Pour réduire ces risques, respecter impérativement les précautions d'utilisation suivantes : faire une touche d'essai 48 heures avant chaque application du produit (voir notice). Ne jamais utiliser avant d'avoir consulté un médecin si : vous avez déjà réagi à un produit de coloration ou à un tatouage , vous avez le cuir chevelu sensible, abîmé ou irrité. La crème colorante contient de l'ammoniaque et peut contenir : résorcine, diaminotoluène, diaminobenzènes : voir sous l'étui. Le révélateur contient de l'eau oxygénée. Porter des gants appropriés mono usage. Eviter le contact avec les yeux. En cas de contact, les rincer immédiatement et abondamment à l'eau claire. Si vous portez des lentilles, retirez-les avant de rincer vos yeux abondamment à l'eau. Consulter un spécialiste. Ne pas employer pour la coloration des cils et des sourcils ou pour un autre usage que la coloration des cheveux. Ne pas utiliser chez les enfants. Ne pas laisser à la port || Crème colorante : aqua/water/eau, cetearyl alcohol, propylene glycol, ammonium hydroxide, cocamidopropyl betaine, ceteareth-33, carbomer, sodium metabisulfite, parfum (fragrance), triethanolamine, ascorbic acid, 4-amino-m-cresol, pentasodium pentetate, polyquaternium-22, quaternium-80, resorcinol (F01). Contient de la résorcine, de l'ammoniaque. Révélateur : aqua/water/eau, hydrogen peroxide, cetearyl alcohol, trideceth-2 carboxamide mea, ceteareth-33, glycerin, phosphoric acid, pentasodium pentetate, sodium stannate, tetrasodium pyrophosphate, (F12). Soin crème : aqua/water/eau, cetearyl alcohol, distearoylethyl hydroxyethylmonium methosulfate, stearyl alcohol, ethylhexyl methoxycinnamate, ceteareth-33, parfum (fragrance), olive oil peg-8esters, amodimethicone, citric acid,  cetrimonium chloride, trideceth-12, methylchloroisothiazolinone, methylisothiazolinone, sodium hydroxide. (F01). || 
5,76€ / Pce || 
5,76 € || 
Châtain 2, Crème colorante permanente || La boîte de 115ml || Origine : FRANCE || Eugène Color a créé, pour vous, une nouvelle génération de crème colorante permanente qui couvre 100% de vous cheveux blancs, même les plus difficiles.Sa texture crémeuse enrobe chaque cheveu de la racine aux pointes. Vos cheveux sont sublimés par une couleur profonde et longue durée. Une couleur étincelante. Un soin riche et profond. Une marque de confiance. || Application facile et rapide sur cheveux secs. Important : ce produit peut générer une réaction d'allergie, qui dans certains cas peut être grave. Un tatouage peut augmenter les risques d'allergie. Pour réduire ces risques, respecter impérativement les précautions d'utilisation suivantes : faire une touche d'essai 48 heures avant chaque application du produit (voir notice). Ne jamais utiliser avant d'avoir consulté un médecin si : vous avez déjà réagi à un produit de coloration ou à un tatouage,vous avez le cuir chevelu sensible, abîmé ou irrité. La crème colorante contient de l'ammoniaque et peut contenir : résorcine, diaminotoluène, diaminobenzène. Le révélateur contient de l'eau oxygénée. Porter des gants appropriés mono usage. Eviter le contact avec les yeux. En cas de contact, les rincer immédiatement et abondamment à l'eau claire. Si vous portez des lentilles, retirez-les avant de rincer vos yeux abondamment à l'eau. Consulter un spécialiste. Ne pas employer pour la coloration des cils et des sourcils, ou pour un autre usage que la coloration des cheveux. Ne pas utiliser chez les enfants. Ne pas laisser à la portée des enfants. Ne pas utiliser si les cheveux ont été colorés avec du henné, des sels métalliques, une coloration progressive ou un produit de repigmentation. Bien rincer après l'application du mélange. Ne pas conserver le mélange pour une application ultérieure. Se conformer à la notice. || Crème colorante : aqua/water/eau, cetearyl alcohol, propylene glycol, ammonium hydroxide, toluène-2.5-diamine sulfate, cocamidopropyl betaine, resorcinol, ceteareth-33, carbomer, sodium metabisulfite, parfum (fragrance), triethanolamine, ascorbic acid, pentasodium pentetate, polyquaternium-22, quaternium-80, m-aminophenol, p-methylaminophenol sulfate, 4-amino-2-hydroxytoluene, (F01). Contient de la résorcine, un diaminotoluène, de l'ammoniaque. Révélateur : aqua/water/eau, hydrogen peroxide, cetearyl alcohol, trideceth-2 carboxamide mea, ceteareth-33, glycerin, phosphoric acid, pentasodium pentetate, sodium stannate, tetrasodium pyrophosphate, (F12). Soin crème : aqua/water/eau, cetearyl alcohol, distearoylethyl hydroxyethylmonium methosulfate, stearyl alcohol, ethylhexyl methoxycinnamate, ceteareth-33, parfum (fragrance), olive oil peg-8 esters, amodimethicone, cetrimonium chloride, trideceth-12, methylchloroisothiazolinone, methylisothiazolinone, citric acid, (F01). || 
5,76€ / Pce || 
5,76 € || 
Châtain foncé 30, Crème colorante permanente || La boîte de 115ml || Origine : FRANCE || Eugène Color a créé, pour vous, une nouvelle génération de crème colorante permanente qui couvre 100% de vous cheveux blancs, même les plus difficiles.Sa texture crémeuse enrobe chaque cheveu de la racine à la pointe. Vos cheveux sont sublimés par une couleur profonde et longue durée. Une couleur étincelante. Un soin riche et profond. Une marque de confiance. || Application facile et rapide sur cheveux secs. Bien rincer les cheveux après l'application du mélange.  Le résultat dépend de la couleur actuelle de vos cheveux, qu'ils soient de couleur naturelle ou colorés. Crème onctueuse, ne coule pas. Les colorants peuvent provoquer des réactions allergiques sévères. Lire et suivre les instructions suivantes. Ce produit n'est pas destiné à être utilisé sur les personnes de moins de seize ans. Les tatouages temporaires noirs à base de henné peuvent augmenterle risque d'allergie. Ne vous colorez pas les cheveux si : vous présentez une éruption cutanée sur le visage ou si votre cuir chevelu est sensible, irrité ou abîmé , vous avez déjà fait une réaction après avoir coloré vos cheveux , vous avez fait par le passé une réaction à un tatouage temporaire noir à base de henné. Pour réduire les risques, faire une touche d'essai 48h avant chaque application. Le mélange de ce kit correspond à un mélange 1+2 : une dose de crème colorante pour deux doses derévélateur. La coloration contient de l'ammoniaque et suivant les nuances de la résorcine, des diaminobenzènes, des phénylènediamines (toluènediamines). Le révélateur contient de l'eau oxygénée. Porter des gants appropriés mono usage. Eviter le contact avec les yeux. En cas de contact, rincer les yeux immédiatement et abondamment à l'eau. Consulter un spécialiste. Ne pas utiliser pour teindre les cils et les sourcils ou pour un autre usage que la coloration des cheveux. Ne pas utiliser si vos ch || Crème colorante : aqua/water/eau, cetearyl alcohol, propylene glycol, toluène-2.5-diamine sulfate, ammonium hydroxide, cocamidopropyl betaine, resorcinol, ceteareth-33, carbomer, parfum (fragrance), sodium metabisulfite, triethanolamine, 4-amino-m-cresol, ascorbic acid, polyquaternium-22, pentasodium pentetate, quaternium-80, m-aminophenol, 2.4-diaminophenoxyethanol hcl, 4-amino-2-hydroxytoluene, p-methylaminophenol sulfate, (F01). Contient de l'ammoniaque, de la résorcine, des phénylènediamines(toduènediamines). Révélateur : aqua/water/eau, hydrogen peroxide, cetearyl alcohol, trideceth-2 carboxamide mea, ceteareth-33, glycerin, phosphoric acid, pentasodium pentetate, sodium stannate, tetrasodium pyrophosphate, (F12). Soin crème : aqua/water/eau, cetearyl alcohol, distearoylethyl hydroxyethylmonium methosulfate, stearyl alcohol, ethylhexyl methoxycinnamate, ceteareth-33, parfum (fragrance), olive oil peg-8 esters, amodimethicone, cetrimonium chloride, trideceth-12, methylchloroisothiazolinone, methylisothiazolinone, sodium hydroxide, (F01). || 
5,86€ / Pce || 
5,86 € || 
crême colorante permanente, 22 chocolat noir,à l'huile d'argan || la boîte de 115 ml || Origine : FRANCE || 
6,07€ / Pce || 
6,07 € || 
Crème colorante permanente, nutriprotectrice, 3 châtain clair || La boîte de 115ml || Origine : FRANCE || UNE COUVERTURE PARFAITE DES CHEVEUX BLANCS La nouvelle génération des colorations EUGENE COLOR a été spécialement conçue pour garantir une couleur profonde et très longue durée, grâce à sa texture crémeuse qui enrobe chaque cheveu de la racine à la pointe. Tous les cheveux blancs sont couverts à 100%, même les plus difficiles ! UNE ACTION NUTRI-PROTECTRICE EN PROFONDEUR Le shampooing-crème EUGENE COLOR est enrichi en extraits d'olive, connus et utilisés depuis des millénaires pour leurs propriétés nutritives et protectrices. Fortifiés et nourris en profondeur, vos cheveux sont plus doux et plus brillants. || IMPORTANT: CE PRODUIT PEUT GENERER UNE REACTION D'ALLERGIE, QUI DANS CERTAINS CAS PEUT ETRE GRAVE. UN TATOUAGE PEUT AUGMENTER LES RISQUES D'ALLERGIE. POUR REDUIRE CES RISQUES RESPECTER IMPERATIVEMENT LES PRECAUTIONS D'UTILISATION SUIVANTES : FAIRE UNTEST DE SENSIBILITE 48 HEURES AVANT CHAQUE APPLICATION DU PRODUIT. SE CONFORMER A LA NOTICE. NE JAMAIS UTILISER SI : Vous avez déjà réagi à un produit de coloration, vous avez le cuir chevelu sensible, abîmé ou irrité. Dans ce cas consulter un médecin avant toute utilisation. Le révélateur contient de l'eau oxygénée. Porter des gants appropriés mono usage. Eviter le contact avec les yeux. En cas de contact, les rincer immédiatement et abondamment à l'eau claire. Si vous portez des lentilles, retirez-les avant de rincer vos yeux abondamment à l'eau. Consulter un spécialiste. Ne pas employer pour la coloration des cils et des sourcils, ou pour un autre usage que la coloration des cheveux. Ne pas utiliser chez les enfants. Ne pas laisser à laportée des enfants. Ne pas utiliser si les cheveux ont été colorés avec du henné, des sels métalliques, une coloration progressive ou un produit de repigmentation. Bien rincer après l'application du mélange. Ne pas conserver le mélange pour une application ultérieure. || CREME COLORANTE: AQUA (WATER), CETEARYL ALCOHOL, GLYCERYL STEARATE, STEARIC ACID, OLEAMIDE DEA, COCOS NUCIFERA (COCONUT) OIL, AMMONIUM HYDROXIDE, PEG-29 CASTOR OIL, CETEARETH-20, CETEARETH-33, PARAFFINUM LIQUIDUM (MINERAL OIL), RESORCINOL, PARFUM (FRAGRANCE), SODIUM METABISULFITE, p-PHENYLENEDIAMINE, QUATERNIUM-80, p-AMINOPHENOL ASCORBIC ACID, BHT, POLYQUATERNIUM-22, DICAPRYLYL CARBONATE, PENTASODIUM PENTETATE, 2,4-DIAMINOPHENOXYETHANOL SULFATE, m-AMINOPHENOL, p-METHYLAMINOPHENOL SULFATE, (FOI).REVELATEUR / REVELADOR / KLEURACTIVATOR : AQUA (WATER), HYDROGEN PEROXIDE, CETEARYL ALCOHOL, TRIDECETH-2 CARBOXAMIDE MEA, CETEARETH-33, GLYCERIN, PHOSPHORIC ACID, PENTASODIUM PENTETATE, SODIUM STANNATE,TETRASODIUM PYROPHOSPHATE, (F11). SHAMPOOING /CHAMPU / SHAMPOO : AQUA (WATER), SODIUM LAURETH SULFATE, COCO-GLUCOSIDE, COCAMIDOPROPYL BETAINE, GLYCOL DISTEARATE, POLYQUATERNIUM-10, ACRYLATES COPOLYMER, DIMETHICONOL, LAURETH-4. SODIUM CHLORIDE, OLIVE OIL PEG-8 ESTERS, PARFUM (FRAGRANCE), CITRIC ACID, DODECYLBENZENE SULFONATE, C11-15 PARETH-12, DMDM HYDANTOIN, SODIUM HYDROXIDE, (F01). La crème colorante contient de la resorcine, un diaminobenzène, de l'ammoniaque. || 
5,86€ / Pce || 
5,86 € || 
Crème colorante permanente 4 châtain acajou, nutri protectrice aux extraits d'olive || La boîte de 115ml || Origine : FRANCE || La nouvelle génération des colorations Eugène Color a été spécialement conçue pour garantir une couleur profonde et très longue durée, grâce à sa texture crémeuse qui enrobe chaque cheveu de la racine à la pointe. Tous les cheveux blancs sont couverts à 100%, même les plus difficiles ! || Crème colorante : aqua, cetearyl alcohol, glyceryl stearate, stearic acid, oleamide DEA, cocos nucifera oil, ammonium hydroxide, PEG-29 castor oil, ceteareth-20, ceteareth-33, paraffinum liquidum, 4-amino-2-hydroxytoluene, parfum, sodium metabisulfite, p-aminophenol, p-phenylenediamine, quaternium-80, BHT, ascorbic acid, polyquaternium-22, resorcinol, 2.4-diaminophenoxyethanol sulfate, m-aminophenol, dicaprylyl carbonate, pentasodium pentetate, (F01). Révélateur : aqua, hydrogen peroxide, cetearyl alcohol, trideceth-2 carboxamide MEA, ceteareth-33, glycerin, phosphoric acid, pentasodium pentetate, sodium stannate, tetrasodium pyrophosphate, (F11). Shampooing : aqua, sodium laureth sulfate, coco-glucoside, cocamidopropyl betaine, glycol distearate, polyquaternium-10, acrylates copolymer, dimethiconol, laureth-4, sodium chloride, olive oil PEG-8 esters, parfum, citric acid, dodecylbenzene sulfonate, C11-15  pareth-12, dmdm hydantoin, sodium hydroxide, (F01). La crème colorante contient de la résorcine, un diaminobenzene, de l'ammoniaque. Le révélateur contient de l'eau oxygénée. || à protéger de la chaleur || 
5,76€ / Pce || 
5,76 € || 
Crème colorante permanente nutri protectrice, 34 châtain noisette || La boîte de 115ml || Origine : FRANCE || Les Raffinées. Pour donner à vos cheveux un nouvel éclat, EUGENE COLOR a créé'Les Raffinées', des nuances élégantes et sophistiquées. Offrez à vos cheveux de nouveaux reflets subtils nés d'une association unique de colorants, pour une couleur nuancéeencore plus lumineuse et chatoyante. UNE COUVERTURE PARFAITE DES CHEVEUX BLANCS. EUGENE COLOR a été spécialement conçu pour garantir une couleur profonde et très longue durée. Sa texture crémeuse enrobe parfaitement chaque cheveu. Tous les cheveux blancs sont couverts à 100%, même les plus difficiles ! UNE ACTION NUTRI-PROTECTRICE EN PROFONDEUR. Grâce à son nouveau soin crème, enrichi en extraits d'olive nourrissants et protecteurs, EUGENE COLOR offre à vos cheveux et brillance. || PRÉCAUTIONS D'EMPLOI : IMPORTANT: CE PRODUIT PEUT GENERER UNE REACTION D'ALLERGIE, QUI DANS CERTAINS CAS PEUT ETRE GRAVE. UN TATOUAGE PEUT AUGMENTER LES RISQUES D'ALLERGIE. POUR REDUIRE CES RISQUES RESPECTER IMPERATIVEMENT LES PRECAUTIONS D'UTILISATION SUIVANTES: FAIRE UNE TOUCHE D'ESSAI 48 HEURES AVANT CHAQUE APPLICATION DU PRODUIT. SE CONFORMER A LA NOTICE. NE JAMAIS UTILISER SI : vous avez déjà réagi à un produit de coloration, vous avez le cuir chevelu sensible, abîmé ou irrité, Dans ce casconsulter un médecin avant toute utilisation. Le colorant contient selon les nuances de la résorcine, des diaminobenzènes, de l'ammoniaque (voir sous l'étui). Le révélateur contient de l'eau oxygénée. Porter des gants appropriés mono usage. Eviter lecontact avec les yeux. En cas de contact, les rincer immédiatement et abondamment à l'eau claire. Si vous portez des lentilles, retirez-les avant de rincer vos yeux abondamment à l'eau. Consulter un spécialiste. Ne pas employer pour la coloration des cils et des sourcils, ou pour un autre usage que la coloration des cheveux. Ne pas utiliser chez les enfants. Ne pas laisser à la portée des enfants. Ne pas utiliser si les cheveux ont été colorés avec du henné, des sels métalliques, une colorationprogressive ou un produit de repigmentation. Bien rincer après l'application du mélange. Ne pas conserver le mélange pour une application ultérieure. || 
6,03€ / Pce || 
6,03 € || 
Crème colorante super éclaircissante, nutri protectrice, 103 blond très très clair doré || La boîte de 115ml || Origine : FRANCE || UNE BLONDEUR INTENSE ET LUMINEUSE La nouvelle génération de crèmes super-éclaircissantes EUGENE COLOR a été spécialement conçue pour garantir, sans décoloration préalable, un éclaircissement intense grâce à sa texture crèmeuse qui enrobe chaque cheveu de la racine à la pointe. Elle permet d'obtenir des blonds très clairs lumineux et longue durée en une seule étape. UNE ACTION NUTRI-PROTECTRICE EN PROFONDEUR Le shampooing-crème EUGENE COLOR est enrichi en extraits d'olive, connus et utilisés depuis des millénaires pour leurs propriétés nutritives et protectrices. Fortifiés et nourris en profondeur, vos cheveux sont plus doux et plus brillants. || IMPORTANT: CE PRODUIT PEUT GENERER UNE REACTION D'ALLERGIE, QUI DANS CERTAINS CAS PEUT ETRE GRAVE. UN TATOUAGE PEUT AUGMENTER LES RISQUES D'ALLERGIE. POUR REDUIRE CES RISQUES RESPECTER IMPERATIVEMENT LES PRECAUTIONS D'UTILISATION SUIVANTES : FAIRE UNTEST DE SENSIBILITE 48 HEURES AVANT CHAQUE APPLICATION DU PRODUIT. SE CONFORMER A LA NOTICE. NE JAMAIS UTILISER SI : Vous avez déjà réagi à un produit de coloration, vous avez le cuir chevelu sensible, abîmé ou irrité. Dans ce cas consulter un médecin avant toute utilisation. Le révélateur contient de l'eau oxygénée. Porter des gants appropriés mono usage. Eviter le contact avec les yeux. En cas de contact, les rincer immédiatement et abondamment à l'eau claire. Si vous portez des lentilles, retirez-les avant de rincer vos yeux abondamment à l'eau. Consulter un spécialiste. Ne pas employer pour la coloration des cils et des sourcils, ou pour un autre usage que la coloration des cheveux. Ne pas utiliser chez les enfants. Ne pas laisser à laportée des enfants. Ne pas utiliser si les cheveux ont été colorés avec du henné, des sels métalliques, une coloration progressive ou un produit de repigmentation. Bien rincer après l'application du mélange. Ne pas conserver le mélange pour une application ultérieure. || 
5,86€ / Pce || 
5,86 € || 
Décoloration intense, cheveux naturels ou colorés, extraits d'olive, nutri-protectrice || La boîte || Origine : FRANCE || Une décoloration intense en toute confiance. La nouvelle génération de décolorants Eugene Color a été spécialement conçue pour vous garantir un éclaircissement puissant et vous faciliter l'application. Elle permet d'éclaircir intensément vos cheveuxnaturellement foncés, d'éliminer une précédente coloration, avant de recolorer vos cheveux dans la nuance Eugene Color de votre choix. Une action nutri protectrice en profondeur. Le shampooing-crème Eugène Color est enrichi en extraits d'olive. Connuet utilisé depuiss des millénaires pour ses propriétés nutritives et protectrices. Fortifiés et nourris en profondeur, vos cheveux sont plus doux et plus brillants. || Ce produit peut générer une reaction d'allergie, qui dans certains cas peut être grave. Un tatouage peut augmenter les risques d'allergie. Pour réduire ces risques, respectez impérativement les précautions d'utilisation suivantes: faire 1 test de sensibilité 48 heures avant chaque application du produit. Se conformer à la notice. Ne jamais utiliser si vous avez déjà réagi à un produit de coloration, vous avez le cuir chevelu sensible, abîmé ou irrité. Dans ce cas consulter un médecin avant touteutilisation. Portez des gants appropriés mono usage. Evitez le contact avec les yeux ou sinon rincez immédiatement et abondamment à l'eau claire. Si vous portez des lentilles, retirez-les avant de rincer vos yeux abondamment à l'eau. Si vous portezdes lentilles, retirez-les avant de rinration des cils et des sourcils, ou pour un autre usage que la coloration des cheveux. Ne pas utiliser chez les enfants. Ne pas laisser à la portée des enfants. Ne pas utiliser si les cheveux ont été colorés avec du henné, des sels métalliques, une coloration progressive ou un produit de repigmentation. Bien rincer après l'application du mélange. Ne pas conserver le mélange pour une application ultérieure. || Poudre décolorante : potassium persulfate, ammonium persulfate, sodium metasilicate, sodium stearate, magnesium carbonate, sodium persulfate, silica, cyclodextrin, cyamopsis tetragonolobus (guar) gum, sodium lauryl sulfate, cellulose gum, tetrasodiumedta, paraffinum liquidum (mineral oil), ultramarines (Cl 77007), parfum (fragrance), hexyl cinnamal, butylphenyl methylpropional, alpha-isomethyl ionone, eugenol, hydroxyisohexyl 3-cyclohexene carboxaldehyde, (F02). Révélateur : aqua (water), hydrogen peroxide, cetearyl alcohol, trideceth-2 carboxamide mea, ceteareth-33, glycerin, phosphoric acid. pentasodium pentetate, sodium stannate, tetrasodium pyrophosphate, (F11). Shampooing : aqua (water), sodium laureth sulfate, coco-glucoside, cocamidopropyl betaine, glycol distearate, polyquaternium-10, acrylates copolymer, dimethiconol, laureth-4, sodium chloride, olive oil peg-8 esters, parfum (fragrance), citric acid, dodecylbenzene sulfonate, C11-15 pareth-12, dmdm hydantoin, sodium hydroxide, (F01). || 
8,33€ / Pce || 
8,33 € || 
Marron cacao 17, Crème colorante permanente || La boîte de 115ml || Origine : FRANCE || Eugène Color a créé, pour vous, Les Raffinées, des nuances intenses et élégantes, pour sublimer durablement vos cheveux de reflets brillants.Leur texture crémeuse enrobe parfaitement chaque cheveu et vous garantit un résultat uniforme et une couverture à 100% de vos cheveux blancs. Une couleur étincelante. Un soin riche et profond. Une marque de confiance. || Application facile et rapide sur cheveux secs. Important : ce produit peut générer une réaction d'allergie, qui dans certains cas peut être grave. Un tatouage peut augmenter les risques d'allergie. Pour réduire ces risques, respecter impérativement les précautions d'utilisation suivantes : faire une touche d'essai 48 heures avant chaque application du produit (voir notice). Ne jamais utiliser avant d'avoir consulté un médecin si : vous avez déjà réagi à un produit de coloration ou à un tatouage,vous avez le cuir chevelu sensible, abîmé ou irrité. La crème colorante contient de l'ammoniaque et peut contenir : résorcine, diaminotoluène, diaminobenzène. Le révélateur contient de l'eau oxygénée. Porter des gants appropriés mono usage. Eviter le contact avec les yeux. En cas de contact, les rincer immédiatement et abondamment à l'eau claire. Si vous portez des lentilles, retirez-les avant de rincer vos yeux abondamment à l'eau. Consulter un spécialiste. Ne pas employer pour la coloration des cils et des sourcils, ou pour un autre usage que la coloration des cheveux. Ne pas utiliser chez les enfants. Ne pas laisser à la portée des enfants. Ne pas utiliser si les cheveux ont été colorés avec du henné, des sels métalliques, une coloration progressive ou un produit de repigmentation. Bien rincer après l'application du mélange. Ne pas conserver le mélange pour une application ultérieure. Se conformer à la notice. || Valeur énergétique en Joules :  0 || Valeur énergétique en Kcal : 0 || Glucides : 0 || Lipides : 0 || Protides :0 || Crème colorante : aqua/water/eau, cetearyl alcohol, propylene glycol, ammonium hydroxide, cocamidopropyl betaine, p-phenylenediamine, ceteareth-33, carbomer, sodium metabisulfite, parfum (fragrance), triethanolamine, p-aminophenol, resorcinol, ascorbic acid, pentasodium pentetate, polyquaternium-22, quaternium-80, m-aminophenol, phenyl methyl pyrazolone, 4-amino-2-hydroxytoluene, (F01). Contient de la résorcine, un diaminobenzène, de l'ammoniaque. Révélateur : aqua/water/eau, hydrogen peroxide,cetearyl alcohol, trideceth-2 carboxamide mea, ceteareth-33, glycerin, phosphoric acid, pentasodium pentetate, sodium stannate, tetrasodium pyrophosphate, (F12). Soin crème : aqua/water/eau, cetearyl alcohol, distearoylethyl hydroxyethylmonium methosulfate, stearyl alcohol, ethylhexyl methoxycinnamate, ceteareth-33, parfum (fragrance), olive oil peg-8 esters, amodimethicone, cetrimonium chloride, trideceth-12, methylchloroisothiazolinone, methylisothiazolinone, citric acid, (F01). || 
6,03€ / Pce || 
6,03 € || 
Marron clair doré 76, crème colorante permanente nutri protectrice aux extraits d'olive || La boîte de 135ml || Origine : FRANCE || Une couverture parfaite des cheveux blancs. La nouvelle génération des colorations Eugène Color a été spécialement conçue pour garantir une couleur profonde et très longue durée, grâce à sa texture crémeuse qui enrobe chaque cheveu de la racine à lapointe. Tous les cheveux blancs sont couverts à 100%, même les plus difficiles ! Une action nutri-protectrice en profondeur. Le shampooing-crème Eugène Color est enrichi en  extraits d'olive, connus et utilisés depuis des millénaires pour leurs propriétés nutritives et protectrices. Fortifiés et nourris en profondeur, vos cheveux sont plus doux et plus brillants. || Temps de pause : 30 minutes. Si vous avez les cheveux longs ou épais, nous vous recommandons d'utiliser 2 étuis d'Eugène Color. Application sur cheveux déjà colorés ou application sur cheveux naturels.  Ce produit peut générer une réaction d'allergie, qui dans certains cas peut être grave Un tatouage peut augmenter les risques d'allergie. Pour reduire ces risques respecter imperativement les precautions d'utilisation suivantes : faire un test de sensibilité 48 heures avant chaque application duproduit. Se conformer à la notice. Ne jamais utiliser si vous avez déjà réagi à un produit de coloration, vous avez le cuir chevelu sensible, abîmé ou irrité Dans ce cas consulter un médecin avant toute utilisation Porter des gants appropriés mono usage. Eviter le contact avec les yeux. En cas de contact, les rincer immédiatement et abondamment à l'eau claire. Si vous portez des lentilles, retirez-les avant de rincer vos yeux abondamment à l'eau Consulter un spécialiste Ne pas employer pour la coloration des cils et des sourcils, ou pour un autre usage que la coloration des cheveux Ne pas utiliser chez les enfants Ne pas laisser à la portée des enfants Ne pas utiliser si les cheveux ont été colorés avec du henné, des sels métalliques, une coloration progressive ou un produit de repigmentation. Bien rincer après l'application du mélange Ne pas conserver le mélange pour une application ultérieure || Crème colorante : aqua (water), cetearyl alcohol, glyceryl stearate, stearic acid, oleamide dea, cocos nucifera (coconut) oil, ammonium hydroxide, peg-29 castor oil, ceteareth-20, ceteareth-33, paraffinum liquidum (mineral oil), parfum (fragrance), sodium metabisulfite, resorcinol, p-phenylenediamine, quaternium-80, bht, ascorbic acid, polyquaternium-22, p-aminophenol, dicaprylyl carbonate, pentasodium pentetate, 2.4-diaminophenoxyethanol sulfate, m-aminophenol, p-methylaminophenol sulfate, (F01). Révélateur : aqua (water), hydrogen peroxide, cetearyl alcohol, trideceth-2 carboxamide mea, ceteareth-33, glycerin, phosphoric acid, pentasodium pentetate, sodium stannate, tetrasodium pyrophosphate, (F11). Shampooing : aqua (water), sodium laureth sulfate, coco-glucoside, cocamidopropyl betaine, glycol distearate, polyquaternium-10, acrylates copolymer, dimethiconol, laureth-4, sodium chloride, olive oil peg-8 esters, parfum (fragrance), citric acid, dodecylbenzene sulfonate, c11-15 pareth-12, dmdm hydantoin, sodium hydroxide, (F01). || Crème colorante : aqua (water), cetearyl alcohol, glyceryl stearate, stearic acid, oleamide dea, cocos nucifera (coconut) oil, ammonium hydroxide, peg-29 castor oil, ceteareth-20, ceteareth-33, paraffinum liquidum (mineral oil), parfum (fragrance), sodium metabisulfite, resorcinol, p-phenylenediamine, quaternium-80, bht, ascorbic acid, polyquaternium-22, p-aminophenol, dicaprylyl carbonate, pentasodium pentetate, 2.4-diaminophenoxyethanol sulfate, m-aminophenol, p-methylaminophenol sulfate, (F01). Révélateur : aqua (water), hydrogen peroxide, cetearyl alcohol, trideceth-2 carboxamide mea, ceteareth-33, glycerin, phosphoric acid, pentasodium pentetate, sodium stannate, tetrasodium pyrophosphate, (F11). Shampooing : aqua (water), sodium laureth sulfate, coco-glucoside, cocamidopropyl betaine, glycol distearate, polyquaternium-10, acrylates copolymer, dimethiconol, laureth-4, sodium chloride, olive oil peg-8 esters, parfum (fragrance), citric acid, dodecylbenzene sulfonate, c11-15 pareth-12, dmdm hydantoin, sodium hydroxide, (F01). || 
5,86€ / Pce || 
5,86 € || 
Marron praline 78, crème colorante permanente nutri protectrice aux extraits d'olive || La boîte de 115ml || Origine : FRANCE || Les raffinées : pour donner à vos cheveux un nouvel éclat, Eugène Color a créé 'Les Raffinées', des nuances élégantes et sophistiquées. Offrez à vos cheveux de nouveaux reflets subtils nés d'une association unique de colorants, pour une couleur nuancée encore plus lumineuse et chatoyante. || Temps de pause : 30 minutes. Si vous avez les cheveux longs ou épais, nous vous recommandons d'utiliser 2 étuis d'Eugène Color. Application sur cheveux déjà colorés ou application sur cheveux naturels.  Ce produit peut générer une réaction d'allergie, qui dans certains cas peut être grave Un tatouage peut augmenter les risques d'allergie. Pour reduire ces risques respecter imperativement les précautions d'utilisation suivantes : faire un test de sensibilité 48 heures avant chaque application duproduit. Se conformer à la notice. Ne jamais utiliser si vous avez déjà réagi à un produit de coloration, vous avez le cuir chevelu sensible, abîmé ou irrité Dans ce cas consulter un médecin avant toute utilisation Porter des gants appropriés mono usage. Eviter le contact avec les yeux. En cas de contact, les rincer immédiatement et abondamment à l'eau claire. Si vous portez des lentilles, retirez-les avant de rincer vos yeux abondamment à l'eau Consulter un spécialiste Ne pas employer pour la coloration des cils et des sourcils, ou pour un autre usage que la coloration des cheveux Ne pas utiliser chez les enfants Ne pas laisser à la portée des enfants Ne pas utiliser si les cheveux ont été colorés avec du henné, des sels métalliques, une coloration progressive ou un produit de repigmentation. Bien rincer après l'application du mélange Ne pas conserver le mélange pour une application ultérieure || Crème colorante : aqua, cetearyl alcohol, propylene glycol, ammonium hydroxide, cocamidopropyl betaine, ceteareth-33, carbomer, sodium metabisulfite, parfum (fragrance), triethanolamine,p-aminophenol, p-phenylenediamine, m-aminophenol, ascorbic acid,resorcinol, pentasodium pentetate, polyquaternium-22, quaternium-80, phenyl methyl pyrazolone, 4-amino-2-hydroxytoluene, (F01). Révélateur : aqua, hydrogen peroxide, cetearyl alcohol, trideceth-2 carboxamide mea, ceteareth-33, glycerin, phosphoric acid, pentasodium pentetate, sodium stannate, tetrasodium pyrophosphate, (F12). Soin crème : aqua, cetearyl alcohol, dipalmoylethyl hydroxyethylmonium methosulfate,stearyl alcohol, ceteareth-33, ethylhexyl methoxycinnamate, parfum (fragrance), dipropylene glycol, olive oil peg-8 esters, amodimethicone, cetrimonium chloride, trideceth-12,methylchloroisothiazolinone, methylisothiazolinone, citric acid, (F01). || Crème colorante : aqua, cetearyl alcohol, propylene glycol, ammonium hydroxide, cocamidopropyl betaine, ceteareth-33, carbomer, sodium metabisulfite, parfum (fragrance), triethanolamine,p-aminophenol, p-phenylenediamine, m-aminophenol, ascorbic acid,resorcinol, pentasodium pentetate, polyquaternium-22, quaternium-80, phenyl methyl pyrazolone, 4-amino-2-hydroxytoluene, (F01). Révélateur : aqua, hydrogen peroxide, cetearyl alcohol, trideceth-2 carboxamide mea, ceteareth-33, glycerin, phosphoric acid, pentasodium pentetate, sodium stannate, tetrasodium pyrophosphate, (F12). Soin crème : aqua, cetearyl alcohol, dipalmoylethyl hydroxyethylmonium methosulfate,stearyl alcohol, ceteareth-33, ethylhexyl methoxycinnamate, parfum (fragrance), dipropylene glycol, olive oil peg-8 esters, amodimethicone, cetrimonium chloride, trideceth-12,methylchloroisothiazolinone, methylisothiazolinone, citric acid, (F01). || 
5,65€ / Pce || 
5,65 € || 
Noir 15, Crème colorante permanente || La boîte de 115ml || Origine : FRANCE || Eugène Color a créé, pour vous, une nouvelle génération de crème colorante permanente qui couvre 100% de vous cheveux blancs, même les plus difficiles.Sa texture crémeuse enrobe chaque cheveu de la racine à la pointe. Vos cheveux sont sublimés par une couleur profonde et longue durée. Une couleur étincelante. Un soin riche et profond. Une marque de confiance. || Application facile et rapide sur cheveux secs. Important : ce produit peut générer une réaction d'allergie, qui dans certains cas peut être grave. Un tatouage peut augmenter les risques d'allergie. Pour réduire ces risques, respecter impérativement les précautions d'utilisation suivantes : faire une touche d'essai 48 heures avant chaque application du produit (voir notice). Ne jamais utiliser avant d'avoir consulté un médecin si : vous avez déjà réagi à un produit de coloration ou à un tatouage,vous avez le cuir chevelu sensible, abîmé ou irrité. La crème colorante contient de l'ammoniaque et peut contenir : résorcine, diaminotoluène, diaminobenzène. Le révélateur contient de l'eau oxygénée. Porter des gants appropriés mono usage. Eviter le contact avec les yeux. En cas de contact, les rincer immédiatement et abondamment à l'eau claire. Si vous portez des lentilles, retirez-les avant de rincer vos yeux abondamment à l'eau. Consulter un spécialiste. Ne pas employer pour la coloration des cils et des sourcils, ou pour un autre usage que la coloration des cheveux. Ne pas utiliser chez les enfants. Ne pas laisser à la portée des enfants. Ne pas utiliser si les cheveux ont été colorés avec du henné, des sels métalliques, une coloration progressive ou un produit de repigmentation. Bien rincer après l'application du mélange. Ne pas conserver le mélange pour une application ultérieure. Se conformer à la notice. || Crème colorante : aqua (water), cetearyl alcohol, propylène glycol, toluène-2,5-diamine sulfate, ammonium hydroxide, 2,4- diaminophenoxyethanol hci, m-aminophenol, cocamidopropyl betaine, ceteareth-33, carbomer, sodium metabisulfite, parfum (fragrance), triethanolamine, resorcinol, ascorbic acid, pentasodium pentetate, polyquaternium-22, quaternium-80, (F01). Contient de la résorcine, un diaminotoluène, de lammoniaque. Révélateur : aqua/water/eau, hydrogen peroxide, cetearyl alcohol, trideceth-2 carboxamide mea, ceteareth-33, glycerin, phosphoric acid, pentasodium pentetate, sodium stannate, tetrasodium pyrophosphate (F12).  Soin crème : aqua/water/eau, cetearyl alcohol, distearoylethyl hydroxyethylmonium methosulfate, stearyl alcohol, ethylhexyl methoxycinnamate, ceteareth-33, parfum (fragrance), olive oil peg-8esters, amodimethicone, cetrimonium chloride, trideceth-12, methylchloroisothiazolinone, methylisothiazolinone, citric acid, (F01). || 
5,55€ / Pce || 
5,55 € || 
Camomille et protéines de blé, shampooing éclaircissant || La boîte de 250ml || Origine : FRANCE || Un effet blondeur progressif et durable : le shampooing éclaircissant Blond Vacances agit comme un éclaircissant léger, progressif et durable dont l'effet s'accentue au fur et à mesure des applications. Il donne à vos cheveux l'éclat naturel de l'ététout au long de l'année ou vous permet de retrouver la blondeur de votre enfance. Une formule nutri-protectrice exclusive : Le shampooing éclaircissant Blond Vacances vous garantit la pleine protection et le respect de vos cheveux. Sa formule uniqueassocie des extraits naturels de camomille aux propriétés éclaircissantes et adoucissantes à des protéines de blé. Leur action renforce vos cheveux tout en les revitalisant. Des cheveux pleins de vitalité : conçu pour laver vos cheveux en toute douceur, le shampooing éclaircissant Blond Vacances facilite aussi le démêlage. Vos cheveux sont lumineux et facile à coiffer. || Convient aux cheveux châtain clair à blond clair. Le shampooing éclaircissant Blond Vacances s'utilise comme un shampooing ordinaire. Laissez agir de deux à cinq minutes selon l'éclaircissement souhaité. Eviter le contact avec les yeux. Rincer immédiatement les yeux si le produit entre en contact avec ceux-ci. Consulter un spécialiste. Ne pas laisser à la portée des enfants. portez des gants appropriés. || Aqua, sodium laureth sulfate, cocamidopropyl betaine, hydrogen peroxide, ceteareth-60 myristyl glycol, hydrolyzed wheat protein, parfum (fragrance), peg-60 hydrogenated castor oil, cocamidopropyl pg-dimonium chloride, glycerin, chamomilla recutita (matricaria) extract, linoleamidopropyl PG-dimonium chloride phosphate, polyquaternium-10, pentasodium pentetate, propylene glycol, quaternium-22, hexyl cinnamal, linalool, butylphenyl methylpropional, alpha-isomethyl ionone, sodium stannate, coumarin,methylchloroisothiazolinone, methylisothiazolinone, sodium chloride, phosphoric acid, (F06). || Aqua, sodium laureth sulfate, cocamidopropyl betaine, hydrogen peroxide, ceteareth-60 myristyl glycol, hydrolyzed wheat protein, parfum (fragrance), peg-60 hydrogenated castor oil, cocamidopropyl pg-dimonium chloride, glycerin, chamomilla recutita (matricaria) extract, linoleamidopropyl PG-dimonium chloride phosphate, polyquaternium-10, pentasodium pentetate, propylene glycol, quaternium-22, hexyl cinnamal, linalool, butylphenyl methylpropional, alpha-isomethyl ionone, sodium stannate, coumarin,methylchloroisothiazolinone, methylisothiazolinone, sodium chloride, phosphoric acid, (F06). || 
32,08€ / L || 
8,02 € || 
10 blond platine précieux, Coloration permanente || La boite de 145ml || Origine : FRANCE || Découvrez Oléo Color, la 1ère coloration permanente de Kéranove sans ammoniaque et à base d''Oléo-kératine', fusion inédite d'huile et de kératine pour un triple résultat prodigieux ! Brillance prodigieuse. Couverture prodigieuse. Douceur prodigieuse. Recommandée pour les cheveux secs ou sensibilisés. || Application ultra facile et rapide ne coule pas. Groupe 3 : coloration permanente. Cet étui contient : 1 tube crème colorante de 60 ml + 1 flacon applicateur de révélateur de 60 ml + 1 sachet de soin nourrissant sublimateur post-coloration de 25 ml +1 notice + 1 paire de gants + des protège-branches de lunettes. Si vous avez les cheveux longs ou épais, utilisez deux boîtes de Kéranove Oléo Color. Le résultat dépend de la couleur actuelle de vos cheveux, qu'ils soient de couleur naturelle ou colorés. Si vous hésitez entre deux teintes, choisissez la plus claire. Les colorants capillaires peuvent provoquer des réactions allergiques sévères. Lire et suivre les instructions suivantes. Ce produit nest pas destiné à être utilisé sur les personnes de moins de seize ans. Les tatouages temporaires noirs à base de henné peuvent augmenter le risque dallergie. Ne vous colorez pas les cheveux : si vous présentez une éruption cutanée sur le visage ou si votre cuir chevelu est sensible, irrité ouabîmé. Si vous avez déjà fait une réaction après avoir coloré vos cheveux. Si vous avez fait par le passé une réaction à un tatouage temporaire noir à base de henné. Pour réduire les risques, faire un test dalerte-allergie 48 heures avant chaque application. La coloration contient suivant les nuances de la résorcine, des diaminobenzènes, des phénylènediamines (toluènediamines). Le révélateur contient du peroxyde dhydrogène. Porter des gants appropriés mono usage. Eviter le contact avec les yeu || Crème colorante : aqua/water/eau, octyldodecanol, C11-13 isoparaffin, propyleneglycol, ethanolamine, alcohol denat., dipropylene glycol, carbomer, sodium metabisulfite, ascorbic acid, pentasodium pentetate, hydrolyzed corn protein, hydrolyzed wheat protein, hydrolyzed soy protein, p-aminophenol, m-aminophenol, (FO1). Révélateur : aqua/water/eau, C11-13 isoparaffin, hydrogen peroxide, cetearyl alcohol, trideceth-2 carboxamide mea, ceteareth-33, glycerin, phosphoric acid, pentasodium pentetate, sodium stannate, tetrasodium pyrophosphate, (FO1). Soin nourrissant sublimateur post-coloration : aqua/water/eau, cetearyl alcohol, cocamidopropyl betaine, sodium laureth sulfate, ceteareth-33, hydroxypropyl guar, C11-15 pareth-5, argania spinosa (argan) kernel oil, trimethylsilylamodimethicone, C11-15 pareth-9, guar hydroxypropyltrimonium chloride, parfum (fragrance), hydrolyzed corn protein, hydrolyzed wheat protein, hydrolyzed soy protein, methylchloroisothiazolinone, methylisothiazolinone, sodium hydroxide, citric acid, (FO1). || 
10,60€ / Pce || 
10,60 € || 
1 Noir obscur, Coloration permanente || La boite de 125ml || Origine : FRANCE || La technologie professionnelle 'Oléo-Kératine' vous garantit un résultat impeccable, comme en salon de coiffure. Tous vos cheveux blancs sont parfaitement couverts et pour longtemps. Découvrez Oléo Color, la 1ère coloration permanente de Kéranove sans ammoniaque et à base d'Oléo-Kératine, fusion inédite d'huile et de kératine pour un triple résultat prodigieux. || Application ultra facile et rapide. Ne coule pas. Les colorants capillaires peuvent provoquer des réactions allergiques sévères. Lire et suivre les instructions. Ce produit nest pas destiné à être utilisé sur les personnes de moins de seize ans. Lestatouages temporaires noirs à base de henné peuvent augmenter le risque dallergie. Ne vous colorez pas les cheveux si : vous présentez une éruption cutanée sur le visage ou si votre cuir chevelu est sensible, irrité ou abîmé. Vous avez déjà fait une réaction après avoir coloré vos cheveux. Vous avez fait par le passé une réaction à un tatouage temporaire noir à base de henné. Il est obligatoire de faire un test dallergie cutanée impérativement 48 heures avant chaque utilisation de ce produit(se conformer à la notice). Penser à acheter votre produit à lavance pour faire le test dallergie cutanée 48 heures avant. Eviter le contact du produit avec les yeux. En cas de contact, rincer les yeux à leau claire 10 minutes. Si vous portez deslentilles, retirez-les avant de rincer vos yeux abondamment à leau. Consulter un spécialiste. Ne pas utiliser pour la coloration des cils et des sourcils. Ne pas utiliser si vos cheveux ont été colorés avec du henné, des sels métalliques, une coloration progressive ou un produit de repigmentation. Bien rincer les cheveux après lapplication du mélange. Ne pas conserver le mélange pour une application ultérieure. Tenir hors de la portée des enfants. || 
10,87€ / Pce || 
10,87 € || 
3 Châtain foncé secret, Coloration permanente || La boite de 125ml || Origine : FRANCE || La technologie professionnelle 'Oléo-Kératine' vous garantit un résultat impeccable, comme en salon de coiffure. Tous vos cheveux blancs sont parfaitement couverts et pour longtemps. Découvrez Oléo Color, la 1ère coloration permanente de Kéranove sans ammoniaque et à base d'Oléo-Kératine, fusion inédite d'huile et de kératine pour un triple résultat prodigieux. || Application ultra facile et rapide. Ne coule pas. Les colorants capillaires peuvent provoquer des réactions allergiques sévères. Lire et suivre les instructions. Ce produit nest pas destiné à être utilisé sur les personnes de moins de seize ans. Lestatouages temporaires noirs à base de henné peuvent augmenter le risque dallergie. Ne vous colorez pas les cheveux si : vous présentez une éruption cutanée sur le visage ou si votre cuir chevelu est sensible, irrité ou abîmé. Vous avez déjà fait une réaction après avoir coloré vos cheveux. Vous avez fait par le passé une réaction à un tatouage temporaire noir à base de henné. Il est obligatoire de faire un test dallergie cutanée impérativement 48 heures avant chaque utilisation de ce produit(se conformer à la notice). Penser à acheter votre produit à lavance pour faire le test dallergie cutanée 48 heures avant. Eviter le contact du produit avec les yeux. En cas de contact, rincer les yeux à leau claire 10 minutes. Si vous portez deslentilles, retirez-les avant de rincer vos yeux abondamment à leau. Consulter un spécialiste. Ne pas utiliser pour la coloration des cils et des sourcils. Ne pas utiliser si vos cheveux ont été colorés avec du henné, des sels métalliques, une coloration progressive ou un produit de repigmentation. Bien rincer les cheveux après lapplication du mélange. Ne pas conserver le mélange pour une application ultérieure. Tenir hors de la portée des enfants. || 
10,60€ / Pce || 
10,60 € || 
5*6 rouge cerise passion, Coloration permanente || La boite de 145ml || Origine : FRANCE || Découvrez Oléo Color, la 1ère coloration permanente de Kéranove sans ammoniaque et à base d''Oléo-kératine', fusion inédite d'huile et de kératine pour un triple résultat prodigieux ! Brillance prodigieuse. Couverture prodigieuse. Douceur prodigieuse. Recommandée pour les cheveux secs ou sensibilisés. || Application ultra facile et rapide ne coule pas. Groupe 3 : coloration permanente. Cet étui contient : 1 tube crème colorante de 60 ml + 1 flacon applicateur de révélateur de 60 ml + 1 sachet de soin nourrissant sublimateur post-coloration de 25 ml +1 notice + 1 paire de gants + des protège-branches de lunettes. Si vous avez les cheveux longs ou épais, utilisez deux boîtes de Kéranove Oléo Color. Le résultat dépend de la couleur actuelle de vos cheveux, qu'ils soient de couleur naturelle ou colorés. Si vous hésitez entre deux teintes, choisissez la plus claire. Les colorants capillaires peuvent provoquer des réactions allergiques sévères. Lire et suivre les instructions suivantes. Ce produit nest pas destiné à être utilisé sur les personnes de moins de seize ans. Les tatouages temporaires noirs à base de henné peuvent augmenter le risque dallergie. Ne vous colorez pas les cheveux : si vous présentez une éruption cutanée sur le visage ou si votre cuir chevelu est sensible, irrité ouabîmé. Si vous avez déjà fait une réaction après avoir coloré vos cheveux. Si vous avez fait par le passé une réaction à un tatouage temporaire noir à base de henné. Pour réduire les risques, faire un test dalerte-allergie 48 heures avant chaque application. La coloration contient suivant les nuances de la résorcine, des diaminobenzènes, des phénylènediamines (toluènediamines). Le révélateur contient du peroxyde dhydrogène. Porter des gants appropriés mono usage. Eviter le contact avec les yeu || Crème colorante : aqua/water/eau, octyldodecanol, C11-13 isoparaffin, propylene glycol, ethanolamine, alcohol denat., dipropylene glycol, carbomer, 1-hydroxyethyl 4,5-diamino pyrazole sulfate, sodium metabisulfite, 4-amino-2-hydroxytoluene, p-phenylenediamine, ascorbic acid, pentasodium pentetate, hydrolyzed corn protein, hydrolyzed wheat protein, hydrolyzed soy protein, p-aminophenol, (FO1). Révélateur : aqua/water/eau, C11-13 isoparaffin, hydrogen peroxide, cetearyl alcohol, trideceth-2 carboxamide mea, ceteareth-33, glycerin, phosphoric acid, pentasodium pentetate, sodium stannate, tetrasodium pyrophosphate, (FO1). Soin nourrissant sublimateur post-coloration : aqua/water/eau, cetearyl alcohol, cocamidopropyl betaine, sodium laureth sulfate, ceteareth-33, hydroxypropyl guar, C11-15 pareth-5, argania spinosa (argan) kernel oil, trimethylsilylamodimethicone, C11-15 pareth-9, guar hydroxypropyltrimonium chloride, parfum (fragrance), hydrolyzed corn protein, hydrolyzed wheat protein, hydrolyzed soy protein, methylchloroisothiazolinone, methylisothiazolinone, sodium hydroxide, citric acid, (FO1). || 
10,87€ / Pce || 
10,87 € || 
7*35 Marron noisette étincelant, Coloration permanente || La boite de 125ml || Origine : FRANCE || Découvrez Oléo Color la 1ère coloration permanente de Kéranove sans ammoniaque et à base d'oléo kératine, fusion inédite d'huile et de kératine pour un triple résultat prodigieux ! Grâce à la texture crème onctueuse et ultra-fondante d'Oléo Color, lacoloration à domicile devient enfin un pur moment de plaisir ! 0% ammoniaque, 100% couverture, anti-dessèchement. || Contient : 1 tube de crème colorante de 50 ml, 1 flacon applicateur de révélateur de 50 ml, 1 sachet de soin nourrissant sublimateur post-coloration de 25 ml, 1 notice, 1 paire de gants, des protège-branches de lunettes. Application facile et rapide,ne coule pas. Si vous avez les cheveux longs ou épais, utilisez deux boîtes d'oléo color. Le résultat dépend de la couleur actuelle de vos cheveux, qu'ils soient de couleur naturelle ou colorés. Si vous hésitez entre deux teintes, choisissez la plusclaire. Les colorants capillaires peuvent provoquer des réactions allergiques sévères. Ce produit n'est pas destiné à être utilisé sur les personnes de moins de seize ans. Les tatouages temporaires noirs à base de henné peuvent augmenter le risque d'allergie. Ne vous colorez pas les cheveux : si vous présentez une éruption cutanée sur le visage ou si votre cuir chevelu est sensible, irrité ou abîmé, si vous avez déjà fait une réaction après avoir coloré vos cheveux, si vous avez fait par le passé une réaction à un tatouage temporaire noir à base de henné. Pour réduire les risques, faire un test d'alerte-allergie 48 heures avant chaque application. La coloration contient suivant les nuances de la résorcine, des diaminobenzènes, des phénylènediamines (toluènediamines). Le révélateur contient du peroxyde d'hydrogène. Porter des gants appropriés mono usage. Eviter le contact avec les yeux. En cas de contact, rincer les yeux immédiatement et abondamment à l'eau claire 10 minutes. Si vous p || Crème colorante : Aqua/water/eau, octyldodecanol, c11-13 isoparaffin, propylene glycol, ethanolamine, alcohol denat, dipropylene glycol, carbomer, p-aminophenol, sodium metabisulfite, p-phenylenediamine, ascorbic acid, pentasodium pentetate, 4-amino-2-hydroxytoluene, hydrolyzed wheat protein, hydrolyzed soy protein, resorcinol, m-aminophenol, (f01). Contient de la résorcine, des diaminobenzènes. Révélateur : aqua/water/eau, c11-13 isoparaffin, hydrogen peroxide, cetearyl alcohol, trideceth-2 carboxamide mea, ceteareth-33, glycerin, phosphoric acid, pentasodium pentetate, sodium stannate, tetrasodium pyrophosphate, (f01). Soin nourrissant sublimateur post-coloration : aqua/water/eau, cetearyl alcohol, cocamidopropyl betaine, sodium laureth sulfate, ceteareth-33, hydroxypropyl guar, c11-15 pareth-5, argania spinosa (argan) kernel oil, trimethylsilylamodimethicone, c11-15 pareth-9, guar hydroxypropyltrimonium chloride, parfum (fragrance), hydrolyzed corn protein, hydrolyzed wheat protein,hydrolyzed soy protein, methylchloroisothiazolinone, methylisothiazolinone, sodium hydroxide, citric acide, (f01). || 
10,60€ / Pce || 
10,60 € || 
7*4 cuivré ardent, Coloration permanente || La boite de 145ml || Origine : FRANCE || Découvrez Oléo Color, la 1ère coloration permanente de Kéranove sans ammoniaque et à base d''Oléo-kératine', fusion inédite d'huile et de kératine pour un triple résultat prodigieux ! Brillance prodigieuse. Couverture prodigieuse. Douceur prodigieuse. Recommandée pour les cheveux secs ou sensibilisés. || Application ultra facile et rapide ne coule pas. Groupe 3 : coloration permanente. Cet étui contient : 1 tube crème colorante de 60 ml + 1 flacon applicateur de révélateur de 60 ml + 1 sachet de soin nourrissant sublimateur post-coloration de 25 ml +1 notice + 1 paire de gants + des protège-branches de lunettes. Si vous avez les cheveux longs ou épais, utilisez deux boîtes de Kéranove Oléo Color. Le résultat dépend de la couleur actuelle de vos cheveux, qu'ils soient de couleur naturelle ou colorés. Si vous hésitez entre deux teintes, choisissez la plus claire. Les colorants capillaires peuvent provoquer des réactions allergiques sévères. Lire et suivre les instructions suivantes. Ce produit nest pas destiné à être utilisé sur les personnes de moins de seize ans. Les tatouages temporaires noirs à base de henné peuvent augmenter le risque dallergie. Ne vous colorez pas les cheveux : si vous présentez une éruption cutanée sur le visage ou si votre cuir chevelu est sensible, irrité ouabîmé. Si vous avez déjà fait une réaction après avoir coloré vos cheveux. Si vous avez fait par le passé une réaction à un tatouage temporaire noir à base de henné. Pour réduire les risques, faire un test dalerte-allergie 48 heures avant chaque application. La coloration contient suivant les nuances de la résorcine, des diaminobenzènes, des phénylènediamines (toluènediamines). Le révélateur contient du peroxyde dhydrogène. Porter des gants appropriés mono usage. Eviter le contact avec les yeu || Crème colorante : aqua/water/eau, octyldodecanol, C11-13 isoparaffin, propylene glycol, ethanolamine, alcohol denat., dipropylene glycol, carbomer, p-aminophenol, sodium metabisulfite, 4-amino-2-hydroxytoluene, ascorbic acid, resorcinol, pentasodiumpentetate, p-phenylenediamine, 2-methylresorcinol, hydrolyzed corn protein, hydrolyzed wheat protein, hydrolyzed soy protein (FO1). Révélateur : aqua/water/eau, C11-13 isoparaffin, hydrogen peroxide, cetearyl alcohol, trideceth-2 carboxamide mea, ceteareth-33, glycerin, phosphoric acid, pentasodium pentetate, sodium stannate, tetrasodium pyrophosphate, (FO1). Soin nourrissant sublimateur post-coloration : aqua/water/eau, cetearyl alcohol, cocamidopropyl betaine, sodium laureth sulfate, ceteareth-33, hydroxypropyl guar, C11-15 pareth-5, argania spinosa (argan) kernel oil, trimethylsilylamodimethicone, C11-15 pareth-9, guar hydroxypropyltrimonium chloride, parfum (fragrance), hydrolyzed corn protein, hydrolyzed wheat protein, hydrolyzed soy protein, methylchloroisothiazolinone, methylisothiazolinone, sodium hydroxide, citric acid, (FO1). || 
10,60€ / Pce || 
10,60 € || 
Camomille, spray éclaircissant sans rinçage || Le spray de 125ml || Origine : FRANCE || Un effet blondeur progressif et durable. Le spray éclaircissant BLOND VACANCES agit comme un éclaircissement léger, progressif, durable dont l'effets'accentue au fur et à mesure des applications. Il donne à vos cheveux l'éclat naturel de l'été tout au long de l'année. Une formule hydra-protectrice exclusive. Le spray éclaircissant BLOND VACANCES vous garantit la pleine protection et le respect de vos cheveux. Sa formule unique associe des extraits naturels de camomille aux propriétés éclaircissantes et adoucissantes, des protéines de blé riches en éléments nutritifs et protecteurs, et un complexe hydro-rétenteur. Grâce à ses actifs spécifiques, il protège vos cheveux dès l'éclaircissement et maintient leur hydratation. || Appliquez le spray éclaircissant après votre shampooing sur cheveux humides. Vaporisez sur l'ensemble de votre chevelure pour un éclaircissement uniforme ou sur quelques mèches pour un effet soleil. Ne rincez pas et séchez vos cheveux comme vous en avez l'habitude. Pour créer de subtils effets méchés sur les cheveux chatains à blond clair. Pour 1 éclaircissement léger et progressif des cheveux. Pour un effet blondeur très naturel. Pour des cheveux doux et brillants.  Précautions d'emploi: attendre deux ou trois jours entre deux applications et une dizaine de jours après une permanente. Protégez les vêtements lors de l'utilisation. Contient de l'eau oxygénée. Eviter le contact avec les yeux. Rincez immédiatement les yeux si le produit entreen contact avec ceux-ci. Consultez un spécialiste. Ne pas laisser à la portée des enfants. Ne pas pulvériser vers le visage. Portez des gants appropriés. Découvrez la blondeur sur mesure avec les produits éclaircissants BLOND VACANCES enrichis à la camomille et aux protéines de blé. Envie de créer ou prolonger un effet soleil dans vos cheveux ? Pour chacun de vos besoins il existe un produit approprié : éclaircissement léger et progressif. Shampooing éclaircissant, après-shampooing éclaircissant, spray éclaircissant sans rinçage. Eclaircissement naturel et durable. Crème éclaircissante douce sans ammoniaque NATUREL. Crème éclaircissante douce sans ammoniaque DORE. Mèches. Kit pour mèches et balayages || AQUA (WATER), HYDROGEN PEROXIDE, PEG-60 HYDROGENATED CASTOR OIL, PEG/PPG-18/18 DIMETHICONE, POLYQUATERNIUM-11, CITRIC ACID, GLYCERIN, CHAMOMILLA RECUTITA (MATRICARIA) EXTRACT, PARFUM (FRAGRANCE), PPG-12-BUTETH-16, PENTASODIUM PENTETATE, HYDROLYZED WHEAT PROTEIN, CETEARYL ETHYLHEXANOATE, ISOPROPYL MYRISTATE, PROPYLENE GLYCOL, SODIUM LACTATE, TEA-LACTATE, SERINE, LACTIC ACID, UREA, SORBITOL, SODIUM CHLORIDE, ALLANTOIN, SODIUM BENZOATE, METHYLCHLOROISOTHIAZOLINONE, SODIUM STANNATE, BUTYLPHENYL METHYLPROPIONAL, LINALOOL, HEXYL CINNAMAL, ALPHA-ISOMETHYL IONONE, COUMARIN, METHYLISOTHIAZOLINONE, (F07). Actifs spécifiques. Extraits de Camomille : 1%. Protéines de blé : 0.1%. Complexe hydro-rétenteur : 1 %. Agents protecteurs : 0.9% || 12 mois après ouverture. || 
88,08€ / L || 
11,01 € || 
Camomille et protéines de blé, crème éclaircissante sans amoniaque || La boîte de 105ml || Origine : FRANCE || Crème éclaircissante: pour un éclaircissement léger des cheveux châtain cllair à blond clair, pour une blondeur naturelle et très longue durée, pour le respect et la protection des cheveux, même les plus délicats, pour des cheveux doux et brillants. || Ce produit peut générer une reaction d'allergie, qui dans certains cas peut être grave. Un tatouage peut augmenter les risques d'allergie. Pour réduire les risques, respecter impérativement les précautions d'utilisation suivantes: faire 1 test de sensibilité 48 heures avant chaque application du produit.Se confor mer à la notice.Ne jamais utiliser si vous avez déjà réagi à un produit de col oration, vous avez le cuir chevelu sensible, abîmé ou irrité. Dans ce cas, consulter 1 médecin avant touteutilisation. portez des gants appropriés mono usage. Eviter le contact avec les yeux. en cas de contact, les rincer immédiatement abondamment à l'eau claire.Si vous portez des lentilles, retirez-les avant de  rincer vos yeux abondamment à l'eau. Consultez 1 spécialiste. Ne pas employer pour la coloration des cils et des sourcils ou pour un autre usage que la coloration des cheveux.Ne pas utiliser chez les enfants. Ne le laisser à la portée d es enfants. Ne pas utiliser si les cheveux ont été colorés avec du henné, des sels métalliques, une coloration progressive ou un produit de repigmentation. Bien rincer après l'application du mélange. Ne pas conserver le mélange pour une application ultérieure. || Crème éclaircissante : aqua (water), cetearyl alcohol, ethanolamine, sodium laureth sulfate, cocamide dea, sodium lauryl sulfate, sodium cetearyl sulfate, sodium bisulfite, parfum (fragrance), sodium diethylenetriamine pentamethylene phosphonate, toluene-2.5-diamine sulfate, hexyl cinnamal, linalool, butylphenyl methylpropional, p-aminophenol, m-aminophenol, alpha-isomethyl ionone, resorcinol, coumarin, basic red 76 (cl 12245), (f11). Révélateur crème : aqua (water), hydrogen peroxide, cetearylalcohol, trideceth-2 carboxamide mea, ceteareth-33, glycerin, phosphoric acid, pentasodium pentetate, sodium stannate, tetrasodium pyrophosphate, (f11). Soin vitaminé protecteur : aqua (water), cetearyl alcohol, dipalmoylethyl hydroxyethylmonium methosulfate, ceteareth-33, stearyl alcohol, dipropylene glycol, hydrolyzed wheat protein, imidazolidinyl urea, propylene glycol, parfum (fragrance), tocopherol, glycerin, ethyl oleate, ethyl linolenate, ethyl linoleate, chamomilla recutita (matricaria)extract, peg-32, sodium chloride, methylparaben, arctium majus (burddock) extract, juglans regia (walnut) leaf extract, arnica montana flower extract, bioflavonoids, cynara scolymus (artichoke) extract, butylparaben, ethylparaben, isobutylparaben, linalool, propylparaben, benzyl benzoate, geraniol, hexyl cinnamal, coumarin, citronellol, butylphenyl methylpropional, amyl cinnamal, alpha-isomethyl ionone, hydroxyisohexyl 3-cyclohexene carboxaldehyde, eugenol, (f04). || Conserver à l'abri de la chaleur || 
11,63€ / Pce || 
11,63 € || 
Mèches et balayages, camomille et aux protéines de blé || La boîte de 150ml || Origine : FRANCE || Kit pour mèches et balayages: pour apporter une touche de lumière durable aux cheveux châtains à blond clair, pour un balayage parfait grâce à des mèches fines et naturelles, pour des effets méchés des plus subtils aux plus contrastés, pour des cheveux doux et brillants. || Lire attentivement les précautions d'emploi avant l'utilisation.Ce produit pe ut générer une réaction allergique, qui dans certains cas rares, peut avoir des conséquences graves.Respecter les précautions d'emploi.Eviter le contact ave  c les yeux.Rincer immédiatement les yeux si le produit entre en contact avec c eux-ci.Consulter un spécialiste. Porter des gants appropriés. Le shampooing: e n cas de contact avec les yeux, rincer immédiatement, abondamment à l'eau claire.Ne pas employer pour la décoloration des cils et des sourcils. Bien rincer a près l'application du mélange;Ne pas utiliser le produit si les cheveux ont été colorés avec du henné, des sels métalliques ou une coloration progressive. Ne pas laisser à la portée des enfants || Poudre : potassium persulfate, ammonium persulfate, sodium metasilicate, sodium stearate, magnesium carbonate, sodium persulfate, silica, cyclodextrin, cyamopsis tetragonolobus gum, sodium lauryl sulfate, cellulose gum, tetrasodium edta, paraffinum liquidum, cl 77007, parfum (fragrance), alpha-isomethyl ionone, butylphenyl methylpropional, eugenol, hexyl cinnamal, hydroxyisohexyl 3-cyclohexene carboxaldehyde,(f02). Révélateur crème : aqua (water), hydrogen peroxide, cetearyl alcohol, trideceth-2carboxamide mea, ceteareth-33, glycerin, pentetic acid, sodium stannate, tetrasodium pyrophosphate, phosphoric acid, (f02). Shampooing nutri-intense : aqua (water), lauryl betaine, sodium lauryl sulfate, sodium myristyl sulfate, cocamidopropyl betaine, sodium cetyl sulfate, glycol stearate, sodium stearyl sulfate, laureth-10, polyquaternium- 10, hydrolyzed wheat protein, parfum (fragrance), glycerin, chamomilla recutita (matricaria) extract, imidazolidinyl urea, tetrasodium edta, propylene glycol, citric acid, methylchloroisothiazolinone, methylisothiazolinone, butylphenyl methylpropional, linalool, hexyl cinnamal, alpha-isomethyl ionone, coumarin, (f03). || Conserver à l'abri de la chaleur || 
16,94€ / Pce || 
16,94 € || 
645 Châtain miel, coloration soin aux 7 huiles naturelles || Le Kit || Origine : ALLEMAGNE || 
5,30€ / Pce || 
5,30 € || 
760 Brun Cuivré, crème colorante durable || Le Kit || Origine : ALLEMAGNE || 
5,55€ / Pce || 
5,55 € || 
840 Noir Expresso, coloration soin aux 7 huiles naturelles || Le kit || Origine : ALLEMAGNE || 
5,30€ / Pce || 
5,30 € || 
850 Brun Cacao, crème colorante durable || Le kit || Origine : ALLEMAGNE || 
5,55€ / Pce || 
5,55 € || 
Acajou subtil 3-82, coloration permanente oleo supreme || L'etui de 115ml || Origine : ALLEMAGNE || 1ère coloration permanente sans ammoniaque aux huiles 100% pures. Pour une intensité couleur suprême, une tenue extra longue durée, une couverture des cheveux blancs et 90% d'éclat en plus. Intensité couleur suprême et tenue longue durée, confort optimisé du cuir chevelu, cheveux jusqu'à 40% plus doux. Jusqu'à 90% de brillance en plus. Cheveux forts et éclatants de beauté pendant 6 semaines. Couverture haute performance des cheveux blancs. || Facile à mélanger, ne coule pas. Les colorants capillaires peuvent provoquer des réactions allergiques sévères. Lire et suivre les instructions. Ce produit nest pas destiné à être utilisé sur les personnes de moins de 16 ans. Les tatouages temporaires noirs à base de henné peuvent augmenter le risque dallergie. Ne vous colorez pas les cheveux si vous présentez une éruption cutanée sur le visage ou si votre cuir chevelu est sensible, irrité ou abîmé. Si vous avez déjà fait une réaction après avoir coloré vos cheveux. Si vous avez fait par le passé une réaction à un tatouage temporaire noir à base de henné. Contient du peroxyde dhydrogène, des phenylenediamine (toluènediamines) et de la résorcine. Eviter le contact du produit avec les yeux. Rincer immédiatement les yeux si le produit entre en contact avec ceux-ci. Ne pas utiliser pour teindre les cils ou les sourcils. Bien rincer les cheveux après application. Porter des gants appropriés. Effectuez un test dalerte allergie 48h avanttoute application dune coloration, même si vous avez déjà utilisé des produits de coloration auparavant. Pensez donc à acheter le produit 48h à lavance. En cas de précédente réaction à un produit de coloration ou en cas de doute, consultez un médecin avant dutiliser tout produit colorant. Garder hors de la portée des enfants. || 
6,64€ / Pce || 
6,64 € || 
Blond clair 8-6, Coloration permanente || La boîte de 115ml || Origine : ALLEMAGNE || Sa formule haute performance fixe la sélection exclusive de pigments colorants en profondeur dans la fibre capillaire. La couleur est éclatante, tendance.Un résultat couleur haute définition avec une sélection exclusive de pigments. Intensité de la couleur et éclat incroyable. Résultat couleur haute définition. Couverture des cheveux blancs haute performance. Cheveux éclatants de beauté. || Le résultat de la coloration dépend de votre couleur naturelle de cheveux. Attention : contient de l'eau oxygénée, des diaminotoluènes et de la résorcine. Peut provoquer une réaction allergique. Eviter le contact du produit avec les yeux. Rincer immédiatement les yeux si le produit entre en contact avec ceux-ci. Ne pas employer pour la coloration des cils ou et des sourcils. Bien rincer les cheveux après application. Porter des gants appropriés. Garder hors de la portée des enfants. Se conformerà la notice. Les colorants pour cheveux peuvent provoquer des réactions allergiques qui peuvent être graves dans de rares cas. Les tatouages peuvent accroître le risque d'allergie à ce produit. Effectuez un test de sensibilité de la peau 48 heures avant l'utilisation de cette coloration, même si vous avez déjà utilisé des produits de coloration avant. Ainsi il est préférable d'acheter le produit 48 heures à l'avance. A ne pas utiliser si : vous avez déjà eu une réaction à des produits de coloration, votre cuir chevelu est sensible, irrité ou s'il présente des lésions. Dans ces cas-là, consultez un médecin avant d'utiliser tout produit colorant. Lisez et suivez attentivement les instructions dans le mode d'emploi du produit. Ce produit n'est pas destiné à être utilisé sur des enfants. || Crème colorante : aqua, cetearyl alcohol, ammonium hydroxide, ceteareth-20, glycol distearate, octyldodecanol, glyceryl stearate, sodium laureth sulfate, sodium cetearyl sulfate, serine, oleic acid, sodium sulfite, parfum, silica, limonene, tetrasodium edta, 4-amino-m-cresol, toluene-2.5-diamine sulfate, carbomer, resorcinol, potassium stearate, glycerin, potassium hydroxide, 2-methyl resorcinol, linalool, citronellol : ascorbic acid, butylphenyl methylpropional, linoleamidopropyl pg-dimonium chloride phosphate, propylene glycol, sodium sulfate, 2-amino-3-hydroxypyridine, citrus aurantium dulcis peel oil. Emulsion révélatrice : aqua, hydrogen peroxide, cetearyl alcohol, peg-40 castor oil, disodium pyrophosphate, sodium cetearyl sulfate, disodium edta, sodium benzoate, phosphoric acid. Baume soin : aqua, cetearyl alcohol, quaternium-87, propylene glycol, isopropyl myristate, distearoylethyl hydroxyethylmonium methosulfate, parfum, citric acid, phenoxyethanol, stearamidopropyl dimethylamine, ceteareth-20, sodium methylparaben, polyquaternium-37, glycine, propylene glycol dicaprylate/dicap rate, panthenol, hydroxypropyltrimonium hydrolyzed wheat protein, limonene, ppg-1 trideceth-6, hydrolyzed vegetable protein pg-propyl silanetriol. || 
61,39€ / Kg || 
7,06 € || 
Blond naturel 7-10, coloration permanente oleo supreme || L'etui de 115ml || Origine : ALLEMAGNE || 1ère coloration permanente sans ammoniaque aux huiles 100% pures. Pour une intensité couleur suprême, une tenue extra longue durée, une couverture des cheveux blancs et 90% d'éclat en plus. Intensité couleur suprême et tenue longue durée, confort optimisé du cuir chevelu, cheveux jusqu'à 40% plus doux. Jusqu'à 90% de brillance en plus. Cheveux forts et éclatants de beauté pendant 6 semaines. Couverture haute performance des cheveux blancs. || Facile à mélanger, ne coule pas. Les colorants capillaires peuvent provoquer des réactions allergiques sévères. Lire et suivre les instructions. Ce produit nest pas destiné à être utilisé sur les personnes de moins de 16 ans. Les tatouages temporaires noirs à base de henné peuvent augmenter le risque dallergie. Ne vous colorez pas les cheveux si vous présentez une éruption cutanée sur le visage ou si votre cuir chevelu est sensible, irrité ou abîmé. Si vous avez déjà fait une réaction après avoir coloré vos cheveux. Si vous avez fait par le passé une réaction à un tatouage temporaire noir à base de henné. Contient du peroxyde dhydrogène, des phenylenediamine (toluènediamines) et de la résorcine. Eviter le contact du produit avec les yeux. Rincer immédiatement les yeux si le produit entre en contact avec ceux-ci. Ne pas utiliser pour teindre les cils ou les sourcils. Bien rincer les cheveux après application. Porter des gants appropriés. Effectuez un test dalerte allergie 48h avanttoute application dune coloration, même si vous avez déjà utilisé des produits de coloration auparavant. Pensez donc à acheter le produit 48h à lavance. En cas de précédente réaction à un produit de coloration ou en cas de doute, consultez un médecin avant dutiliser tout produit colorant. Garder hors de la portée des enfants. || 
6,64€ / Pce || 
6,64 € || 
Brun noir 2-10, coloration permanente oleo supreme || L'etui de 115ml || Origine : ALLEMAGNE || 1ère coloration permanente sans ammoniaque aux huiles 100% pures. Pour une intensité couleur suprême, une tenue extra longue durée, une couverture des cheveux blancs et 90% d'éclat en plus. Intensité couleur suprême et tenue longue durée, confort optimisé du cuir chevelu, cheveux jusqu'à 40% plus doux. Jusqu'à 90% de brillance en plus. Cheveux forts et éclatants de beauté pendant 6 semaines. Couverture haute performance des cheveux blancs. || Facile à mélanger, ne coule pas. Les colorants capillaires peuvent provoquer des réactions allergiques sévères. Lire et suivre les instructions. Ce produit nest pas destiné à être utilisé sur les personnes de moins de 16 ans. Les tatouages temporaires noirs à base de henné peuvent augmenter le risque dallergie. Ne vous colorez pas les cheveux si vous présentez une éruption cutanée sur le visage ou si votre cuir chevelu est sensible, irrité ou abîmé. Si vous avez déjà fait une réaction après avoir coloré vos cheveux. Si vous avez fait par le passé une réaction à un tatouage temporaire noir à base de henné. Contient du peroxyde dhydrogène, des phenylenediamine (toluènediamines) et de la résorcine. Eviter le contact du produit avec les yeux. Rincer immédiatement les yeux si le produit entre en contact avec ceux-ci. Ne pas utiliser pour teindre les cils ou les sourcils. Bien rincer les cheveux après application. Porter des gants appropriés. Effectuez un test dalerte allergie 48h avanttoute application dune coloration, même si vous avez déjà utilisé des produits de coloration auparavant. Pensez donc à acheter le produit 48h à lavance. En cas de précédente réaction à un produit de coloration ou en cas de doute, consultez un médecin avant dutiliser tout produit colorant. Garder hors de la portée des enfants. || 
6,64€ / Pce || 
6,64 € || 
Châtain, crème colorante durable, masque soin à l'huile     d'abricot || La boîte de 115ml || Origine : ALLEMAGNE || Saint Algue : nous mettons vos idées en beauté ! Depuis plus de 25 ans, les salons de coiffure Saint Algue mettent leurs compétences au service des femmes. Les salons Saint Algue proposent désormais leur propre gamme de coloration à domicile : SaintAlgue Palette crème colorante durable, une gamme complète de couleurs riches, naturelles et longue durée. Une couleur riche et longue durée la crème colorante Saint Algue Palette prend soin de vos cheveux pendant la coloration et vous offre une couleur riche, naturelle et longue durée avec 100 % de couverture des cheveux blancs. Un soin enrichi à l'huile d'abricot. Après la coloration, offrez à vos cheveux un soin haute qualité : le masque soin de saint Algue Palette enrichi à l'huile d'abricot.Il laissera vos cheveux incroyablement doux, souples et brillants. Résultat : une couleur riche, naturelle et longue durée. || La couleur parfaite en 3 gestes simples: le flacon applicateur permet une application facile de Saint Algue Palette sur vos cheveux. Videz le tube de crème colorante dans le flacon applicateur, refermez-le et mélangez bien. Appliquez le mélange sur cheveux secs et laissez agir 30 minutes. Rincez soigneusement jusqu'à ce que l'eau soit claire. Utilisez le masque soin à l'huile d'abricot. Si vous avez des cheveux mi-longs (jusqu'au menton) ou longs, nous vous recommandons d'utiliser 2 boîtes de Saint Algue Palette pour la première application.  Peut provoquer une réaction allergique.Évitez le contact du produit avec les yeux Rincez immédiatement les yeux si le produit entre en contact avec ceux-ci. Ne pas employer pour la coloration des cilset des sourcils.Bien rincer les cheveux après application. Portez des gants appropriés.Gardez hors de la portée des enfants.Se conformer à la notice. Les colorants pour cheveux peuvent provoquer des réactions allergiques qui peuvent être graves dansde rares cas. Les tatouages peuvent accroître le risque d'allergie à ce produit. Effectuez un test de sensibilité de la peau 48 heures avant l'utilisation de cette coloration, même si vous avez déjà utilisé des produits de coloration avant. Ainsi ilest préférable d'acheter le produit 48 heures à l'avance.A ne pas utiliser si vous avez déjà eu une réaction à des produits de coloration, votre cuir chevelu est sensible, irrité ou s'il présente des lésions. Dans ces cas-là, consultez un médecin. || ème colorante : aqua, cetearyl alcohol, ammonium hydroxide, sodium laureth-6-carboxylate, coconut alcohol, sodium myreth sulfate, lauryl glucoside, ammonium sulfate, potassium hydroxide, acrylamidopropyltrimonium chloride/acrylates copolymer, ceteareth-12, ceteareth-20, sodium sulfite, ascorbic acid, etidronic acid, sodium silicate, parfum (+/- toluene-2.5-diamine sulfate, tetraaminopyrimidine sulfate, 1-hydroxyethyl 4.5-diamino pyrazole sulfate, 4-amino-m-cresol, 2.2-methylenebis-4-aminophenolhcl, 1.3-bis-(2.4-diaminophenoxy) propane hcl, 2-amino-4-hydroxyethylaminoanisole sulfate, 2.4-diaminophenoxyethanol hcl, m-aminophenol, 4-amino-2-hydroxytoluene, 5-amino-6-chloro-o-cresol, 2-amino-3-hydroxypyridine, resorcinol, 2-methyl resorcinol,4-chlororesorcinol, 2.7-naphthalenediol, 6-methoxy-2-methylamino-3-aminopyridine hcl, phenyl methyl pyrazolone, hydroxyethyl-2-nitro-p-toluidine, 2-amino-6-chloro-4-nitrophenol, 4-amino-3-nitrophenol, 4-hydroxypropylamino-3-nitrophenol, 1.5-naphthalenediol, hydroxyethyl-p-phenylenediamine sulfate. Emulsion révélatrice : aqua, hydrogen peroxide, acrylates copolymer, etidronic acid, sodium laureth sulfate, 2.6-dicarboxypyridine, disodium pyrophosphate, dimethicone. Après-shampooing : aqua, cetearyl alcohol, isopropyl myristate,  dimethicone, cetrimonium chloride, quaternium-87, distearoylethyl hydroxyethylmonium methosulfate, paraffinum liquidum, stearamidopropyl dimethylamine, glyceryl stearate, sodium pca, propylene glycol, dimethiconol, panthenol, niacinamide, prunus armeniaca, polyquaternium-10, polyquaternium-37, ppg-1, trideceth-6, propylene glycol, dicaprylate/dicaprate, isopropyl myristate, citric acid, parfum, amyl cinnamal, limonene, linalool, hexyl cinnamal, methylparaben, propylparaben, phenoxyethanol, cl 15985, cl 47005 || ème colorante : aqua, cetearyl alcohol, ammonium hydroxide, sodium laureth-6-carboxylate, coconut alcohol, sodium myreth sulfate, lauryl glucoside, ammonium sulfate, potassium hydroxide, acrylamidopropyltrimonium chloride/acrylates copolymer, ceteareth-12, ceteareth-20, sodium sulfite, ascorbic acid, etidronic acid, sodium silicate, parfum (+/- toluene-2.5-diamine sulfate, tetraaminopyrimidine sulfate, 1-hydroxyethyl 4.5-diamino pyrazole sulfate, 4-amino-m-cresol, 2.2-methylenebis-4-aminophenolhcl, 1.3-bis-(2.4-diaminophenoxy) propane hcl, 2-amino-4-hydroxyethylaminoanisole sulfate, 2.4-diaminophenoxyethanol hcl, m-aminophenol, 4-amino-2-hydroxytoluene, 5-amino-6-chloro-o-cresol, 2-amino-3-hydroxypyridine, resorcinol, 2-methyl resorcinol,4-chlororesorcinol, 2.7-naphthalenediol, 6-methoxy-2-methylamino-3-aminopyridine hcl, phenyl methyl pyrazolone, hydroxyethyl-2-nitro-p-toluidine, 2-amino-6-chloro-4-nitrophenol, 4-amino-3-nitrophenol, 4-hydroxypropylamino-3-nitrophenol, 1.5-naphthalenediol, hydroxyethyl-p-phenylenediamine sulfate. Emulsion révélatrice : aqua, hydrogen peroxide, acrylates copolymer, etidronic acid, sodium laureth sulfate, 2.6-dicarboxypyridine, disodium pyrophosphate, dimethicone. Après-shampooing : aqua, cetearyl alcohol, isopropyl myristate,  dimethicone, cetrimonium chloride, quaternium-87, distearoylethyl hydroxyethylmonium methosulfate, paraffinum liquidum, stearamidopropyl dimethylamine, glyceryl stearate, sodium pca, propylene glycol, dimethiconol, panthenol, niacinamide, prunus armeniaca, polyquaternium-10, polyquaternium-37, ppg-1, trideceth-6, propylene glycol, dicaprylate/dicaprate, isopropyl myristate, citric acid, parfum, amyl cinnamal, limonene, linalool, hexyl cinnamal, methylparaben, propylparaben, phenoxyethanol, cl 15985, cl 47005 || Un || 
5,24€ / Pce || 
5,24 € || 
Chatain chocolat 700, coloration permanente || L'étui de 115ml || Origine : ALLEMAGNE || 
5,30€ / Pce || 
5,30 € || 
Châtain clair, crème colorante durable, masque soin à l'huile d'abricot || La boîte de 115ml || Origine : ALLEMAGNE || Saint Algue : nous mettons vos idées en beauté ! Depuis plus de 25 ans, les salons de coiffure Saint Algue mettent leurs compétences au service des femmes. Les salons Saint Algue proposent désormais leur propre gamme de coloration à domicile : SaintAlgue Palette crème colorante durable, une gamme complète de couleurs riches, naturelles et longue durée. Une couleur riche et longue durée la crème colorante Saint Algue Palette prend soin de vos cheveux pendant la coloration et vous offre une couleur riche, naturelle et longue durée avec 100 % de couverture des cheveux blancs. Un soin enrichi à l'huile d'abricot. Après la coloration, offrez à vos cheveux un soin haute qualité : le masque soin de saint Algue Palette enrichi à l'huile d'abricot.Il laissera vos cheveux incroyablement doux, souples et brillants. Résultat : une couleur riche, naturelle et longue durée. || Une couleur parfaite en 3 gestes simples : le flacon applicateur permet une application facile de Saint Algue Palette sur vos cheveux. Videz le tube de crème colorante dans le flacon applicateur, refermez-le et mélangez bien. Appliquez le mélange surcheveux secs et laissez agir 30 minutes. Rincez soigneusement jusqu'à ce que l'eau soit claire. Utilisez le masque soin à l'huile d'abricot. Si vous avez des cheveux mi-longs (jusqu'au menton) ou longs, nous vous recommandons d'utiliser 2 boîtes deSaint Algue Palette pour la première application. Peut provoquer une réaction allergique.Évitez le contact du produit avec les yeu x.Rincer immédiatement les yeux si le produit entre en contact avec ceux-ci. Ne pas employer pour la coloration des cils et des sourcils Bien rincer les cheveux après application. Porter des gants appropriés Garder hors de la portée des enfants Se conformer à la notice. Les colorants pour cheveux peuvent provoquer des réactions allergiques qui peuvent être graves dans de rares cas. Les tatouages peuvent accroître le risque d'allergie à ce produit. Effectuez un test de sensibilité de la peau 48 heures avant l'utilisation de cette coloration, même si vous avez déjà utilisé des produits de coloration avant. Ainsi il est préférable d'acheter le produit 48 heures à l'avance.A ne pas utiliser si vous avez déjà eu une réaction à des produits de coloration, votre cuir chevelu est sensible, irrité ou s'il présente des lésions. Dans ces cas-là, consultez un médecin. || Crème colorante : aqua, cetearyl alcohol, ammonium hydroxide, sodium laureth-6-carboxylate, coconut alcohol, sodium myreth sulfate, lauryl glucoside, ammonium sulfate, potassium hydroxide, acrylamidopropyltrimonium chloride/acrylates copolymer, ceteareth-12, ceteareth-20, sodium sulfite, ascorbic acid, etidronic acid, sodium silicate, parfum (+/- toluene-2.5-diamine sulfate, tetraaminopyrimidine sulfate, 1-hydroxyethyl 4.5-diamino pyrazole sulfate, 4-amino-m-cresol, 2.2'-methylenebis-4-aminophenol hcl, 1.3-bis-(2.4-diaminophenoxy) propane hcl, 2-amino-4-hydroxyethylaminoanisole sulfate, 2.4-diaminophenoxy, ethanol, hcl, m-aminophenol, 4-amino-2-hydroxytoluene, 5-amino-6-chloro-o-cresol, 2-amino-3-hydroxypyridine, resorcinol, 2-methyl resorcinol, 4-chlororesorcinol, 2.7-naphthalenediol, 6-methoxy-2-methylamino-3-aminopyridine hcl, phenyl methyl pyrazolone, hydroxyethyl-2-nitro-p-toluidine, 2-amino-6-chloro-4-nitrophenol, 4-amino-3-nitrophenol, 4-hydroxypropylamino-3-nitrophenol, 1.5-naphthalenediol, hydroxyethyl-p-phenylenediamine sulfate) émulsion révélatrice : aqua, hydrogen peroxide, acrylates copolymer, etidronic acid, sodium laureth sulfate, 2.6-dicarboxypyridine, disodium pyrophosphate, dimethicone. Apres-shampooing : aqua, cetearyl alcohol, isopropyl myristate, dimethicone, cetrimonium chloride, quaternium-87, distearoylethyl hydroxyethylmonium methosulfate, paraffinum liquidum, stearamidopropyl dimethylamine, glyceryl stearate, sodium pca, propylene glycol, dimethiconol, panthenol, niacinamide, prunus armeniaca, polyquaternium-10, polyquaternium-37, ppg-1 trideceth-6, propylene glycol dicaprylate/dicaprate, isopropyl myristate, citric acid, parfum, amyl cinnamal, limonene, linalool, hexyl cinnamal, methylparaben,propylparaben, phenoxyethanol, cl 15985, cl 47005 || Crème colorante : aqua, cetearyl alcohol, ammonium hydroxide, sodium laureth-6-carboxylate, coconut alcohol, sodium myreth sulfate, lauryl glucoside, ammonium sulfate, potassium hydroxide, acrylamidopropyltrimonium chloride/acrylates copolymer, ceteareth-12, ceteareth-20, sodium sulfite, ascorbic acid, etidronic acid, sodium silicate, parfum (+/- toluene-2.5-diamine sulfate, tetraaminopyrimidine sulfate, 1-hydroxyethyl 4.5-diamino pyrazole sulfate, 4-amino-m-cresol, 2.2'-methylenebis-4-aminophenol hcl, 1.3-bis-(2.4-diaminophenoxy) propane hcl, 2-amino-4-hydroxyethylaminoanisole sulfate, 2.4-diaminophenoxy, ethanol, hcl, m-aminophenol, 4-amino-2-hydroxytoluene, 5-amino-6-chloro-o-cresol, 2-amino-3-hydroxypyridine, resorcinol, 2-methyl resorcinol, 4-chlororesorcinol, 2.7-naphthalenediol, 6-methoxy-2-methylamino-3-aminopyridine hcl, phenyl methyl pyrazolone, hydroxyethyl-2-nitro-p-toluidine, 2-amino-6-chloro-4-nitrophenol, 4-amino-3-nitrophenol, 4-hydroxypropylamino-3-nitrophenol, 1.5-naphthalenediol, hydroxyethyl-p-phenylenediamine sulfate) émulsion révélatrice : aqua, hydrogen peroxide, acrylates copolymer, etidronic acid, sodium laureth sulfate, 2.6-dicarboxypyridine, disodium pyrophosphate, dimethicone. Apres-shampooing : aqua, cetearyl alcohol, isopropyl myristate, dimethicone, cetrimonium chloride, quaternium-87, distearoylethyl hydroxyethylmonium methosulfate, paraffinum liquidum, stearamidopropyl dimethylamine, glyceryl stearate, sodium pca, propylene glycol, dimethiconol, panthenol, niacinamide, prunus armeniaca, polyquaternium-10, polyquaternium-37, ppg-1 trideceth-6, propylene glycol dicaprylate/dicaprate, isopropyl myristate, citric acid, parfum, amyl cinnamal, limonene, linalool, hexyl cinnamal, methylparaben,propylparaben, phenoxyethanol, cl 15985, cl 47005 || 
5,30€ / Pce || 
5,30 € || 
Chatain dore 4-60, coloration permanente oleo supreme || L'etui de 115ml || Origine : ALLEMAGNE || 1ère coloration permanente sans ammoniaque aux huiles 100% pures. Pour une intensité couleur suprême, une tenue extra longue durée, une couverture des cheveux blancs et 90% d'éclat en plus. Intensité couleur suprême et tenue longue durée, confort optimisé du cuir chevelu, cheveux jusqu'à 40% plus doux. Jusqu'à 90% de brillance en plus. Cheveux forts et éclatants de beauté pendant 6 semaines. Couverture haute performance des cheveux blancs. || Facile à mélanger, ne coule pas. Les colorants capillaires peuvent provoquer des réactions allergiques sévères. Lire et suivre les instructions. Ce produit nest pas destiné à être utilisé sur les personnes de moins de 16 ans. Les tatouages temporaires noirs à base de henné peuvent augmenter le risque dallergie. Ne vous colorez pas les cheveux si vous présentez une éruption cutanée sur le visage ou si votre cuir chevelu est sensible, irrité ou abîmé. Si vous avez déjà fait une réaction après avoir coloré vos cheveux. Si vous avez fait par le passé une réaction à un tatouage temporaire noir à base de henné. Contient du peroxyde dhydrogène, des phenylenediamine (toluènediamines) et de la résorcine. Eviter le contact du produit avec les yeux. Rincer immédiatement les yeux si le produit entre en contact avec ceux-ci. Ne pas utiliser pour teindre les cils ou les sourcils. Bien rincer les cheveux après application. Porter des gants appropriés. Effectuez un test dalerte allergie 48h avanttoute application dune coloration, même si vous avez déjà utilisé des produits de coloration auparavant. Pensez donc à acheter le produit 48h à lavance. En cas de précédente réaction à un produit de coloration ou en cas de doute, consultez un médecin avant dutiliser tout produit colorant. Garder hors de la portée des enfants. || 
6,64€ / Pce || 
6,64 € || 
Marron chocolat 4-18, Coloration permanente Oleo supreme || L'étui de 115ml || Origine : ALLEMAGNE || 
6,64€ / Pce || 
6,64 € || 
Noir, crème colorante durable, masque soin à l'huile d'abricot || La boîte de 115ml || Origine : ALLEMAGNE || Découvrez les couleurs riches longue durée et le soin nourrissant de Saint Algue Palette !  Une couleur riche, longue durée et intensément brillante des racines jusqu'aux pointes.La crème colorante enrichie en huile de noix de Macadamia permet une bonne fixation des pigments colorants haute performance dans la fibre capillaire. Le Masque Soin à l'huile de noix de Macadamia nourrit vos cheveux en profondeur et les rend doux et souples. Couvre 100% des cheveux blancs. || Une couleur parfaite en 3 gestes simples : le flacon applicateur permet une application facile de Saint Algue Palette sur vos cheveux. Videz le tube de crème colorante dans le flacon applicateur, refermez-le et mélangez bien. Appliquez le mélange surcheveux secs et laissez agir 30 minutes. Rincez soigneusement jusqu'à ce que l'eau soit claire. Utilisez le masque soin à l'huile de noix de Macadamia. Si vous avez des cheveux mi-longs (jusqu'au menton) ou longs, nous vous recommandons d'utiliser 2boîtes de Saint Algue Palette pour la première application. Les colorants capillaires peuvent provoquer des réactions allergiques sévères. Lire et suivre les instructions. Ce produit n'est pas destiné à être utilisé sur les personnes de moins de seize ans. Les tatouages temporaires noirs à base de henné peuvent augmenter le risque d'allergie. Ne vous colorez pas les cheveux si : vous présentez une éruption cutanée sur le visage ou si votre cuir chevelu est sensible, irrité ou abîmé, vous avez déjà fait une réaction après avoir coloré vos cheveux, vous avez fait par le passé une réaction à un tatouage temporaire noir à base de henné. Contient de l'eau oxygénée, des phénylènediamine (toluènediamines), de la résorcine et de l'ammoniaque. Voirsous l'étui la liste complète des ingrédients. Eviter le contact du produit avec les yeux. Rincer immédiatement les yeux si le produit entre en contact avec ceux-ci. Ne pas utiliser pour teindre les cils ou les sourcils. Bien rincer les cheveux aprè || Crème colorante : aqua, cetearyl alcohol, ammonium hydroxide, toluene-2,5-diamine sulfate, sodium laureth-6 carboxylate, coconut alcohol, sodium myreth sulfate, lauryl glucoside, potassium hydroxide, resorcinol, acrylamido propyltrimonium chloride/acrylates copolymer, ceteareth-12, ceteareth-20, 2,4-diaminophenoxyethanol hci, macadamia ternifolia seed oil, sodium sulfite, parfum, m-aminophenol, sodium silicate, etidronic acid, ascorbic acid, ammonium sulfate, sodium chloride. Emulsion révélatrice : aqua, hydrogen peroxide, acrylates copolymer, etidronic acid, sodium laureth sulfate, 2,6-dicarboxypyridine, disodium pyrophosphate, dimethicone. Masque soin : aqua, cetearyl alcohol, behentrimonium chloride, glycol distearate, dimethicone, distearoylethyl hydroxyethylmonium methosulfate, dicaprylyl carbonate, isopropyl alcohol, sodium pca, phenoxyethanol, methylparaben, polyquaternium-37, macadamia ternifolia seed oil, parfum, panthenol, propylene glycol dicaprylate/dicaprate, citric acid,linalool, ppg-1 trideceth-6, limonene, hexyl cinnamal, benzyl salicylate, citronellol. || 
5,24€ / Pce || 
5,24 € || 
Noir intense 1-10, coloration permanente oleo supreme || L'etui de 115ml || Origine : ALLEMAGNE || 1ère coloration permanente sans ammoniaque aux huiles 100% pures. Pour une intensité couleur suprême, une tenue extra longue durée, une couverture des cheveux blancs et 90% d'éclat en plus. Intensité couleur suprême et tenue longue durée, confort optimisé du cuir chevelu, cheveux jusqu'à 40% plus doux. Jusqu'à 90% de brillance en plus. Cheveux forts et éclatants de beauté pendant 6 semaines. Couverture haute performance des cheveux blancs. || Facile à mélanger, ne coule pas. Les colorants capillaires peuvent provoquer des réactions allergiques sévères. Lire et suivre les instructions. Ce produit nest pas destiné à être utilisé sur les personnes de moins de 16 ans. Les tatouages temporaires noirs à base de henné peuvent augmenter le risque dallergie. Ne vous colorez pas les cheveux si vous présentez une éruption cutanée sur le visage ou si votre cuir chevelu est sensible, irrité ou abîmé. Si vous avez déjà fait une réaction après avoir coloré vos cheveux. Si vous avez fait par le passé une réaction à un tatouage temporaire noir à base de henné. Contient du peroxyde dhydrogène, des phenylenediamine (toluènediamines) et de la résorcine. Eviter le contact du produit avec les yeux. Rincer immédiatement les yeux si le produit entre en contact avec ceux-ci. Ne pas utiliser pour teindre les cils ou les sourcils. Bien rincer les cheveux après application. Porter des gants appropriés. Effectuez un test dalerte allergie 48h avanttoute application dune coloration, même si vous avez déjà utilisé des produits de coloration auparavant. Pensez donc à acheter le produit 48h à lavance. En cas de précédente réaction à un produit de coloration ou en cas de doute, consultez un médecin avant dutiliser tout produit colorant. Garder hors de la portée des enfants. || 
6,64€ / Pce || 
6,64 € || 
10-1 Blond Clair Cendré || La boîte de 142ml || Origine : ALLEMAGNE || 
12,62€ / Pce || 
12,62 € || 
12-0 Blond très clair naturel || La boîte de 142ml || Origine : ALLEMAGNE || 
12,62€ / Pce || 
12,62 € || 
7-0 Blond foncé || La boîte de 142ml || Origine : ALLEMAGNE || 
12,62€ / Pce || 
12,62 € || 
Spray éclaircissant || Le flacon de 100ml || Origine : ALLEMAGNE || 
12,62€ / Pce || 
12,62 € || 
Excellence Crème 01 Blond Ultra Clair Naturel || La boîte || Origine : FRANCE || Crème Colorante Triple Protection. Avant la coloration : le sérum protecteur, innovation de L'Oréal Paris, soigne les parties abîmées des cheveux en particulier les pointes, il s'utilise avant la coloration. Vos cheveux sont protégés, préparés à êtrecolorés. Pendant la coloration : la crème colorante extra-protectrice d'Excellence Crème donne à vos cheveux une couleur riche et homogène qui couvre parfaitement les cheveux blancs, même les plus résistants. Excellence Crème ne coule pas. Après lacoloration : le s oin au céramide-protéine, à la contenance encore plus généreuse, prévu pour plusieurs applications, prolonge la protection de vos cheveux jusqu'à la prochaine coloration. Résultat : une couverture parfaite des cheveux blancs. Une couleur riche, profonde, parfaitement homogène. Des cheveux, même fragiles, protégés pour longtemps. || La coloration peut provoquer une réaction allergique qui, dans certains cas rares, peut être grave.Il est donc indispensable de respecter les consignes suiv antes : ne pas utiliser si vous avez déjà réagi à un produit de coloration, vous avez le cuirchevelu sensible, irrité ou abîmé. En cas de tatouage les risqu es d'allergie peuvent être accrus.Faire un test d'allergie cutanée impérativem ent 48 heures avant chaque utilisation de ce produit (voir notice).Pensez à ac heter votre produit à l'avance.Evitez le contact du produit avec la peau et le s yeux.Ne pas employer pour la coloration des cils et des sourcils.Ne pas suivre cette consigne peut entraîner la cécité.Rincez immédiatement les yeux si le produit entre en contact avec ceux-ci.Portez les gants appropriés fournis dans  l'étui.Bien rincer les cheveux après application.Ne pas utiliser si vos chev   eux ont été colorés par du henné ou une coloration progressive.Ne pas laisser  à la portée des enfants.Ne pas utiliser chez l'enfant.Se conformer à la notice. || Sérum protecteur : aqua/water, cetearyl alcohol, glycerin, trideceth-2 carboxamide mea hydrolyzed oats, phenoxyethanol, ethylparaben, polyquaternium-22, pentasodium pentetate, linalool, benzyl salicylate, benzyl benzoate, propylparaben, isobutylparaben, 2-oleamido-1.3-octadecanediol, geraniol, ceteareth-30, methylparaben, butylparaben, citric acid, citronellol, hexadimethrine chloride, amyl cinnamal, parfum/fragrance (FIL c20949/1). Crème super-éclaircissante : aqua/water, cetearyl alcohol, propylene glycol, deceth-3, laureth-12, ammonium hydroxide, oleth-30, hexadimethrine chloride, lauric acid, glycol distearate, polyquaternium-22, ethanolamine, silica dimethyl silylate, cl77891/tïtanium dioxide, 2.4-diaminophenoxyethanol hci, ascorbic acid, sodium metabisulfite, hydroxybenzomorpholine, dimethicone, pentasodium pentetate, linalool, p-phenylenediamine, carbomer, resorcinol, butylphenyl methylpropional, parfum/fragrance. (c22195/1). Révélateur crème : aqua/water, hydrogen peroxide, cetearyl alcohol, sodium stannate, trideceth-2 carboxamide mea, pentasodium pentetate, ceteareth-30, tetrasodium pyrophosphate, glycerin (fil C12793/19). Soin au céramide-protéine : aqua/water, cetearyl alcohol, glycerin, behentrimonium chloride, amodimethicone, cetyl esters, isopropyl alcohol, hydroxypropyltrimonium hydrolyzed wheat protein, hydroxyisohexyl 3-cyclohexene carboxaldehyde, trideceth-12, chlorhexidine dihydrochloride, panthenol, candelilla cera/ candelilla wax, benzyl salicylate, 2-oleamido-1.3-octadecanediol, alpha-isomethyl ionone, methylparaben, cetrimonium chloride, citronellol, butylphenyl methylpropional, parfum/fragrance (fil c14267/3). || 
12,04€ / Pce || 
12,04 € || 
Excellence Crème 1 Noir || La boîte || Origine : FRANCE || Crème Colorante Triple Protection : avant, pendant et après la coloration. Avant : le sérum protecteur innovation de L'Oréal Paris, soigne les parties abîmées des cheveux en particulier les pointes, il s'utilise avant la coloration. Vos cheveux sontprotégés, préparés à être colorés. Pendant : la crème colorante extra-protectrice d'Excellence Crème donne à vos cheveux une couleur riche et homogène qui couvre parfaitement les cheveux blancs, même les plus résistants. Excellence Crème ne coule pas, l'application est précise. Après : son soin au Céramide-Protéine , prévu pour plusieurs applications, prolonge la protection de vos cheveux jusqu'à la prochaine coloration.Résultat : une couverture parfaite des cheveux blancs. Une couleu r riche, profonde, parfaitement homogène, des cheveux, même fragiles, protégés pour longtemps. || La coloration peut provoquer une réaction allergique qui, dans certains cas rares, peut etre grave.Il est donc indispensable de respecter les consignes suiv antes : ne pas utiliser si vous avez déjà réagi à un produit de coloration, vous avez le cuirchevelu sensible, irrité ou abîmé. En cas de tatouage les risqu es d'allergie peuvent être accrus.Faire un test d'allergie cutanée impérativem ent 48 heures avant chaque utilisation de ce produit (voir notice).Pensez à ac heter votre produit à l'avance.Eviter le contact du produit avec la peau et le s yeux.Ne pas employer pour la coloration des cils et des sourcils;Ne pas suivre cette consigne peut entraîner la cécité.Rincez immédiatement les yeux si le produit entre en contact avec ceux-ci.Portez les gants appropriés fournis dans  l'étui. Bien rincer les cheveux après application.Ne pas utiliser si vos chev  eux ont été colorés par du henné ou une coloration progressive. Ne pas laisser à la portée des enfants.Ne pas utiliser chez l'enfant.Se conformer à la notice. || Sérum protecteur : aqua/water, cetearyl alcohol, glycerin, trideceth-2 carboxamide mea, hydrolyzed oats, phenoxyethanol, ethylparaben, polyquaternium-22, pentasodium pentetate, linalool, benzyl salicylate, benzyl benzoate, propylparaben, isobutylparaben, 2-oleamido-1.3-octadecanediol, geraniol, ceteareth-30, methylparaben, butylparaben, citric acid, citronellol, hexadimethrine chloride, amyl cinnamal, parfum/fragrance (fil c20949/1). Crème colorante : aqua/water, cetearyl alcohol, deceth-3, propylene glycol, laureth-12, oleth-30, ammonium hydroxide, hexadimethrine chloride, lauric acid, glycol distearate, polyquaternium-22, ethanolamine, p-phenylenediamine, silica dimethyl silylate, cl 77891/titanium dioxide, 2.4-diaminophenoxyethanol hci,m-aminophenol, ascorbic acid, ammonium thiolactate, dimethicone, pentasodium pentetate, n,n-bis(2-hydroxyethyl)-p-phenylenediamine sulfate, linalool, carbomer, resorcinol, butylphenyl methylpropional, parfum/fragrance (c21570/1). Révélateur crème : aqua/water, hydrogen peroxide, cetearyl alcohol, sodium stannate, trideceth-2 carboxamide mea, pentasodium pentetate, ceteareth-30, tetrasodium pyrophosphate, glycerin (fil c13169/21). Soin au céramide-protéine : aqua/water, cetearyl alcohol, glycerin, behentrimonium chloride, amodimethicone, cetyl esters, isopropyl alcohol, hydroxypropyltrimonium hydrolyzed wheat protein, hydroxyisohexyl 3-cyclohexene carboxaldehyde, trideceth-12, chlorhexidine dihydrochloride, panthenol, candelilla cera/ candelilla wax, benzyl salicylate, 2-oleamido-1.3-octadecanediol, alpha-isomethyl ionone, methylparaben, cetrimonium chloride, citronellol, butylphenyl methylpropional, parfum/fragrance (fil c14267/3). || 
12,04€ / Pce || 
12,04 € || 
Excellence Crème 3 Châtain Foncé || La boîte || Origine : FRANCE || Crème Colorante Triple Protection. Avant : le sérum protecteur innovation de L'Oréal Paris, soigne les parties abîmées des cheveux en particulier les pointes, il s'utilise avant la coloration. Vos cheveux sont protégés, préparés à être colorés. Pendant : la crème colorante extra-protectrice d'Excellence Crème donne à vos cheveux une couleur riche et homogène qui couvre parfaitement les cheveux blancs, même les plus résistants. Excellence Crème ne coule pas, l'application est précise. Après : sonsoin au céramide-protéine, prévu pour plusieurs applications, prolonge la protection de vos cheveux jusqu'à la prochaine coloration. || Sérum protecteur : aqua, cetearyl alcohol, glycerin, trideceth-2 carboxamide mea, hydrolyzed oats, phenoxyethanol, ethylparaben, polyquaternium-22, pentasodium pentetate, linalool, benzyl salicylate, benzyl benzoate, propylparaben, isobutylparaben, 2-oleamido-1.3-octadecanediol, geraniol, ceteareth-30, methylparaben, butylparaben, citric acid, citronellol, hexadimethrine chloride, amyl cinnamal, parfum (FIL C20949/1). Crème colorante : aqua, cetearyl alcohol, propylene glycol, deceth-3, laureth-12, ammonium hydroxide, oleth-30, hexadimethrine chloride, lauric acid, glycol distearate, polyquaternium-22, p-phenylenediamine, ethanolamine, silica dimethyl silylate, 2.4-diaminophenoxyethanol hci, m-aminophenol, sodium metabisulfite, hydroxybenzomorpholine, TBHQ, pentasodium pentetate, linalool, carbomer, resorcinol, butylphenyl methylpropional, parfum (FIL C20628/2). Révélateur crème : aqua, hydrogen peroxide, cetearyl alcohol, sodium stannate, trideceth-2 carboxamide mea, pentasodium pentetate, ceteareth-30, tetrasodium pyrophosphate, glycerin (FIL C13169/21). Soin au céramide-protéine : aqua, cetearyl alcohol, glycerin, behentrimonium chloride, amodimethicone, cetyl esters, isopropyl alcohol, hydroxypropyltrimonium hydrolyzed wheat protein, hydroxyisohexyl 3-cyclohexene carboxaldehyde, trideceth-12, chlorhexidine dihydrochloride, panthenol, candelilla cera/ candelilla wax, benzyl salicylate, 2-oleamido-1.3-octadecanediol, alpha-isomethyl ionone, methylparaben, cetrimonium chloride, citronellol, butylphenyl methylpropional, parfum (FIL C14267/3). Le révélateur contient de l'eau oxygénée. Le produit colorant contient des diaminobenzènes, de la résorcine, de l'ammoniaque. || 
12,04€ / Pce || 
12,04 € || 
Excellence Crème 4.03 Châtain Lumineux || La boîte || Origine : FRANCE || Découvrez la coloration triple soin d'Excellence Crème : une technologie crème avancée qui associe 3 ingrédients soin : le céramide, la pro-kératine et le collagène. Résultat : une couleur riche longue-tenue, radieuse, éclatante de santé et sans aucun cheveu blanc. Des cheveux plus forts, souples et soyeux : ils sont 85% plus résistants au brushing. || Couverture : couvre 100% des cheveux blancs. Temps de pause : 30 minutes. Les colorants capillaires peuvent provoquer des réactions allergiques sévères. Lire et suivre les instructions. Ce produit n'est pas destiné à être utilisé sur les personnes demoins de 16 ans. Les tatouages temporaires noirs à base de henné peuvent augmenter le risque d'allergie. Ne vous colorez pas les cheveux si : vous présentez une éruption cutanée sur le visage ou si votre cuir chevelu est sensible, irrité ou abîmé, vous avez déjà fait une réaction après avoir coloré vos cheveux, vous avez fait par le passé une réaction à un tatouage temporaire noir à base de henné. Il est obligatoire de faire un test d'allergie cutanée impérativement 48 heures avant chaque utilisation de ce produit (se conformer à la notice). Penser à acheter votre produit à l'avance pour faire le test d'allergie cutanée 48 heures avant. Le révélateur crème contient de l'eau oxygénée. La crème colorante contient : de la résorcine, des phénylènediamines (toluènediamines), de l'ammoniaque. Eviter le contact du produit avec les yeux, ne pas employer pour la coloration des cils et des sourcils. Rincer immédiatement et abondamment les yeux si le produit entre en contact avec ceux-ci. Porterles gants appropriés fournis dans l'étui. Bien rincer les cheveux après application. Attendre 15 jours après un défrisage, une permanente ou un lissage durable pour appliquer la coloration. Ne pas utiliser si vos cheveux ont été colorés par du henné || Serum protecteur : aqua/water, cetearyl alcohol, glycerin, trideceth-2 carboxamide mea, hydrolyzed oats, polyquaternium-22, chlorhexidine digluconate, pentasodium pentetate, 2-oleamido-1.3-octadecanediol, ceteareth-25, citric acid, hexadimethrine chloride, parfum/fragrance (FIL C51515/1). Crème colorante : aqua/water, cetearyl alcohol, propylene glycol, deceth-3, laureth-12, ammonium hydroxide, oleth-30, hexadimethrine chloride, lauric acid, glycol distearate, ethanolamine, polyquaternium-22, silica dimethyl silylate, toluene-2,5-diamine, Cl77891/titanium dioxide, 2,4-diaminophenoxyethanol HCl, m-aminophenol, ascorbic acid, sodium metabisulfite, thioglycerin, 2-methylresorcinol, dimethicone, pentasodium pentetate, linalool, proline, carbomer, threonine, resorcinol, butylphenyl methylpropional, parfum/fragrance (FIL C54216/1). Révélateur crème : aqua/water, hydrogen peroxide, cetearyl alcohol, sodium stannate, trideceth-2 carboxamide mea, pentasodium pentetate, phosphoric acid, ceteareth-25, tetrasodium pyrophosphate, glycerin (FIL C13169/25). Baume : aqua/water, cetearyl alcohol glycerin, behentrimonium chloride, amodimethicone, cetyl esters, isopropyl alcohol, sodium pca, hydroxypropyltrimonium hydrolyzed wheat protein, trideceth-6, chlorhexidine dihydrochloride, soluble collagen, panthenol, candelilla cera/candelilla wax, 2-oleamido-1,3- octadecanediol, cetrimonium chloride. Parfum/fragrance (FIL C52825/1). || 
12,86€ / Pce || 
12,86 € || 
Excellence Crème 4.15 Marron Frappé || La boîte || Origine : FRANCE || 
12,86€ / Pce || 
12,86 € || 
Excellence Crème 4 Châtain || La boîte || Origine : FRANCE || Couvre 100% des cheveux blancs. Soigne les parties abîmées, colore et protège, redonne souplesse et soyeux à vos cheveux. || Faire un test d'allergie cutanée, 48 heures avant l'utilisation du produit. Important : la coloration peut provoquer une réaction allergique qui, dans certains cas rares, peut être grave. Il est obligatoire, dans tous les cas, de faire un test d'allergie cutanée impérativement 48 heures avant chaque utilisation de ce produit (se conformer à la notice). Ne pas utiliser si : vous avez déjà réagi à un produit de coloration, vous avez le cuir chevelu irrité ou abîmé. Tatouage henné noir : si vous avez fait, même une seule fois, un tatouage au henné noir, vous risquez d'être devenue allergique sans le savoir. Eviter le contact du produit avec la peau et les yeux, ne pas employer pour la coloration des cils et des sourcils. Ne pas suivre cette consigne peut entraîner la cécité. Rincer immédiatement et abondamment les yeux si le produit entre en contact avec ceux-ci. Porter les gants appropriés fournis dans l'étui. Bien rincer les cheveux après application. Ne pas utiliser si vos cheveux ontété colorés par du henné ou une coloration progressive. Tenir hors de la portée des enfants, ne pas utiliser chez l'enfant. || 481284 B - sérum protecteur : aqua / water, cetearyl alcohol, glycerin, trideceth-2 carboxamide MEA, hydrolyzed OATS, phenoxyethanol, ethylparaben, polyquaternium-22, pentasodium pentetate, 2-oleamido-1, 3-octadecanediol, ceteareth-25, methylparaben,citric acid, hexadimethrine chloride, parfum / fragrance (FIL C30548/2). 1076258 - Crème colorante : aqua / water, cetearyl alcohol, propylene glycol, deceth-3, laureth-12, ammonium hydroxide, oleth-30, hexadimethrine chloride, lauric acid, glycol distearate, polyquaternium-22, resorcinol, ethanolamine, p-phenylenediamine, silica dimethyl silylate, CI 77891 / titanium dioxide, 2,4-diaminophenoxyethanol HCL, m-aminophenol, ascorbic acid, sodium metabisulfite, hydroxypropyl bis(n-hydroxyethyl)-p-phenylenediamine) HCL, dimethicone, pentasodium pentetate, N,N-BIS(2-hydroxyethyl)-p-phenylenediamine sulfate, linalool, proline, carbomer, thréonine, butylphenyl methylpropional, parfum / fragrance (FIL C33935/1). 178914 - Révélateur crème : aqua /water, hydrogen peroxide, cetearyl alcohol, sodium stannate, trideceth-2 carboxamide MEA, pentasodium pentetate, phosphoric acid, ceteareth-25, tetrasodium pyrophosphate, glycerin (FIL C13169/25). 1051583 - Soin protecteur : aqua/water, cetearyl alcohol, glycerin, behentrimonium chloride, amodimethicone, cetyl esters, isopropyl alcohol, hydroxypropyltrimonium hydrolyzed wheat protein, trideceth-12, chlorhexidine dihydrochloride, panthenol, candelilla cera / candelilla wax, 2-oleamido-1,3-octadecanediol, methylparaben, cetrimonium chloride, parfum/fragrance (FIL C33378/1). Le révélateur contient de l'eau oxygénée. Le produit colorant contient des diaminobenzènes, de la résorcine, de l'ammoniaque. || 
12,04€ / Pce || 
12,04 € || 
Excellence Crème 5.03 Châtain Clair Lumineux || La boîte || Origine : FRANCE || Découvrez la coloration triple soin d'Excellence Crème : une technologie crème avancée qui associe 3 ingrédients soin : le céramide, la pro-kératine et le collagène. Résultat : une couleur riche longue-tenue, radieuse, éclatante de santé et sans aucun cheveu blanc. Des cheveux plus forts, souples et soyeux : ils sont 85% plus résistants au brushing. || Couverture : couvre 100% des cheveux blancs. Temps de pause : 30 minutes. Les colorants capillaires peuvent provoquer des réactions allergiques sévères. Lire et suivre les instructions. Ce produit n'est pas destiné à être utilisé sur les personnes demoins de 16 ans. Les tatouages temporaires noirs à base de henné peuvent augmenter le risque d'allergie. Ne vous colorez pas les cheveux si : vous présentez une éruption cutanée sur le visage ou si votre cuir chevelu est sensible, irrité ou abîmé, vous avez déjà fait une réaction après avoir coloré vos cheveux, vous avez fait par le passé une réaction à un tatouage temporaire noir à base de henné. Il est obligatoire de faire un test d'allergie cutanée impérativement 48 heures avant chaque utilisation de ce produit (se conformer à la notice). Penser à acheter votre produit à l'avance pour faire le test d'allergie cutanée 48 heures avant. Le révélateur crème contient de l'eau oxygénée. La crème colorante contient : de la résorcine, des phénylènediamines (toluènediamines), de l'ammoniaque. Eviter le contact du produit avec les yeux, ne pas employer pour la coloration des cils et des sourcils. Rincer immédiatement et abondamment les yeux si le produit entre en contact avec ceux-ci. Porterles gants appropriés fournis dans l'étui. Bien rincer les cheveux après application. Attendre 15 jours après un défrisage, une permanente ou un lissage durable pour appliquer la coloration. Ne pas utiliser si vos cheveux ont été colorés par du henné || Serum protecteur : aqua/water, cetearyl alcohol, glycerin, trideceth-2 carboxamide mea, hydrolyzed oats, polyquaternium-22, chlorhexidine digluconate, pentasodium pentetate, 2-oleamido-1.3-octadecanediol, ceteareth-25, citric acid, hexadimethrine chloride, parfum/fragrance (FIL C51515/1). Crème colorante : aqua/water, cetearyl alcohol, propylene glycol, deceth-3, laureth-12, ammonium hydroxide, oleth-30, hexadimethrine chloride, lauric acid, glycol distearate, polyquaternium-22, ethanolamine, silica dimethyl silylate, Cl77891/titanium dioxide, m-aminophenol, p-aminophenol, ascorbic acid, sodium metabisulfite, thioglycerin, toluene-2,5-diamine, 2-methylresorcinol, dimethicone, pentasodium pentetate, linalool, proline, carbomer, threonine, resorcinol, butylphenyl methylpropional, parfum/fragrance (FIL C54217/1). Révélateur crème : aqua/water, hydrogen peroxide, cetearyl alcohol, sodium stannate, trideceth-2 carboxamide mea, pentasodium pentetate, phosphoric acid, ceteareth-25, tetrasodium pyrophosphate, glycerin (FIL C13169/25). Baume : aqua/water, cetearyl alcohol glycerin, behentrimonium chloride, amodimethicone, cetyl esters, isopropyl alcohol, sodium pca, hydroxypropyltrimonium hydrolyzed wheat protein, trideceth-6, chlorhexidine dihydrochloride, soluble collagen, panthenol, candelilla cera/candelilla wax, 2-oleamido-1,3- octadecanediol, cetrimonium chloride. Parfum/fragrance (FIL C52825/1). || 
12,04€ / Pce || 
12,04 € || 
Excellence Crème 5.15 Marron Glacé || La boîte || Origine : FRANCE || Crème Colorante Triple Protection. Avant la Coloration : le sérum protecteur soigne les parties abîmées des cheveux, en particulier les pointes. Il s'utilise avant la coloration. Vos cheveux sont protégés, préparés à être colorés. Pendant la coloration : la crème colorante Extra-Protectrice donne à vos cheveux une couleur riche et homogène qui couvre parfaitement les cheveux blancs, même les plus résistants. Excellence Crème ne coule pas. Après la coloration : le soin au céramide-protéine, à lacontenance encore plus généreuse, prévu pour plusieurs applications, prolonge la protection de vos cheveux jusqu'à la prochaine coloration. Résultat : une couverture parfaite des cheveux blancs. Une couleur riche, profonde, parfaitement homogène. Descheveux, même fragiles, protégés pour longtemps. || La coloration peut provoquer une réaction allergique qui, dans certains cas rares, peut être grave. Il est donc indispensable de respecter les consignes suivantes : ne pas utiliser si vous avez déjà réagi à un produit de coloration, vous avez le cuirchevelu sensible, irrité ou abîmé. En cas de tatouage les risqu es d'allergie peuvent être accrus. Faire un test d'allergie cutanée impérativement 48 heures avant chaque utilisation de ce produit (voir notice).Pensez à ac heter votre produit à l'avance. Evitez le contact du produit avec la peau et les yeux.Ne pas employer pour la coloration des cils et des sourcils.Ne pas suivre cette consigne peut entraîner la cécité.Rincer immédiatement les yeux si le produit entre en contact avec ceux-ci. Portez les gants appropriés fournis dans l'étui.  Bien rincer les cheveux après application. Ne pas utiliser si vos cheveux ont été colorés par du henné ou une coloration progressive. Ne pas laisser à la portée des enfants.Ne pas utiliser chez l'enfant.Se conformer à la notic  e. || Sérum protecteur : aqua, cetearyl alcohol, glycerin, trideceth-2 carboxamide mea hydrolyzed oats, phenoxyethanol, ethylparaben, polyquaternium-22, pentasodium pentetate, linalool, benzyl salicylate, benzyl benzoate, propylparaben, isobutylparaben, 2-oleamido-1.3-octadecanediol, geraniol, ceteareth-30, methylparaben, butylparaben, citric acid, citronellol, hexadimethrine chloride, amyl cinnamal, parfum. (fil c20949/1). Crème colorante : aqua/water, cetearyl alcohol, propylene glycol, deceth-3, laureth-12, ammonium hydroxide, oleth-30, hexadimethrine chloride, lauric acid, glycol distearate, polyquaternium-22, ethanolamine, silica dimethyl silylate, cl77891/titanium dioxide, 2.4-diaminophenoxyethanol hci, m-aminophenol, p-aminophenol, 2-amino-3-hydroxypyridine, ascorbic acid, sodium metabisulfite, 6-hydroxyindole, dimethicone, pentasodium pentetate, linalool, p-phenylenediamine, carbomer, resorcinol, butylphenyl methylpropional, parfum/fragrance. (fil c25802 /1). Révélateur crème : aqua,hydrogen peroxide, cetearyl alcohol, sodium stannate, trideceth-2 rboxamide mea, pentasodium pentetate, ceteareth-30, tetrasodium pyrophosphate, glycerin, (FIL c13169/21). Soin au céramide-protéine : aqua, cetearyl alcohol, glycerin, behentrimoniumchloride, amodimethicone, cetyl esters, isopropyl alcohol, hydroxypropyltrimonium hydrolyzed wheat protein, hydroxyisohexyl 3-cyclohexene carboxaldehyde, trideceth-12, chlorhexidine dihydrochloride, panthenol, candelilla cera, benzyl salicylate, 2-oleamido-1.3-octadecanediol, alpha-isomethyl ionone, methylparaben, cetrimonium chloride, citronellol, butylphenyl methylpropional, parfum. (fil c14267/3). || 
12,04€ / Pce || 
12,04 € || 
Excellence Crème 5.3 Châtain Clair Doré || La boîte || Origine : FRANCE || Le Sérum Protecteur Innovation, soigne les parties abîmées des cheveux en particulier les pointes, il s'utilise avant la coloration. Vos cheveux sont protégés, préparés à être colorés. Pendant : la crème colorante extra-protectrice d'Excellence crèmedonne à vos cheveux une couleur riche et homogène qui couvre parfaitement les cheveux blancs, même les plus résistants. Excellence crème ne coule pas, l'application est précise. Après : son soin au Céramide-Protéine , prévu pour plusieurs applications, prolonge la protection de vos cheveux jusqu'à la prochaine coloration. Résultat : une couverture parfaite des cheveux blancs. Une couleur riche, profonde, parfaitement homogène, des cheveux, même fragiles, protégés pour longtemps. || Temps de pause 30 minutes. Important : la coloration peut provoquer une réaction allergique qui, dans certains cas rares, peut être grave. Il est obligatoire, dans tous les cas, de faire un test d'allergie cutanée impérativement 48 heures avant chaque utilisation de ce produit (se conformer à la notice). Ne pas utiliser si : vous avez déjà réagi à un produit de coloration, vous avez le cuir chevelu irrité ou abîmé. Tatouage henné noir : si vous avez fait, même une seule fois, un tatouage au henné noir, vous risquez d'être devenue allergique sans le savoir. Eviter le contact du produit avec la peau et les yeux, ne pas employer pour la coloration des cils et des sourcils. Ne pas suivre cette consigne peut entraîner la cécité. Rincer immédiatement et abondamment les yeux si le produit entre en contact avec ceux-ci. Porter les gants appropriés fournis dans l'étui. Bien rincer les cheveux après application. Ne pas utiliser si vos cheveux ont été colorés par du henné ou une coloration progressive. Tenir hors de la portée des enfants, ne pas utiliser chez l'enfant. || Sérum protecteur : aqua, cetearyl alcohol, glycerin, trideceth-2 carboxamide mea, hydrolyzed oats, phenoxyethanol, ethylparaben, polyquaternium-22, pentasodium pentetate, 2-oléamido-1.3-octadecanediol, ceteareth-25, methylparaben, citric acid, hexadimethrine chloride, parfum (FIL C30548/2). Crème colorante : aqua, cetearyl alcohol, propylene glycol, deceth-3, laureth-12, ammonium hydroxide, oleth-30, hexadimethrine chloride, lauric acid, glycol distearate, polyquaternium-22, ethanolamine, silicadimethyl silylate, Cl77891/titanium dioxyde, p-aminophenol, m-aminophenol, ascorbic acid, sodium metabisulfite, 6-hydroxyindole, 2-methylresorcinol, dimethicone, pentasodium pentetate, linalool, proline, p-phenylenediamine, carbomer, thréonine, resorcinol, butylphenyl methylpropional, parfum (FIL C34169/1). Révélateur crème : aqua, hydrogen peroxide, cetearyl alcohol, sodium stannate, trideceth-2 carboxamide mea, pentasodium pentetate, phosphoric acid, ceteareth-25, tetrasodium pyrophosphate, glycerin (FIL C13169/25). Soin au céramide-protéine : aqua, cetearyl alcohol, glycerin, behentrimonium chloride, amodimethicone, cetyl esters, isopropyl alcohol, hydroxypropyltrimonium hydrolyzed wheat protein, trideceth-12, chlorhexidine dihydrochloride, panthenol, candelilla cera/ candelilla wax, 2-oleamido-1.3-octadecanediol, methylparaben, cetrimonium chloride, parfum (FIL C33378/1). Le révélateur contient de l'eau oxygénée. Le produit colorant contient des diaminobenzènes, de la résorcine, de l'ammoniaque. || 
12,04€ / Pce || 
12,04 € || 
Excellence Crème 5.6 Châtain Clair Auburn || La boîte || Origine : FRANCE || Crème Colorante Triple Protection : avant, pendant et après la coloration. Avant : le sérum protecteur innovation de L'Oréal Paris, soigne les parties abîmées des cheveux en particulier les pointes, il s'utilise avant la coloration. Vos cheveux sontprotégés, préparés à être colorés. Pendant : la crème colorante extra-protectrice d'Excellence Crème donne à vos cheveux une couleur riche et homogène qui couvre parfaitement les cheveux blancs, même les plus résistants. Excellence Crème ne coule pas, l'application est précise. Après : son soin au céramide-protéine, prévu pour plusieurs applications, prolonge la protection de vos cheveux jusqu'à la prochaine coloration.Résultat : une couverture parfaite des cheveux blancs. Une couleur riche, profonde, parfaitement homogène, des cheveux, même fragiles, protégés pour longtemps. || La coloration peut provoquer une réaction allergique qui, dans certains cas rares, peut être grave.Il est donc indispensable de respecter les consignes suiv antes : ne pas utiliser si vous avez déjà réagi à un produit de coloration, vous avez le cuirchevelu sensible, irrité ou abîmé. En cas de tatouage les risques d'allergie peuvent être accrus.Faire un test d'allergie cutanée impérativeme nt 48 heures avant chaque utilisation de ce produit (voir notice).Penser à ach eter votre produit à l'avance.Eviter le contact du produit avec la peau et les  yeux.Ne pas employer pour la coloration des cils et des sourcils.Ne pas suivr e cette consigne peut entraîner la cécité.Rincer immédiatement les yeux si le produit entre en contact avec ceux-ci. Portez les gants appropriés fournis dans l'étui. Bien rincer les cheveux après application.Ne pas utiliser si vos cheve ux ont été colorés par du henné ou une coloration progressive. Ne pas laisser à la portée des enfants.Ne pas utiliser chez l'enfant.Se conformer à la notice. || Sérum protecteur : aqua/water, cetearyl alcohol, glycerin, trideceth-2 carboxamide me hydrolyzed oats, phenoxyethanol, ethylparaben, polyquaternium-22, pentasodium pentetate, linalool, benzyl salicylate, benzyl benzoate, propylparaben, isobutylparaben, 2-oleamido-1.3-octadecanediol, geraniol, ceteareth-30, methylparaben, butylparaben, citric acid, citronellol, hexadimethrine chloride, amyl cinnamal, parfum/fragrance (fil c20949/1). Crème colorante : aqua/water, cetearyl alcohol, deceth-3, propylene glycol, laureth-12, ammonium hydroxide, oleth-30, hexadimethrine chloride, lauric acid, glycol distearate, polyquaternium-22, ethanolamine, silica dimethyl silylate, p-aminophenol, cl 77891/titanium dioxide, 4-amino-2-hydroxytoluene, m-aminophenol, ascorbic acid, hydroxybenzomorpholine, ammonium thiolactate, 2-methyl-5-hydroxyethylaminophenol, 2-methylresorcinol, dimethicone, pentasodium pentetate, linalool, p-phenylenediamine, carbomer, resorcinol, butylphenyl methylpropional, parfum/fragrance (c22134/1). Révélateur crème : aqua/water, hydrogen peroxide, cetearyl alcohol, sodium stannate, trideceth-2 carboxamide mea, pentasodium pentetate, ceteareth-30, tetrasodium pyrophosphate, glycerin (fil c13169/21). Soin au céramide-protéine : aqua/water, cetearyl alcohol, glycerin, behentrimonium chloride, amodimethicone, cetyl esters, isopropyl alcohol, hydroxypropyltrimonium hydrolyzed wheat protein, hydroxyisohexyl 3-cyclohexene carboxaldehyde, trideceth-12, chlorhexidine dihydrochloride, panthenol, candelilla cera/ candelilla wax, benzyl salicylate, 2-oleamido-1.3-octadecanediol, alpha-isomethyl ionone, methylparaben, cetrimonium chloride, citronellol, butylphenyl methylpropional, parfum/fragrance (fil c14267/3). || 
12,04€ / Pce || 
12,04 € || 
Excellence Crème 5 Châtain Clair || La boîte || Origine : BELGIQUE || Crème Colorante Triple Protection. Avant la Coloration : le sérum protecteur soigne les parties abîmées des cheveux, en particulier les pointes. Il s'utilise avant la coloration. Vos cheveux sont protégés, préparés à être colorés. Pendant la coloration : la crème colorante Extra-Protectrice donne à vos cheveux une couleur riche et homogène qui couvre parfaitement les cheveux blancs, même les plus résistants. Excellence Crème ne coule pas. Après la coloration : le soin au céramide-protéine, à lacontenance encore plus généreuse, prévu pour plusieurs applications, prolonge la protection de vos cheveux jusqu'à la prochaine coloration. Résultat : une couverture parfaite des cheveux blancs. Une couleur riche, profonde, parfaitement homogène. Descheveux, même fragiles, protégés pour longtemps. || La coloration peut provoquer une réaction allergique qui, dans certains cas rares, peut être grave.Il est donc indispensable de respecter les consignes suiv antes : ne pas utiliser si vous avez déjà réagi à un produit de coloration, vous avez le cuirchevelu sensible, irrité ou abîmé. En cas de tatouage les risqu es d'allergie peuvent être accrus.Faire un test d'allergie cutanée impérativem ent 48 heures avant chaque utilisation de ce produit (voir notice).Pensez à ac heter votre produit à l'avance.Evitez le contact du produit avec la peau et le s yeux.Ne pas employer pour la coloration des cils et des sourcils;Ne pas suivre cette consigne peut entraîner la cécité.Rincer immédiatement les yeux si le produit entre en contact avec ceux-ci.Portez les gants appropriés fournis dans  l'étui. Bien rincer les cheveux après application.Ne pas utiliser si vos chev  eux ont été colorés par du henné ou une coloration progressive.Ne pas laisser  à la portée des enfants.Ne pas utiliser chez l'enfant.Se conformer à la notice. || Sérum protecteur : aqua/water, cetearyl alcohol, glycerin, trideceth-2 carboxamide mea, hydrolyzed oats, phenoxyethanol, ethylparaben, polyquaternium-22, pentasodium pentetate, linalool, benzyl salicylate, benzyl benzoate, propylparaben, isobutylparaben, 2-oleamido-1.3-octadecanediol, geraniol, ceteareth-30, methylparaben, butylparaben, citric acid, citronellol, hexadimethrine chloride, amyl cinnamal, parfum/fragrance. (fil c20949/1). Crème colorante : aqua/water, cetearyl alcohol, propylene glycol, deceth-3, laureth-12, ammonium hydroxide, oleth-30, hexadimethrine chloride, lauric acid, glycol distearate, polyquaternium-22, ethanolamine, silica dimethyl silylate, cl77891/titanium dioxide,2.4-diaminophenoxyethanol hci, m-aminophenol, ascorbic acid, sodium metabisulfite, hydroxypropyl bis(n-hydroxyethyl-p-phenylenediamine) hci, dimethicone, pentasodium pentetate, n,n-bis(2-hydroxyethyl)-p-phenylenediamine sulfate, linalool, p-phenylenediamine, carbomer, resorcinol, butylphenyl methylpropional, parfum/fragrance (c21584/1). Révélateur crème : aqua/water, hydrogen peroxide, cetearyl alcohol, sodium stannate, trideceth-2 carboxamide mea, pentasodium pentetate, ceteareth-30, tetrasodium pyrophosphate, glycerin (fil c13169/21). Soin au céramide-protéine : aqua/water, cetearyl alcohol, glycerin, behentrimonium chloride, amodimethicone, cetyl esters, isopropyl alcohol, hydroxypropyltrimonium hydrolyzed wheat protein, hydroxyisohexyl 3-cyclohexene carboxaldehyde, trideceth-12, chlorhexidine dihydrochloride, panthenol, candelilla cera/ candelilla wax, benzyl salicylate, 2-oleamido-1.3-octadecanediol, alpha-isomethyl ionone, methylparaben, cetrimonium chloride, citronellol, butylphenyl methylpropional, parfum/fragrance (fil c14267/3). || Sérum protecteur : aqua/water, cetearyl alcohol, glycerin, trideceth-2 carboxamide mea, hydrolyzed oats, phenoxyethanol, ethylparaben, polyquaternium-22, pentasodium pentetate, linalool, benzyl salicylate, benzyl benzoate, propylparaben, isobutylparaben, 2-oleamido-1.3-octadecanediol, geraniol, ceteareth-30, methylparaben, butylparaben, citric acid, citronellol, hexadimethrine chloride, amyl cinnamal, parfum/fragrance. (fil c20949/1). Crème colorante : aqua/water, cetearyl alcohol, propylene glycol, deceth-3, laureth-12, ammonium hydroxide, oleth-30, hexadimethrine chloride, lauric acid, glycol distearate, polyquaternium-22, ethanolamine, silica dimethyl silylate, cl77891/titanium dioxide,2.4-diaminophenoxyethanol hci, m-aminophenol, ascorbic acid, sodium metabisulfite, hydroxypropyl bis(n-hydroxyethyl-p-phenylenediamine) hci, dimethicone, pentasodium pentetate, n,n-bis(2-hydroxyethyl)-p-phenylenediamine sulfate, linalool, p-phenylenediamine, carbomer, resorcinol, butylphenyl methylpropional, parfum/fragrance (c21584/1). Révélateur crème : aqua/water, hydrogen peroxide, cetearyl alcohol, sodium stannate, trideceth-2 carboxamide mea, pentasodium pentetate, ceteareth-30, tetrasodium pyrophosphate, glycerin (fil c13169/21). Soin au céramide-protéine : aqua/water, cetearyl alcohol, glycerin, behentrimonium chloride, amodimethicone, cetyl esters, isopropyl alcohol, hydroxypropyltrimonium hydrolyzed wheat protein, hydroxyisohexyl 3-cyclohexene carboxaldehyde, trideceth-12, chlorhexidine dihydrochloride, panthenol, candelilla cera/ candelilla wax, benzyl salicylate, 2-oleamido-1.3-octadecanediol, alpha-isomethyl ionone, methylparaben, cetrimonium chloride, citronellol, butylphenyl methylpropional, parfum/fragrance (fil c14267/3). || 
12,04€ / Pce || 
12,04 € || 
Excellence Crème 6.03 Châtain très clair lumineux || La boîte || Origine : FRANCE || Découvrez la coloration triple soin d'Excellence Crème : une technologie crème avancée qui associe 3 ingrédients soin : le céramide, la pro-kératine et le collagène. Résultat : une couleur riche longue-tenue, radieuse, éclatante de santé et sans aucun cheveu blanc. Des cheveux plus forts, souples et soyeux : ils sont 85% plus résistants au brushing. || Couverture : couvre 100% des cheveux blancs. Temps de pause : 30 minutes. Les colorants capillaires peuvent provoquer des réactions allergiques sévères. Lire et suivre les instructions. Ce produit n'est pas destiné à être utilisé sur les personnes demoins de 16 ans. Les tatouages temporaires noirs à base de henné peuvent augmenter le risque d'allergie. Ne vous colorez pas les cheveux si : vous présentez une éruption cutanée sur le visage ou si votre cuir chevelu est sensible, irrité ou abîmé, vous avez déjà fait une réaction après avoir coloré vos cheveux, vous avez fait par le passé une réaction à un tatouage temporaire noir à base de henné. Il est obligatoire de faire un test d'allergie cutanée impérativement 48 heures avant chaque utilisation de ce produit (se conformer à la notice). Penser à acheter votre produit à l'avance pour faire le test d'allergie cutanée 48 heures avant. Le révélateur crème contient de l'eau oxygénée. La crème colorante contient : de la résorcine, des phénylènediamines (toluènediamines), de l'ammoniaque. Eviter le contact du produit avec les yeux, ne pas employer pour la coloration des cils et des sourcils. Rincer immédiatement et abondamment les yeux si le produit entre en contact avec ceux-ci. Porterles gants appropriés fournis dans l'étui. Bien rincer les cheveux après application. Attendre 15 jours après un défrisage, une permanente ou un lissage durable pour appliquer la coloration. Ne pas utiliser si vos cheveux ont été colorés par du henné || Serum protecteur : aqua/water, cetearyl alcohol, glycerin, trideceth-2 carboxamide mea, hydrolyzed oats, polyquaternium-22, chlorhexidine digluconate, pentasodium pentetate, 2-oleamido-1.3-octadecanediol, ceteareth-25, citric acid, hexadimethrine chloride, parfum/fragrance (FIL C51515/1). Crème colorante : aqua/water, cetearyl alcohol, propylene glycol, deceth-3, laureth-12, ammonium hydroxide, oleth-30, hexadimethrine chloride, lauric acid, glycol distearate, polyquaternium-22, ethanolamine, silica dimethyl silylate, Cl77891/titanium dioxide, m-aminophenol, p-aminophenol, 2-amino-3-hydroxypyridine, ascorbic acid, sodium metabisulfite, thioglycerin, toluene-2,5-diamine, 2-methylresorcinol, dimethicone, pentasodium pentetate, linalool, proline, carbomer, threonine, resorcinol, butylphenyl methylpropional, parfum/fragrance (FIL C54218/1). Révélateur crème : aqua/water, hydrogen peroxide, cetearyl alcohol, sodium stannate, trideceth-2 carboxamide mea, pentasodium pentetate, phosphoric acid, ceteareth-25, tetrasodium pyrophosphate, glycerin (FIL C13169/25). Baume : aqua/water, cetearyl alcohol glycerin, behentrimonium chloride, amodimethicone, cetyl esters, isopropyl alcohol, sodium pca, hydroxypropyltrimonium hydrolyzed wheat protein, trideceth-6, chlorhexidine dihydrochloride, soluble collagen, panthenol, candelilla cera/candelilla wax, 2-oleamido-1,3- octadecanediol, cetrimonium chloride. Parfum/fragrance (FIL C52825/1). || 
12,86€ / Pce || 
12,86 € || 
Excellence Crème 6.30 Blond Foncé Doré || La boîte || Origine : FRANCE || Le cheveu est constitué majoritairement de kératine. La kératine joue un rôle déterminant pour sa santé et sa jeunesse. Avec le temps, il perd de sa kératine. Le nouveau Excellence Crème, enrichi en Pro-Kératine, le renforce et le revitalise. Sur cheveu renforcé, la couleur est pleine de vie, brillante et vous rajeunit. Résultat : une matière souple et soyeuse, une couleur riche et vivante, une couverture parfaite des cheveux blancs. || Temps de pause : 30 minutes. La coloration peut provoquer une réaction allergique qui, dans certains cas rares, peut être grave. Il est obligatoire, dans tous les cas, de faire un test d'allergie cutanée impérativement 48 heures avant chaque utilisation de ce produit (se conformer à la notice). Ne pas utiliser si : vous avez déjà réagi à un produit de coloration, vous avez le cuir chevelu irrité ou abîmé. Tatouage/henné noir : si vous avez fait, même une seule fois, un tatouage au henné noir, vous risquez d'être devenue allergique sans le savoir. Ne pas utiliser ce produit sans avoir effectué le test d'allergie cutanée, 48 heures avant l'utilisation du produit. Penser à acheter votre produit à l'avance pour faire le test d'allergie cutanée48 heures avant. Le révélateur contient de l'eau oxygénée. Le produit colorant contient des diaminobenzènes, de la résorcine, de l'ammoniaque. Eviter le contact du produit avec la peau et les yeux, ne pas employer pour la coloration des cils et des sourcils. Ne pas suivre cette consigne peut entraîner la cécité. Rincer immédiatement et abondamment les yeux si le produit entre en contact avec ceux-ci. Porter les gants appropriés fournis dans l'étui. Bien rincer les cheveux après application. Ne pas utiliser si vos cheveux ont été colorés par du henné ou une coloration progressive. Tenir hors de la portée des enfants. Ne pas utiliser chez l'enfant. || Sérum protecteur : aqua/water, cetearyl alcohol, glycerin, trideceth-2 carboxamide mea, hydrolyzed oats, phenoxyethanol, ethylparaben, polyquaternium-22, pentasodium pentetate, 2-oleamido-1,3-octadecanediol, ceteareth-25, methylparaben, citric acid,hexadimethrine chloride, parfum/fragrance (FIL C30548/2). Crème colorante : aqua/water, cetearyl alcohol, propylene glycol, deceth-3, laureth-12, ammonium hydroxide, oleth-30, hexadimethrine chloride, lauric acid, glycol distearate, polyquaternium-22, ethanolamine, silica dimethyl silylate, Cl77891/titanium dioxide, p-aminophenol, m-aminophenol, ascorbic acid, sodium metabisulfite, toluene-2,5-diamine, 2-methylresorcinol, 2-methyl-5-hydroxyethylaminophenol, dimethicone, pentasodium pentetate, linalool, proline, carbomer, threonine, resorcinol, butylphenyl methylpropional, parfum/fragrance (FIL C35760/1). Révélateur crème : aqua/water, hydrogen peroxide, cetearyl alcohol, sodium stannate, trideceth-2 carboxamide mea, pentasodium pentetate, phosphoric acid, ceteareth-25, tetrasodium pyrophosphate, glycerin (FIL C13169/25). Soin protecteur : aqua/water, cetearyl alcohol, glycerin, behentrimonium chloride, amodimethicone, cetyl esters, isopropyl alcohol, hydroxypropyltrimonium hydrolyzed wheat protein, trideceth-12, chlorhexidine dihydrochloride, panthenol, candelilla cera/candelilla wax, 2-oleamido-1,3-octadecanediol, methylparaben, cetrimonium chloride, parfum/fragrance (FIL C33378/1). || 
12,04€ / Pce || 
12,04 € || 
Excellence Crème 6.41 Noisette || La boîte || Origine : FRANCE || 
12,04€ / Pce || 
12,04 € || 
Excellence Crème 6.54 Blond Foncé Acajou Cuivré || La boîte || Origine : FRANCE || Crème Colorante Triple Protection : avant, pendant et après la coloration. Avant : le sérum protecteur innovation de L'Oréal Paris, soigne les parties abîmées des cheveux en particulier les pointes, il s'utilise avant la coloration. Vos cheveux sontprotégés, préparés à être colorés. Pendant : la crème colorante extra-protectrice d'Excellence Crème donne à vos cheveux une couleur riche et homogène qui couvre parfaitement les cheveux blancs, même les plus résistants. Excellence Crème ne coule pas, l'application est précise. Après : son soin au céramide-protéine, prévu pour plusieurs applications, prolonge la protection de vos cheveux jusqu'à la prochaine coloration. Résultat : une couverture parfaite des cheveux blancs. Une couleur riche, profonde, parfaitement homogène, des cheveux, même fragiles, protégés pour longtemps. || La coloration peut provoquer une réaction allergique qui, dans certains cas rares, peut être grave. Il est donc indispensable de respecter les consignes suivantes : ne pas utiliser si vous avez déjà réagi à un produit de coloration, vous avez le cuirchevelu sensible, irrité ou abîmé. En cas de tatouage les risques d'allergie peuvent être accrus. Faire un test d'allergie cutanée impérativement 48 heures avant chaque utilisation de ce produit (voir notice). Faire un test de votre produit à l'avance. Evitez le contact du produit avec la peau et les yeux.Ne pas employer pour la coloration des cils et des sourcils. Ne pas suivre cette consigne peut entraîner la cécité. Rincez immédiatement les yeux si le produit entre en contact avec ceux-ci. Portez des gants appropriés fournis dans l'étui. Bien rincer les cheveux après application. Ne pas utiliser si vos cheveux ont été colorés par du henné ou 1 coloration progressive. Ne pas laisser à la portée des enfants.Ne pas utiliser chez l'enfant.Se conformer à la notice. || Sérum protecteur : aqua/water, cetearyl alcohol, glycerin, trideceth-2 carboxamide mea, hydrolyzed oats, phenoxyethanol, ethylparaben, polyquaternium-22, pentasodium pentetate, linalool, benzyl salicylate, benzyl benzoate, propylparaben, isobutylparaben, 2-oleamido-1.3-octadecanediol, geraniol, ceteareth-30, methylparaben, butylparaben, citric acid, citronellol, hexadimethrine chloride, amyl cinnamal, parfum/fragrance (fil c20949/1). Crème colorante : aqua/water, cetearyl alcohol, propylene glycol, deceth-3, laureth-12, ammonium hydroxide, oleth-30, hexadimethrine chloride, lauric acid, glycol distearate, polyquaternium-22, ethanolamine, silica dimethyl silylate, cl 77891/titanium dioxide, p-aminophenol, 4-amino-2-hydroxytoluene, ascorbic acid, 2-methyl-5-hydroxyethylaminophenol, ammonium thiolactate, p-methylaminophenol sulfate, dimethicone, pentasodium pentetate, linalool, p-phenylenediamine, carbomer, resorcinol, butylphenyl methylpropional, parfum/fragrance (c22137/1). Révélateur crème : aqua/water, hydrogen peroxide, cetearyl alcohol, sodium stannate, trideceth-2 carboxamide mea, pentasodium pentetate, ceteareth-30, tetrasodium pyrophosphate, glycerin (fil c13169/21). Soin au céramide-protéine : aqua/water, cetearyl alcohol,glycerin, behentrimonium chloride, amodimethicone, cetyl esters, isopropyl alcohol, hydroxypropyltrimonium hydrolyzed wheat protein, hydroxyisohexyl 3-cyclohexene carboxaldehyde, trideceth-12, chlorhexidine dihydrochloride, panthenol, candelilla cera/ candelilla wax, benzyl salicylate, 2-oleamido-1.3-octadecanediol, alpha-isomethyl ionone, methylparaben, cetrimonium chloride, citronellol, butylphenyl methylpropional, parfum/fragrance (fil c21227/1). || 
12,04€ / Pce || 
12,04 € || 
Excellence Crème 6 Blond Foncé || La boîte || Origine : BELGIQUE || Avant : le sérum protecteur innovation de L'Oréal Paris, soigne les parties abîmées des cheveux en particulier les pointes, il s'utilise avant la coloration. Vos cheveux sont protégés, préparés à être colorés. Pendant : la crème colorante extra-protectrice d'Excellence Crème donne à vos cheveux une couleur riche et homogène qui couvre parfaitement les cheveux blancs, même les plus résistants. Excellence Crème ne coule pas, l'application est précise. Après : son soin au céramide-protéine, prévu pour plusieurs applications, prolonge la protection de vos cheveux jusqu'à la prochaine coloration.Résultat : une couverture parfaite des cheveux blancs. Une couleur riche, profonde, parfaitement homogène, des cheveux, même fragiles, protégés pour longtemps. || Sérum protecteur : aqua, cetearyl alcohol, glycerin, trideceth-2 carboxamide mea, hydrolyzed oats, phenoxyethanol, ethylparaben, polyquaternium-22, pentasodium pentetate, linalool, benzyl salicylate, benzyl benzoate, propylparaben, isobutylparaben, 2-oléamido-1.3-octadecanediol, geraniol, ceteareth-30, methylparaben, butylparaben, citric acid, citronellol, hexadimethrine chloride, amyl cinnamal, parfum (FIL C20949/1). Crème colorante : aqua, cetearyl alcohol, propylene glycol, deceth-3, laureth-12, ammonium hydroxide, oleth-30, hexadimethrine chloride, lauric acid, glycol distearate, polyquaternium-22, ethanolamine, silica dimethyl silylate, 2.4-diaminophenoxyethanol HCI, m-aminophenol, sodium metabisulfite, hydroxybenzomorpholine, TBHQ, pentasodium pentetate, linalool, p-phenylenediamine, carbomer, resorcinol, butylphenyl methylpropional, parfum (FIL C20861/1). Révélateur crème : aqua, hydrogen peroxide, cetearyl alcohol, sodium stannate, trideceth-2 carboxamide mea, pentasodium pentetate, ceteareth-30, tetrasodium pyrophosphate, glycerin (FIL C13169/21). Soin au céramide-protéine : aqua, cetearyl alcohol, glycerin, behentrimonium chloride, amodimethicone, cetyl esters, isopropyl alcohol, hydroxypropyltrimonium hydrolyzed wheat protein, hydroxyisohexyl 3-cyclohexene carboxaldehyde, trideceth-12, chlorhexidine dihydrochloride, panthenol, candelilla cera/ candelilla wax, benzyl salicylate, 2-oleamido-1.3-octadecanediol, alpha-isomethyl ionone, methylparaben, cetrimonium chloride, citronellol, butylphenyl methylpropional, parfum (FIL C14267/3). Le révélateur contient de l'eau oxygénée. Le produit colorant contient des diaminobenzènes, de la résorcine, de l'ammoniaque. || 
12,04€ / Pce || 
12,04 € || 
Excellence Crème 7.1 Blond Cendré || La boîte || Origine : FRANCE || Crème Colorante Triple Protection. Avant la coloration : le sérum protecteur, innovation de L'Oréal Paris, soigne les parties abîmées des cheveux en particulier les pointes, il s'utilise avant la coloration. Vos cheveux sont protégés, préparés à êtrecolorés. Pendant la coloration : la crème colorante extra-protectrice d'Excellence Crème donne à vos cheveux une couleur riche et homogène qui couvre parfaitement les cheveux blancs, même les plus résistants. Excellence Crème ne coule pas. Après lacoloration : le soin au céramide-protéine, à la contenance encore plus généreuse, prévu pour plusieurs applications, prolonge la protection de vos cheveux jusqu'à la prochaine coloration. Résultat : une couverture parfaite des cheveux blancs. Une couleur riche, profonde, parfaitement homogène. Des cheveux, mêmef ragiles, protégés pour longtemps. || La coloration peut provoquer une réaction allergique qui, dans certains cas rares, peut etre grave.;Il est donc indispensable de respecter les consignes suivantes : ne pas utiliser si vous avez déjà réagi à un produit de coloration, vous avez le cuirchevelu sensible, irrité ou abîmé.; en cas de tatouage les risques d'allergie peuvent être accrus.;Faire un test d'allergie cutanée impérativement 48 heures avant chaque utilisation de ce produit (voir notice).;Penser à acheter votre produit à l'avance.;Eviter le contact du produit avec la peau et les yeux;Ne pas employer pour la coloration des cils et des sourcils;Ne pas suivre cette consigne peut entraîner la cécité;Rincer immédiatement les yeux si le produit entre en contact avec ceux-ci.;porter les gants appropriés fournis dans l'étui.; bien rincer les cheveux après application.;Ne pas utiliser si vos cheveux ont été colorés par du henné ou une coloration progressive.;Ne pas laisser à la portée des enfants;Ne pas utiliser chez l'enfant;Se conformer à la notice. || Sérum protecteur : aqua/water, cetearyl alcohol, glycerin, trideceth-2 carboxamide mea, hydrolyzed oats, phenoxyethanol, ethylparaben, polyquaternium-22, pentasodium pentetate, linalool, benzyl salicylate, benzyl benzoate, propylparaben, isobutylparaben, 2-oleamido-1.3-octadecanediol, geraniol, ceteareth-30, methylparaben, butylparaben, citric acid, citronellol, hexadimethrine chloride, amyl cinnamal, parfum/fragrance (fil c20949/1 ). Crème colorante : aqua/water, cetearyl alcohol, propylene glycol, deceth-3, laureth-12, ammonium hydroxide, oleth-30, hexadimethrine chloride, lauric acid, glycol distearate, polyquaternium-22, ethanolamine, silica dimethyl silylate, cl7789/titanium dioxide, 2.4-diaminophenoxyethanol hci, m-aminophenol, ascorbic acid, sodium metabisulfite, hydroxybenzomorpholine, dimethicone, pentasodium pentetate, linalool, p-phenylenediamine, carbomer, resorcinol, butylphenyl methylpropional, parfum/fragrance (c25218/1). Révélateur crème : aqua/water, hydrogen peroxide,cetearyl alcohol, sodium stannate, trideceth-2 carboxamide mea, pentasodium pentetate, ceteareth-30, tetrasodium pyrophosphate, glycerin (fil c13169/21). Soin au céramide-protéine : aqua/water, cetearyl alcohol, glycerin, behentrimonium chloride, amodimethicone, cetyl esters, isopropyl alcohol, hydroxypropyltrimonium hydrolyzed wheat protein, hydroxyisohexyl 3-cyclohexene carboxaldehyde, trideceth-12, chlorhexidine dihydrochloride, panthenol, candelilla cera/ candelilla wax, benzyl salicylate,2-oleamido-1.3-octadecanediol, alpha-isomethyl ionone, methylparaben, cetrimonium chloride, citronellol, butylphenyl methylpropional, parfum/fragrance (fil c14267/3). || 
12,04€ / Pce || 
12,04 € || 
Excellence Crème 7.3 Blond Doré || La boîte || Origine : FRANCE || Avant : le sérum protecteur innovation de L'Oréal Paris, soigne les parties abîmées des cheveux en particulier les pointes, il s'utilise avant la coloration. Vos cheveux sont protégés, préparés à être colorés. Pendant : la crème colorante extra-protectrice d'Excellence Crème donne à vos cheveux une couleur riche et homogène qui couvre parfaitement les cheveux blancs, même les plus résistants. Excellence Crème ne coule pas, l'application est précise. Après : son soin au céramide-protéine, prévu pour plusieurs applications, prolonge la protection de vos cheveux jusqu'à la prochaine coloration. Résultat : une couverture parfaite des cheveux blancs. Une couleur riche, profonde, parfaitement homogène, des cheveux, même fragiles, protégés pour longtemps. || Sérum protecteur : aqua, cetearyl alcohol, glycerin, trideceth-2 carboxamide mea, hydrolyzed oats, phenoxyethanol, ethylparaben, polyquaternium-22, pentasodium pentetate, linalool, benzyl salicylate, benzyl benzoate, propylparaben, isobutylparaben, 2-oléamido-1.3-octadecanediol, geraniol, ceteareth-30, methylparaben, butylparaben, citric acid, citronellol, hexadimethrine chloride, amyl cinnamal, parfum (FIL C20949/1). Crème colorante : aqua, cetearyl alcohol, propylene glycol, deceth-3, laureth-12, ammonium hydroxide, oleth-30, hexadimethrine chloride, lauric acid, glycol distearate, polyquaternium-22, ethanolamine, silica dimethyl silylate, Cl77891/titanium dioxide, p-aminophenol, m-aminophenol, ascorbic acid, 6-hydroxyindole, ammonium thiolactate, 2-methylresorcinol, dimethicone, pentasodium pentetate, linalool, p-phenylenediamine, carbomer, resorcinol, butylphenyl methylpropional, parfum (FIL C22191/1). Révélateur crème : aqua, hydrogen peroxide, cetearyl alcohol, sodium stannate, trideceth-2 carboxamide mea, pentasodium pentetate, ceteareth-30, tetrasodium pyrophosphate, glycerin (FIL C13169/21). Soin au céramide-protéine : aqua, cetearyl alcohol, glycerin, behentrimonium chloride, amodimethicone, cetyl esters, isopropyl alcohol, hydroxypropyltrimonium hydrolyzed wheat protein, hydroxyisohexyl 3-cyclohexene carboxaldehyde, trideceth-12, chlorhexidine dihydrochloride, panthenol, candelilla cera/ candelilla wax, benzyl salicylate, 2-oleamido-1.3-octadecanediol, alpha-isomethyl ionone, methylparaben, cetrimonium chloride, citronellol, butylphenyl methylpropional, parfum (FIL C14267/3). Le révélateur contient de l'eau oxygénée. Le produit colorant contient des diaminobenzènes, de la résorcine, de l'ammoniaque. || 
12,04€ / Pce || 
12,04 € || 
Excellence Crème 7 Blond || La boîte || Origine : FRANCE || Crème Colorante Triple Protection : avant, pendant et après la coloration. Avant : le Sérum Protecteur Innovation de L'Oréal Paris, soigne les parties abîmées des cheveux en particulier les pointes, il s'utilise avant la coloration. Vos cheveux sontprotégés, préparés à être colorés. Pendant : la crème colorante extra-protectrice d'Excellence Crème donne à vos cheveux une couleur riche et homogène qui couvre parfaitement les cheveux blancs, même les plus résistants. Excellence Crème ne coule pas, l'application est précise. Après : son soin au Céramide-Protéine , prévu pour plusieurs applications, prolonge la protection de vos cheveux jusqu'à la prochaine coloration.Résultat : une couverture parfaite des cheveux blancs. Une couleur riche, profonde, parfaitement homogène, des cheveux, même fragiles, protégés pour longtemps. || La coloration peut provoquer une réaction allergique qui, dans certains cas rares, peut être grave. Il est donc indispensable de respecter les consignes suivantes : ne pas utiliser si vous avez déjà réagi à un produit de coloration, vous avez le cuirchevelu sensible, irrité ou abîmé. En cas de tatouage les risques d'allergie peuvent être accrus. Faire un test d'allergie cutanée impérativement 48 heures avant chaque utilisation de ce produit (voir notice). Pensez à acheter votre produit à l'avance. Evitez le contact du produit avec la peau et les yeux.Ne pas employer pour la coloration des cils et des sourcils. Ne pas suivre cette consigne peut entraîner la cécité.Rincez immédiatement les yeux si le produit entre en contact avec ceux-ci. Portez les gants appropriés fournis dans l'étui. Bien rincer les cheveux après application.Ne pas utiliser si vos chev  eux ont été colorés par du henné ou une coloration progressive. Ne pas laisser à la portée des enfants.Ne pas utiliser chez l'enfant. Se conformer à la notic e. || Sérum protecteur : aqua/water, cetearyl alcohol, glycerin, trideceth-2 carboxamide mea, hydrolyzed oats, phenoxyethanol, ethylparaben, polyquaternium-22, pentasodium pentetate, linalool, benzyl salicylate, benzyl benzoate, propylparaben, isobutylparaben, 2-oleamido-1.3-octadecanediol, geraniol,ceteareth-30, methylparaben, butylparaben, citric acid, citronellol, hexadimethrine chloride, amyl cinnamal, parfum/fragrance (fil c20949/1). Crème colorante : aqua/water, cetearyl alcohol, propylene glycol, deceth-3, laureth-12, ammonium hydroxide, oleth-30, hexadimethrine chloride, lauric acid, glycol distearate, polyquaternium-22, ethanolamine, silica dimethyl silylate, cl77891/titanium dioxide, 2.4-diaminophenoxyethanol hci, m-aminophenol, ascorbic acid, sodium metabisulfite, hydroxypropyl bis(n-hydroxyethyl-p-phenylenediamine) hcl, 2-methylresorcinol, dimethicone, pentasodium pentetate, linalool, p-phenylenediamine, carbomer, resorcinol, butylphenyl methylpropional, parfum/fragrance (c25232/1). Révélateur crème : aqua/water, hydrogen peroxide, cetearyl alcohol, sodium stannate, trideceth-2 carboxamide mea, pentasodium pentetate, ceteareth-30, tetrasodium pyrophosphate, glycerin (fil c13169/21). Soin au céramide-protéine : aqua/water, cetearyl alcohol, glycerin, behentrimonium chloride, amodimethicone, cetyl esters, isopropyl alcohol, hydroxypropyltrimonium hydrolyzed wheat protein, hydroxyisohexyl 3-cyclohexene carboxaldehyde, trideceth-12, chlorhexidine dihydrochloride, panthenol,candelilla cera/ candelilla wax, benzyl salicylate, 2-oleamido-1.3-octadecanediol, alpha-isomethyl ionone, methylparaben, cetrimonium chloride, citronellol, butylphenyl methylpropional, parfum/fragrance (fil c21227/1). || 
12,04€ / Pce || 
12,04 € || 
Excellence Crème 8.13 Blond Clair Beige || La boîte || Origine : FRANCE || 
12,04€ / Pce || 
12,04 € || 
Excellence Crème 8.1 Blond Clair Cendré || La boîte || Origine : FRANCE || Avant : le sérum protecteur innovation de L'Oréal Paris, soigne les parties abîmées des cheveux en particulier les pointes, il s'utilise avant la coloration. Vos cheveux sont protégés, préparés à être colorés. Pendant : la crème colorante extra-protectrice d'Excellence Crème donne à vos cheveux une couleur riche et homogène qui couvre parfaitement les cheveux blancs, même les plus résistants. Excellence Crème ne coule pas, l'application est précise. Après : son soin au céramide-protéine, prévu pour plusieurs applications, prolonge la protection de vos cheveux jusqu'à la prochaine coloration. Résultat : une couverture parfaite des cheveux blancs. Une couleur riche, profonde, parfaitement homogène, des cheveux, même fragiles, protégés pour longtemps. || Sérum protecteur : aqua, cetearyl alcohol, glycerin, trideceth-2 carboxamide mea, hydrolyzed oats, phenoxyethanol, ethylparaben, polyquaternium-22, pentasodium pentetate, linalool, benzyl salicylate, benzyl benzoate, propylparaben, isobutylparaben, 2-oléamido-1.3-octadecanediol, geraniol, ceteareth-30, methylparaben, butylparaben, citric acid, citronellol, hexadimethrine chloride, amyl cinnamal, parfum (FIL C20949/1). Crème colorante : aqua, cetearyl alcohol, propylene glycol, deceth-3, laureth-12, ammonium hydroxide, oleth-30, hexadimethrine chloride, lauric acid, glycol distearate, polyquaternium-22, ethanolamine, silica dimethyl silylate, 2.4-diaminophenoxyethanol HCI, m-aminophenol, sodium metabisulfite, hydroxypropyl bis (N-hydroxyethyl-p-phenylenediamine) HCI, TBHQ, pentasodium pentetate, linalool, p-phenylenediamine, carbomer, resorcinol, butylphenyl methylpropional, parfum (FIL C15214/3). Révélateur crème : aqua, hydrogen peroxide, cetearyl alcohol, sodium stannate, trideceth-2carboxamide mea, pentasodium pentetate, ceteareth-30, tetrasodium pyrophosphate, glycerin (FIL C13169/21). Soin au céramide-protéine : aqua, cetearyl alcohol, glycerin, behentrimonium chloride, amodimethicone, cetyl esters, isopropyl alcohol, hydroxypropyltrimonium hydrolyzed wheat protein, hydroxyisohexyl 3-cyclohexene carboxaldehyde, trideceth-12, chlorhexidine dihydrochloride, panthenol, candelilla cera/ candelilla wax, benzyl salicylate, 2-oleamido-1.3-octadecanediol, alpha-isomethyl ionone, methylparaben, cetrimonium chloride, citronellol, butylphenyl methylpropional, parfum (FIL C14267/3). Le révélateur contient de l'eau oxygénée. Le produit colorant contient des diaminobenzènes, de la résorcine, de l'ammoniaque. || 
12,04€ / Pce || 
12,04 € || 
Excellence Crème 8 Blond Clair || La boîte || Origine : FRANCE || Crème Colorante Triple Protection. Avant la coloration : le sérum protecteur, innovation de L'Oréal Paris, soigne les parties abîmées des cheveux en particulier les pointes, il s'utilise avant la coloration. Vos cheveux sont protégés, préparés à êtrecolorés. Pendant la coloration : la crème colorante extra-protectrice d'Excellence Crème donne à vos cheveux une couleur riche et homogène qui couvre parfaitement les cheveux blancs, même les plus résistants. Excellence Crème ne coule pas. Après lacoloration : le soin au Céramide-Protéine, à la contenance encore plus généreuse, prévu pour plusieurs applications, prolonge la protection de vos cheveux jusqu'à la prochaine coloration. Résultat : une couverture parfaite des cheveux blancs. Une couleur riche, profonde, parfaitement homogène. Des cheveux, mêmef ragiles, protégés pour longtemps. || La coloration peut provoquer une réaction allergique qui, dans certains cas rares, peut être grave.Il est donc indispensable de respecter les consignes suiv antes : ne pas utiliser si vous avez déjà réagi à un produit de coloration, vous avez le cuirchevelu sensible, irrité ou abîmé. En cas de tatouage les risques d'allergie peuvent être accrus.Faire un test d'allergie cutanée impérativeme nt 48 heures avant chaque utilisation de ce produit (voir notice).Pensez à ach eter votre produit à l'avance.Evitez le contact du produit avec la peau et les  yeux.Ne pas employer pour la coloration des cils et des sourcils.Ne pas suivr e cette consigne peut entraîner la cécité.Rincez immédiatement les yeux si le produit entre en contact avec ceux-ci.Porter les gants appropriés fournis dans  l'étui. Bien rincer les cheveux après application.Ne pas utiliser si vos chev  eux ont été colorés par du henné ou une coloration progressive. Ne pas laisser à la portée des enfants.Ne pas utiliser chez l'enfant.Se conformer à la notice. || Sérum protecteur : aqua/water, cetearyl alcohol, glycerin, trideceth-2 carboxamide mea, hydrolyzed oats, phenoxyethanol, ethylparaben, polyquaternium-22, pentasodium pentetate, linalool, benzyl salicylate, benzyl benzoate, propylparaben, isobutylparaben, 2-oleamido-1.3-octadecanediol, geraniol, ceteareth-30, methylparaben, butylparaben, citric acid, citronellol, hexadimethrine chloride, amyl cinnamal, parfum/fragrance (fil c20949/1). Crème colorante : aqua/water, cetearyl alcohol, propylene glycol, deceth-3, laureth-12, ammonium hydroxide, oleth-30, hexadimethrine chloride, lauric acid, glycol distearate, polyquaternium-22, ethanolamine, silica dimethyl silylate, Cl77891/titanium dioxide, m-aminophenol, ascorbic acid, sodium metabisulfite,hydroxybenzomorpholine, dimethicone, pentasodium pentetate, linalool, p-phenylenediamine, carbomer, resorcinol, butylphenyl methylpropional, parfum/fragrance (c22369/1). Révélateur crème : aqua/water, hydrogen peroxide, cetearyl alcohol, sodium stannate, trideceth-2 carboxamide mea, pentasodium pentetate, ceteareth-30, tetrasodium pyrophosphate, glycerin (fil c13169/21). Soin au céramide-protéine : aqua/water, cetearyl alcohol, glycerin, behentrimonium chloride, amodimethicone, cetyl esters, isopropyl alcohol, hydroxypropyltrimonium hydrolyzed wheat protein, hydroxyisohexyl 34ycl0hexene carboxaldehyde, trideceth-12, chlorhexidine dihydrochloride, panthenol, candelilla cera/ candelilla wax, benzyl salicylate, 2-oleamido-1.3-octadecanediol, alpha-isomethyl ionone, methylparaben, cetrimonium chloride, citronellol, butylphenyl methylpropional, parfum/fragrance (fil c14267/3). || 
12,04€ / Pce || 
12,04 € || 
Excellence Crème 9.3 Blond Très Clair Doré || La boîte || Origine : FRANCE || Crème Colorante Triple Protection. Avant : le sérum protecteur innovation de L'Oréal Paris, soigne les parties abîmées des cheveux en particulier les pointes, il s'utilise avant la coloration. Vos cheveux sont protégés, préparés à être colorés. Pendant : la crème colorante extra-protectrice d'Excellence Crème donne à vos cheveux une couleur riche et homogène qui couvre parfaitement les cheveux blancs, même les plus résistants. Excellence Crème ne coule pas, l'application est précise. Après : sonsoin au céramide-protéine, prévu pour plusieurs applications, prolonge la protection de vos cheveux jusqu'à la prochaine coloration. || Sérum protecteur : aqua, cetearyl alcohol, glycerin, trideceth-2 carboxamide mea, hydrolyzed oats, phenoxyethanol, ethylparaben, polyquaternium-22, pentasodium pentetate, linalool, benzyl salicylate, benzyl benzoate, propylparaben, isobutylparaben, 2-oleamido-1.3-octadecanediol, geraniol, ceteareth-30, methylparaben, butylparaben, citric acid, citronellol, hexadimethrine chloride, amyl cinnamal, parfum (FIL C20949/1 ). Crème colorante : aqua, cetearyl alcohol, propylene glycol, deceth-3, laureth-12, ammonium hydroxide, oleth-30, hexadimethrine chloride, lauric acid, glycol distearate, polyquaternium-22, ethanolamine, silica dimethyl silylate, p-aminophenol, m-aminophenol, sodium metabisulfite, TBHQ, 6-hydroxyindole, pentasodium pentetate, linalool, p-phenylenediamine, carbomer, resorcinol, butylphenyl methylpropional, parfum (FIL C15216/3). Révélateur crème : aqua, hydrogen peroxide, cetearyl alcohol, sodium stannate, trideceth-2 carboxamide mea, pentasodium pentetate, ceteareth-30, tetrasodium pyrophosphate, glycerin (FIL C13169/21). Soin au céramide-protéine : aqua, cetearyl alcohol, glycerin, behentrimonium chloride, amodimethicone, cetyl esters, isopropyl alcohol, hydroxypropyltrimonium hydrolyzed wheat protein, hydroxyisohexyl 3-cyclohexene carboxaldehyde, trideceth-12, chlorhexidine dihydrochloride, panthenol, candelilla cera/ candelilla wax, benzyl salicylate, 2-oleamido-1.3-octadecanediol, alpha-isomethyl ionone, methylparaben, cetrimonium chloride, citronellol, butylphenyl methylpropional, parfum (FIL C14267/3). Le révélateur contient de l'eau oxygénée. Le produit colorant contient des diaminobenzènes, de la résorcine, de l'ammoniaque. || 
12,04€ / Pce || 
12,04 € || 
Excellence Crème 9 Blond Très Clair || La boîte || Origine : FRANCE || Crème Colorante Triple Protection. Avant la coloration : le sérum protecteur, innovation de L'Oréal Paris, soigne les parties abîmées des cheveux en particulier les pointes, il s'utilise avant la coloration. Vos cheveux sont protégés, préparés à êtrecolorés. Pendant la coloration : la crème colorante extra-protectrice d'Excellence Crème donne à vos cheveux une couleur riche et homogène qui couvre parfaitement les cheveux blancs, même les plus résistants. Excellence Crème ne coule pas. Après lacoloration : le soin au Céramide-Protéine , à la contenance encore plus généreuse, prévu pour plusieurs applications, prolonge la protection de vos cheveux jusqu'à la prochaine coloration. Résultat : une couverture parfaite des cheveux blancs. Une couleur riche, profonde, parfaitement homogène. Des cheveux, même fragiles, protégés pour longtemps. || La coloration peut provoquer une réaction allergique qui, dans certains cas rares, peut être grave.Il est donc indispensable de respecter les consignes suiv antes : ne pas utiliser si vous avez déjà réagi à un produit de coloration, vous avez le cuirchevelu sensible, irrité ou abîmé. En cas de tatouage les risques d'allergie peuvent être accrus.Faire un test d'allergie cutanée impérativeme nt 48 heures avant chaque utilisation de ce produit (voir notice).Pensez à ac  heter votre produit à l'avance.Evitez le contact du produit avec la peau et le s yeux.Ne pas employer pour la coloration des cils et des sourcils.Ne pas suivre cette consigne peut entraîner la cécité.Rincez immédiatement les yeux si le produit entre en contact avec ceux-ci. Portez les gants appropriés fournis dans l'étui. Bien rincer les cheveux après application.Ne pas utiliser si vos cheve ux ont été colorés par du henné ou une coloration progressive. Ne pas laisser à la portée des enfants.Ne pas utiliser chez l'enfant.Se conformer à la notice. || Sérum protecteur : aqua/water, cetearyl alcohol, glycerin, trideceth-2 carboxamide mea, hydrolyzed oats, phenoxyethanol, ethylparaben, polyquaternium-22, pentasodium pentetate, linalool, benzyl salicylate, benzyl benzoate, propylparaben, isobutylparaben, 2-oleamido-1.3-octadecanediol, geraniol, ceteareth-30, methylparaben, butylparaben, citric acid, citronellol, hexadimethrine chloride, amyl cinnamal, parfum/fragrance (fil c20949/1).Crème colorante : aqua/water, cetearyl alcohol, propylene glycol, deceth-3, laureth-12, ammonium hydroxide, oleth-30, hexadimethrine chloride, lauric acid, glycol distearate, polyquaternium-22, ethanolamine, silica dimethyl silylate, cl77891/titanium dioxide, m-aminophenol, ascorbic acid, sodium metabisulfite, hydroxybenzomorpholine, dimethicone, pentasodium pentetate, linalool, p-phenylenediamine, carbomer, resorcinol, butylphenyl methylpropional, parfum/fragrance (c22177/1). Révélateur crème : aqua/water, hydrogen peroxide, cetearyl alcohol, sodium stannate, trideceth-2 carboxamide mea, pentasodium pentetate, ceteareth-30, tetrasodium pyrophosphate, glycerin (fil c13169/21). Soin au céramide-protéine : aqua/water, cetearyl alcohol, glycerin, behentrimonium chloride, amodimethicone, cetyl esters, isopropyl alcohol, hydroxypropyltrimonium hydrolyzed wheat protein, hydroxyisohexyl 34ycl0hexene carboxaldehyde, trideceth-12, chlorhexidine dihydrochloride, panthenol, candelilla cera/ candelilla wax, benzyl salicylate, 2-oleamido-1.3-octadecanediol, alpha-isomethyl ionone, methylparaben, cetrimonium chloride, citronellol, butylphenyl methylpropional, parfum/fragrance (fil c14267/3). || 
12,04€ / Pce || 
12,04 € || 
1.0 Noir absolu, Coloration permanente || La boîte de 174ml || Origine : FRANCE || Avec Olia, la coloration est un moment de plaisir : appréciez la texture veloutée du mélange de la crème colorante et de la crème révélatrice. Savourez son délicat parfum de fleurs, pendant l'application. L'huile peut faire bien plus que soigner voscheveux. Pour la 1ère fois, Garnier l'a concentrée au cour de la formule colorante pour garantir une expression maximale de la couleur et créer : une nouvelle ère en coloration. || Couvrance : 100 % des cheveux blancs. Temps de pause : 30 minutes. Les colorants capillaires peuvent provoquer des réactions allergiques sévères. Lire et suivre les instructions. Ce produit n'est pas destiné à être utilisé sur les personnes de moinsde seize ans. Les tatouages temporaires noirs à base de henné peuvent augmenter le risque d'allergie. Ne vous colorez pas les cheveux si : vous présentez une éruption cutanée sur le visage ou si votre cuir chevelu est sensible, irrité ou abîmé, vousavez déjà fait une réaction après avoir coloré vos cheveux, vous avez fait par le passé une réaction à un tatouage temporaire noir à base de henné. Il est obligatoire de faire un test d'allergie cutanée impérativement 48 heures avant chaque utilisation de ce produit (se conformer à la notice). Penser à acheter votre produit à l'avance pour faire le test d'allergie cutanée 48 heures avant. La crème révélatrice contient de l'eau oxygénée. La crème colorante contient des phenylenediamine (toluènediamines) et de la résorcine. Eviter le contact du produit avec les yeux, ne pas employer pour la coloration des cils et des sourcils. Rincer immédiatement et abondamment les yeux si le produit entre en contact avec ceux-ci. Porter les gants appropriésfournis dans l'étui. Bien rincer les cheveux après application. Attendre 15 jours après un défrisage, une permanente ou un lissage durable, pour appliquer la coloration. Ne pas utiliser si vos cheveux ont été colorés par du henné ou une coloration p || Crème colorante : paraffinum liquidum/mineral oil, aqua/water, ethanolamine, steareth-20, caprylyl/capryl glucoside, polysorbate 21, toluene-2,5-diamine, steareth-20, caprylyl/capryl glucoside, polysorbate 21, toluene-2,5-diamine, steareth-2, resorcinol, 2,4-diaminophenoxyethanol hcl, m-aminophenol, ascorbic acid, sodium metabisulfite, hydroxybenzomorpholine, thioglycerin, polyquaternium-67, helianthus annuus seed oil/sunflower seed oil, limnanthes alba seed oil/meadowfoam seed oil, camellia oleifera seed oil, n,n-bis(2-hydroxyethyl)-p-phenylenediamine sulfate, passiflora incarnata/passiflora incarnata seed oil, edta, parfum/fragrance (F.I.L. C53732/1). Crème révélatrice : aqua/water, paraffinum liquidum/mineral oil, cetearyl alcohol, hydrogen peroxide, steareth-20, peg-4 rapeseedamide, tocopherol, sodium stannate, polyquaternium-6, pentasodium pentetate, phosphoric acid, tetrasodium pyrophosphate, hexadimethrine chloride, glycerin (F.I.L. C42424/1). Soin brillance et toucher soie : aqua/water, cetearyl alcohol, behentrimonium chloride, cetyl esters, trideceth-6, chlorhexidine digluconate, amodimethicone, isopropyl alcohol, citric acid, cetrimonium chloride, parfum/fragrance (F.I.L. C53909/1). || 12 mois après ouverture. || 
12,56€ / Pce || 
12,56 € || 
10.0 Blond très clair, Coloration permanente sans ammoniaque || La boîte de 174ml || Origine : FRANCE || Avec Olia, la coloration est un moment de plaisir : appréciez la texture veloutée du mélange de la crème colorante et de la crème révélatrice. Savourez son délicat parfum de fleurs, pendant l'application. L'huile peut faire bien plus que soigner voscheveux. Pour la 1ère fois, Garnier l'a concentrée au cour de la formule colorante pour garantir une expression maximale de la couleur et créer : une nouvelle ère en coloration. || Couvrance : 100 % des cheveux blancs. Temps de pause : 30 minutes. Les colorants capillaires peuvent provoquer des réactions allergiques sévères. Lire et suivre les instructions. Ce produit n'est pas destiné à être utilisé sur les personnes de moinsde seize ans. Les tatouages temporaires noirs à base de henné peuvent augmenter le risque d'allergie. Ne vous colorez pas les cheveux si : vous présentez une éruption cutanée sur le visage ou si votre cuir chevelu est sensible, irrité ou abîmé, vousavez déjà fait une réaction après avoir coloré vos cheveux, vous avez fait par le passé une réaction à un tatouage temporaire noir à base de henné. Il est obligatoire de faire un test d'allergie cutanée impérativement 48 heures avant chaque utilisation de ce produit (se conformer à la notice). Penser à acheter votre produit à l'avance pour faire le test d'allergie cutanée 48 heures avant. La crème révélatrice contient de l'eau oxygénée. La crème colorante contient des phénylènediamines (toluènediamines) et de la résorcine. Eviter le contact du produit avec les yeux, ne pas employer pour la coloration des cils et des sourcils. Rincer immédiatement et abondamment les yeux si le produit entre en contact avec ceux-ci. Porter les gants appropriés fournis dans l'étui. Bien rincer les cheveux après application. Attendre 15 jours après un défrisage, une permanente ou un lissage durable, pour appliquer la coloration. Ne pas utiliser si vos cheveux ont été colorés par du henné ou une coloration || Crème colorante : paraffinum liquidum/mineral oil, aqua/water, ethanolamine, steareth-20, caprylyl/capryl glucoside, polysorbate 21, steareth-2, 2,4-diaminophenoxyethanol HCl, m-aminophenol, p-aminophenol, ascorbic acid, sodium metabisulfite, thioglycerin, polyquaternium-67, helianthus annuus seed oil/sunflower seed oil, toluene-2,5-di amine, limnanthes alba seed oil/meadowfoam seed oil, camellia oleifera seed oil, passiflora incarnata/passiflora incarnata seed oil, resorcinol, edta, parfum/fragrance (F.I.L. C53845/1). Crème révélatrice : aqua/water, paraffinum liquidum/mineral oil, hydrogen peroxide, cetearyl alcohol, steareth-20, peg-4 rapeseedamide, tocopherol, sodium stannate, polyquaternium-6, pentasodium pentetate, phosphoric acid, tetrasodium pyrophosphate, hexadimethrine chloride, glycerin (F.I.L. C41208/1). Soin brillance et toucher soie : aqua/water, cetearyl alcohol, behentrimonium chloride, cetyl esters, trideceth-6, chlorhexidine digluconate, amodimethicone, isopropyl alcohol, citric acid, cetrimonium chloride, parfum/fragrance (F.I.L. C53909/1). || 
12,56€ / Pce || 
12,56 € || 
3.0 Châtain foncé pur, Coloration permanente, Sans ammoniaque || La boîte de 174ml || Origine : FRANCE || Avec Olia, la coloration est un moment de plaisir : appréciez la texture veloutée du mélange de la crème colorante et de la crème révélatrice. Savourez son délicat parfum de fleurs, pendant l'application. L'huile peut faire bien plus que soigner voscheveux. Pour la 1ère fois, Garnier l'a concentrée au cour de la formule colorante pour garantir une expression maximale de la couleur et créer : une nouvelle ère en coloration. || Couvrance : 100 % des cheveux blancs. Temps de pause : 30 minutes. Les colorants capillaires peuvent provoquer des réactions allergiques sévères. Lire et suivre les instructions. Ce produit n'est pas destiné à être utilisé sur les personnes de moinsde seize ans. Les tatouages temporaires noirs à base de henné peuvent augmenter le risque d'allergie. Ne vous colorez pas les cheveux si : vous présentez une éruption cutanée sur le visage ou si votre cuir chevelu est sensible, irrité ou abîmé, vousavez déjà fait une réaction après avoir coloré vos cheveux, vous avez fait par le passé une réaction à un tatouage temporaire noir à base de henné. Il est obligatoire de faire un test d'allergie cutanée impérativement 48 heures avant chaque utilisation de ce produit (se conformer à la notice). Penser à acheter votre produit à l'avance pour faire le test d'allergie cutanée 48 heures avant. La crème révélatrice contient de l'eau oxygénée. La crème colorante contient des phénylènediamines (toluènediamines) et de la résorcine. Eviter le contact du produit avec les yeux, ne pas employer pour la coloration des cils et des sourcils. Rincer immédiatement et abondamment les yeux si le produit entre en contact avec ceux-ci. Porter les gants appropriés fournis dans l'étui. Bien rincer les cheveux après application. Attendre 15 jours après un défrisage, une permanente ou un lissage durable, pour appliquer la coloration. Ne pas utiliser si vos cheveux ont été colorés par du henné ou une coloration || Crème colorante : paraffinum liquidum/mineral oil, aqua/water, ethanolamine, steareth-20, caprylyl/capryl glucoside, polysorbate 21, toluène-2,5-diamine, steareth-2, resorcinol, 2,4-diaminophenoxyethanol HCl, m-aminophenol, ascorbic acid, sodium metabisulfite, hydroxybenzomorpholine, thioglycerin, polyquaternium-67, helianthus annuus seed oil/sunflower seed oil, limnanthes alba seed oil/meadowfoam seed oil, camellia oleifera seed oil, passiflora incarnata/passiflora incarnata seed oil, edta, parfum/fragrance (F.I.L. C53853/1). Crème révélatrice : aqua/water, paraffinum liquidum/mineral oil, cetearyl alcohol, hydrogen peroxide, steareth-20, peg-4 rapeseedamide, tocopherol, sodium stannate, polyquaternium-6, pentasodium pentetate, phosphoricacid, tetrasodium pyrophosphate, hexadimethrine chloride, glycerin (F.I.L. C42424/1). Soin brillance et toucher soie : aqua/water, cetearyl alcohol, behentrimonium chloride, cetyl esters, trideceth-6, chlorhexidine digluconate, amodimethicone, isopropyl alcohol, citric acid, cetrimonium chloride, parfum/fragrance (F.I.L. C53909/1) || 12 mois après ouverture. || 
12,56€ / Pce || 
12,56 € || 
4.0 Châtain pur, Coloration permanente, Sans ammoniaque || La boîte de 174ml || Origine : FRANCE || Avec Olia, la coloration est un moment de plaisir : appréciez la texture veloutée du mélange de la crème colorante et de la crème révélatrice. Savourez son délicat parfum de fleurs, pendant l'application. L'huile peut faire bien plus que soigner voscheveux. Pour la 1ère fois, Garnier l'a concentrée au cour de la formule colorante pour garantir une expression maximale de la couleur et créer : une nouvelle ère en coloration. || Couvrance : 100 % des cheveux blancs. Temps de pause : 30 minutes. Les colorants capillaires peuvent provoquer des réactions allergiques sévères. Lire et suivre les instructions. Ce produit n'est pas destiné à être utilisé sur les personnes de moinsde seize ans. Les tatouages temporaires noirs à base de henné peuvent augmenter le risque d'allergie. Ne vous colorez pas les cheveux si : vous présentez une éruption cutanée sur le visage ou si votre cuir chevelu est sensible, irrité ou abîmé, vousavez déjà fait une réaction après avoir coloré vos cheveux, vous avez fait par le passé une réaction à un tatouage temporaire noir à base de henné. Il est obligatoire de faire un test d'allergie cutanée impérativement 48 heures avant chaque utilisation de ce produit (se conformer à la notice). Penser à acheter votre produit à l'avance pour faire le test d'allergie cutanée 48 heures avant. La crème révélatrice contient de l'eau oxygénée. La crème colorante contient des phénylènediamines (toluènediamines) et de la résorcine. Eviter le contact du produit avec les yeux, ne pas employer pour la coloration des cils et des sourcils. Rincer immédiatement et abondamment les yeux si le produit entre en contact avec ceux-ci. Porter les gants appropriés fournis dans l'étui. Bien rincer les cheveux après application. Attendre 15 jours après un défrisage, une permanente ou un lissage durable, pour appliquer la coloration. Ne pas utiliser si vos cheveux ont été colorés par du henné ou une coloration || Crème colorante : paraffinum liquidum/mineral oil, aqua/water, ethanolamine, steareth-20, caprylyl/capryl glucoside, polysorbate 21, steareth-2, 2,4-diaminophenoxyethanol HCl, m-aminophenol, ascorbic acid, sodium metabisulfite, hydroxybenzomorpholine, thioglycerin, toluene-2,5-diamine, polyquaternium-67, helianthus annuus seed oil/sunflower seed oil, limnanthes alba seed oil/meadowfoam seed oil, camellia oleifera seed oil, resorcinol, passiflora incarnata/passiflora incarnata seed oil, edta, parfum/fragrance (F.I.L. C54593/1). Crème révélatrice : aqua/water, paraffinum liquidum/mineral oil, cetearyl alcohol, hydrogen peroxide, steareth-20, peg-4 rapeseedamide, tocopherol, sodium stannate, polyquaternium-6, pentasodium pentetate, phosphoricacid, tetrasodium pyrophosphate, hexadimethrine chloride, glycerin (F.I.L. C42424/1). Soin brillance et toucher soie : aqua/water, cetearyl alcohol, behentrimonium chloride, cetyl esters, trideceth-6, chlorhexidine digluconate, amodimethicone, isopropyl alcohol, citric acid, cetrimonium chloride, parfum/fragrance (F.I.L. C53909/1) || 12 mois après ouverture. || 
12,11€ / Pce || 
12,11 € || 
4.15 Marron glacé, Coloration permanente sans ammoniaque || La boîte de 174ml || Origine : FRANCE || Avec Olia, la coloration est un moment de plaisir : appréciez la texture veloutée du mélange de la crème colorante et de la crème révélatrice.  Savourez son délicat parfum de fleurs, pendant l'application. L'huile peut faire bien plus que soigner voscheveux. Pour la 1ère fois, Garnier l'a concentrée au cour de la formule colorante pour garantir une expression maximale de la couleur et créer : une nouvelle ère en coloration. || Couvrance : 100 % des cheveux blancs. Temps de pause : 30 minutes. Les colorants capillaires peuvent provoquer des réactions allergiques sévères. Lire et suivre les instructions. Ce produit n'est pas destiné à être utilisé sur les personnes de moinsde seize ans. Les tatouages temporaires noirs à base de henné peuvent augmenter le risque d'allergie. Ne vous colorez pas les cheveux si : vous présentez une éruption cutanée sur le visage ou si votre cuir chevelu est sensible, irrité ou abîmé, vousavez déjà fait une réaction après avoir coloré vos cheveux, vous avez fait par le passé une réaction à un tatouage temporaire noir à base de henné. Il est obligatoire de faire un test d'allergie cutanée impérativement 48 heures avant chaque utilisation de ce produit (se conformer à la notice). Penser à acheter votre produit à l'avance pour faire le test d'allergie cutanée 48 heures avant. La crème révélatrice contient de l'eau oxygénée. La crème colorante contient des phénylènediamines (toluènediamines) et de la résorcine. Eviter le contact du produit avec les yeux, ne pas employer pour la coloration des cils et des sourcils. Rincer immédiatement et abondamment les yeux si le produit entre en contact avec ceux-ci. Porter les gants appropriés fournis dans l'étui. Bien rincer les cheveux après application. Attendre 15 jours après un défrisage, une permanente ou un lissage durable, pour appliquer la coloration. Ne pas utiliser si vos cheveux ont été colorés par du henné ou une coloration || Crème colorante : paraffinum liquidum/mineral oil, aqua/water, ethanolamine, steareth-20, caprylyl/capryl glucoside, polysorbate 21, steareth-2, 2,4-diaminophenoxyethanol HCl, m-aminophenol, p-aminophenol, 2-amino-3-hydroxypyridine, ascorbic acid, sodium metabisulfite, 6-hydroxyindole, thioglycerin, toluene-2.5-diamine, polyquaternium-67, helianthus annuus seed oil/sunflower seed oil, limnanthes alba seed oil/meadowfoam seed oil, camellia oleifera seed oil, resorcinol, passiflora incarnata/passiflora incarnata seed oil, edta, parfum/fragrance (F.I.L. C54918/1). Crème révélatrice : aqua/water, paraffinum liquidum/mineral oil, cetearyl alcohol, hydrogen peroxide, steareth-20, peg-4 rapeseedamide, tocopherol, sodium stannate, polyquaternium-6,pentasodium pentetate, phosphoric acid, tetrasodium pyrophosphate, hexadimethrine chloride, glycerin (F.I.L. C42424/1). Soin brillance et toucher soie : aqua/water, cetearyl alcohol, behentrimonium chloride, cetyl esters, trideceth-6, chlorhexidinedigluconate, amodimethicone, isopropyl alcohol, citric acid, cetrimonium chloride, parfum/fragrance (F.I.L. C53909/1) || 12 mois après ouverture. || 
12,11€ / Pce || 
12,11 € || 
4.35 chocolat, Coloration permanente sans ammoniaque || La boite de 174ml || Origine : FRANCE || Aux huiles naturelles de fleurs. Sans ammoniaque. Puissance couleur maximale. Couvre 100% des cheveux blancs. Améliore visiblement la qualité du cheveu. Confort optimal du cuir chevelu. Succombez au délice de ce chocolat gourmand et vivez un moment de plaisir unique. || Ce kit comprend : 1 crème révélatrice : 60 g, 1 crème colorante : 60 g, 1 applicateur Olia, 1 soin brillance & toucher soie, réutilisable 54 ml, 1 paire de gants, 1 notice. Couvrance : 100% des cheveux blancs. Temps de pause : 30 minutes. Les colorants capillaires peuvent provoquer des réactions allergiques sévères. Lire et suivre les instructions. Ce produit n'est pas destiné à être utilisé sur les personnes de moins de seize ans. Les tatouages temporaires noirs à base de henné peuvent augmenter le risque d'allergie. Ne vous colorez pas les cheveux si : vous présentez une éruption cutanée sur le visage ou si votre cuir chevelu est sensible, irrité ou abîmé. Vous avez déjà fait une réaction après avoir coloré vos cheveux. Vous avez fait parle passé une réaction à un tatouage temporaire noir à base de henné. Il est obligatoire de faire un test d'alerte allergie impérativement 48 heures avant chaque utilisation de ce produit (se conformer à la notice). Penser à acheter votre produit à l'avance pour faire le test d'alerte allergie 48 heures avant. La crème révélatrice contient du peroxyde d'hydrogène. La crème colorante contient des phénylènediamines (toluènediamines) et de la résorcine. Éviter le contact du produit avec les yeux, ne pas employer pour la coloration des cils et des sourcils. Rincer immédiatement et abondamment les yeux si le produit entre en contact avec ceux-ci. Porter les gants appropriés fournis dans l'étui. Bien rincer les cheveux après application. Ne pas u || Crème colorante : paraffinum liquidum/mineral oil, aqua/water, ethanolamine, steareth-20, caprylyl/capryl glucoside, polysorbate 21, steareth-2, p-aminophenol, m-aminophenol, 2-amino-3-hydroxypyridine, 4-amino-2-hydroxytoluene, ascorbic acid, sodiummetabisulfite, 6-hydroxyindole, thioglycerin, toluene-2,5-diamine, plyquaternium-67,  helianthus annuus seed oil/sunflower seed oil, 2-methylresorcinol, limnanthes alba seed oil/meadowfoam seed oil, camellia oleifera seed oil, 2-methyl-5-hydroxyethylaminophenol, resorcinol, passiflora incarnata/passiflora  incarnata seed oil, edta, parfum/fragrance (FIL C162120/2). Crème révélatrice : aqua/water, paraffinum liquidum/mineral oil, cetearyl alcohol, hydrogen peroxide, steareth-20, peg-4 rapeseedamide, tocopherol, sodium stannate, polyquaternium-6, pentasodium pentetate, phosphoric acid, tetrasodium pyrophosphate, hexadimethrine chloride, glycerin (FIL C42424/1). Soin brillance et toucher soie : aqua/water, cetearyl alcohol, behentrimonium chloride, cetyl esters, trideceth-6, chlorhexidine digluconate, amodimethicone, isopropyl alcohol, citric acid, cetrimonium chloride, parfum/fragrance (FIL C53909/1). || 12 mois après ouverture. || 
12,56€ / Pce || 
12,56 € || 
4.6 Rouge-cerise profond, Coloration permanente || La boîte de 174ml || Origine : FRANCE || Avec Olia, la coloration est un moment de plaisir : appréciez la texture veloutée du mélange de la crème colorante et de la crème révélatrice. Savourez son délicat parfum de fleurs, pendant l'application. L'huile peut faire bien plus que soigner voscheveux. Pour la 1ère fois, Garnier l'a concentrée au cour de la formule colorante pour garantir une expression maximale de la couleur et créer : une nouvelle ère en coloration. || Couvrance : 100 % des cheveux blancs. Temps de pause : 30 minutes. Les colorants capillaires peuvent provoquer des réactions allergiques sévères. Lire et suivre les instructions. Ce produit n'est pas destiné à être utilisé sur les personnes de moinsde seize ans. Les tatouages temporaires noirs à base de henné peuvent augmenter le risque d'allergie. Ne vous colorez pas les cheveux si : vous présentez une éruption cutanée sur le visage ou si votre cuir chevelu est sensible, irrité ou abîmé, vousavez déjà fait une réaction après avoir coloré vos cheveux, vous avez fait par le passé une réaction à un tatouage temporaire noir à base de henné. Il est obligatoire de faire un test d'allergie cutanée impérativement 48 heures avant chaque utilisation de ce produit (se conformer à la notice). Penser à acheter votre produit à l'avance pour faire le test d'allergie cutanée 48 heures avant. La crème révélatrice contient de l'eau oxygénée. La crème colorante contient des phenylenediamine (toluènediamines) et de la résorcine. Eviter le contact du produit avec les yeux, ne pas employer pour la coloration des cils et des sourcils. Rincer immédiatement et abondamment les yeux si le produit entre en contact avec ceux-ci. Porter les gants appropriésfournis dans l'étui. Bien rincer les cheveux après application. Attendre 15 jours après un défrisage, une permanente ou un lissage durable, pour appliquer la coloration. Ne pas utiliser si vos cheveux ont été colorés par du henné ou une coloration p || Crème colorante : paraffinum liquidum/mineral oil, aqua/water, ethanolamine, steareth-20, caprylyl/capryl glucoside, polysorbate 21, steareth-2,1-hydroxyethyl4,5-diamino pyrazole sulfate, 4-amino-2-hydroxytoluene, 5-amino-6-chloro-0-cresol, ascorbicacid, sodium metabisulfite, thioglycerin, toluene-2,5-diamine, polyquaternium-67, helianthus annuus seed oil/sunflower seed oil, 2-methyl-5-hydroxyethylaminophenol, limnanthes alba seed oil/meadowfoam seed oil, camellia oleifera seed oil, passifloraincarnata/passiflora incarnata seed oil, edta, parfum/fragrance (F.I.L. C54587/1). Crème révélatrice : aqua/water, paraffinum liquidum/mineral oil, cetearyl alcohol, hydrogen peroxide, steareth-20, peg-4 rapeseedamide, tocopherol, sodium stannate, polyquaternium-6, pentasodium pentetate, phosphoric acid, tetrasodium pyrophosphate, hexadimethrine chloride, glycerin (F.I.L. C42424/1). Soin brillance et toucher soie : aqua/water, cetearyl alcohol, behentrimonium chloride, cetyl esters, trideceth-6,chlorhexidine digluconate, amodimethicone, isopropyl alcohol, citric acid, cetrimonium chloride, parfum/fragrance (F.I.L. C53909/1). || 12 mois après ouverture. || 
12,56€ / Pce || 
12,56 € || 
5.0 Châtain clair fondant, Coloration permanente, Sans ammoniaque || La boîte de 174ml || Origine : FRANCE || Avec Olia, la coloration est un moment de plaisir : appréciez la texture veloutée du mélange de la crème colorante et de la crème révélatrice. Savourez son délicat parfum de fleurs, pendant l'application. L'huile peut faire bien plus que soigner voscheveux. Pour la 1ère fois, Garnier l'a concentrée au cour de la formule colorante pour garantir une expression maximale de la couleur et créer : une nouvelle ère en coloration. || Couvrance : 100 % des cheveux blancs. Temps de pause : 30 minutes. Les colorants capillaires peuvent provoquer des réactions allergiques sévères. Lire et suivre les instructions. Ce produit n'est pas destiné à être utilisé sur les personnes de moinsde seize ans. Les tatouages temporaires noirs à base de henné peuvent augmenter le risque d'allergie. Ne vous colorez pas les cheveux si : vous présentez une éruption cutanée sur le visage ou si votre cuir chevelu est sensible, irrité ou abîmé, vousavez déjà fait une réaction après avoir coloré vos cheveux, vous avez fait par le passé une réaction à un tatouage temporaire noir à base de henné. Il est obligatoire de faire un test d'allergie cutanée impérativement 48 heures avant chaque utilisation de ce produit (se conformer à la notice). Penser à acheter votre produit à l'avance pour faire le test d'allergie cutanée 48 heures avant. La crème révélatrice contient de l'eau oxygénée. La crème colorante contient des phénylènediamines (toluènediamines) et de la résorcine. Eviter le contact du produit avec les yeux, ne pas employer pour la coloration des cils et des sourcils. Rincer immédiatement et abondamment les yeux si le produit entre en contact avec ceux-ci. Porter les gants appropriés fournis dans l'étui. Bien rincer les cheveux après application. Attendre 15 jours après un défrisage, une permanente ou un lissage durable, pour appliquer la coloration. Ne pas utiliser si vos cheveux ont été colorés par du henné ou une coloration || Crème colorante : paraffinum liquidum/mineral oil, aqua/water, ethanolamine, steareth-20, caprylyl/capryl glucoside, polysorbate 21, steareth-2, 2,4-diaminophenoxyethanol HCl, m-aminophenol, ascorbic acid, sodium metabisulfite, hydroxybenzomorpholine, thioglycerin, toluene-2,5-diamine, polyquaternium-67, helianthus annuus seed oil/sunflower seed oil, limnanthes alba seed oil/meadowfoam seed oil, camellia oleifera seed oil, resorcinol, passiflora incarnata/passiflora incarnata seed oil, edta, parfum/fragrance (F.I.L. C53731/1). Crème révélatrice : aqua/water, paraffinum liquidum/mineral oil, cetearyl alcohol, hydrogen peroxide, steareth-20, peg-4 rapeseedamide, tocopherol, sodium stannate, polyquaternium-6, pentasodium pentetate, phosphoricacid, tetrasodium pyrophosphate, hexadimethrine chloride, glycerin (F.I.L. C42424/1). Soin brillance et toucher soie : aqua/water, cetearyl alcohol, behentrimonium chloride, cetyl esters, trideceth-6, chlorhexidine digluconate, amodimethicone, isopropyl alcohol, citric acid, cetrimonium chloride, parfum/fragrance (F.I.L. C53909/1) || 12 mois après ouverture. || 
12,56€ / Pce || 
12,56 € || 
5.3 Châtain clair doré, permanente, Sans ammoniaque || La boîte de 174ml || Origine : FRANCE || Avec Olia, la coloration est un moment de plaisir : appréciez la texture veloutée du mélange de la crème colorante et de la crème révélatrice. Savourez son délicat parfum de fleurs, pendant l'application. L'huile peut faire bien plus que soigner voscheveux. Pour la 1ère fois, Garnier l'a concentrée au cour de la formule colorante pour garantir une expression maximale de la couleur et créer : une nouvelle ère en coloration. || Couvrance : 100 % des cheveux blancs. Temps de pause : 30 minutes. Les colorants capillaires peuvent provoquer des réactions allergiques sévères. Lire et suivre les instructions. Ce produit n'est pas destiné à être utilisé sur les personnes de moinsde seize ans. Les tatouages temporaires noirs à base de henné peuvent augmenter le risque d'allergie. Ne vous colorez pas les cheveux si : vous présentez une éruption cutanée sur le visage ou si votre cuir chevelu est sensible, irrité ou abîmé, vousavez déjà fait une réaction après avoir coloré vos cheveux, vous avez fait par le passé une réaction à un tatouage temporaire noir à base de henné. Il est obligatoire de faire un test d'allergie cutanée impérativement 48 heures avant chaque utilisation de ce produit (se conformer à la notice). Penser à acheter votre produit à l'avance pour faire le test d'allergie cutanée 48 heures avant. La crème révélatrice contient de l'eau oxygénée. La crème colorante contient des phénylènediamines (toluènediamines) et de la résorcine. Eviter le contact du produit avec les yeux, ne pas employer pour la coloration des cils et des sourcils. Rincer immédiatement et abondamment les yeux si le produit entre en contact avec ceux-ci. Porter les gants appropriés fournis dans l'étui. Bien rincer les cheveux après application. Attendre 15 jours après un défrisage, une permanente ou un lissage durable, pour appliquer la coloration. Ne pas utiliser si vos cheveux ont été colorés par du henné ou une coloration || Crème colorante : paraffinum liquidum/mineral oil, aqua/water, ethanolamine, steareth-20, caprylyl/capryl glucoside, polysorbate 21, steareth-2, p-aminophenol, m-aminophenol, 2-amino-3-hydroxypyridine, ascorbic acid, sodium metabisulfite, 6-hydroxyindole, thioglycerin, toluene-2,5-diamine, polyquaternium-67, helianthus annuus seed oil/sunflower seed oil, 2-methylresorcinol, limnanthes alba seed oil/meadowfoam seed oil, camellia oleifera seed oil, resorcinol, passiflora incarnata/passiflora incarnata seed oil, edta, parfum/fragrance (F.I.L. C53847/1). Crème révélatrice : aqua/water, paraffinum liquidum/mineral oil, cetearyl alcohol, hydrogen peroxide, steareth-20, peg-4 rapeseedamide, tocopherol, sodium stannate, polyquaternium-6, pentasodium pentetate, phosphoric acid, tetrasodium pyrophosphate, hexadimethrine chloride, glycerin (F.I.L. C42424/1). Soin brillance et toucher soie : aqua/water, cetearyl alcohol, behentrimonium chloride, cetyl esters, trideceth-6, chlorhexidine digluconate, amodimethicone, isopropyl alcohol, citric acid, cetrimonium chloride, parfum/fragrance (F.I.L. C53909/1) || 12 mois après ouverture. || 
12,11€ / Pce || 
12,11 € || 
5.5 Châtain clair acajou, permanente, Sans ammoniaque || La boîte de 174ml || Origine : FRANCE || Avec Olia, la coloration est un moment de plaisir : appréciez la texture veloutée du mélange de la crème colorante et de la crème révélatrice. Savourez son délicat parfum de fleurs, pendant l'application. L'huile peut faire bien plus que soigner voscheveux. Pour la 1ère fois, Garnier l'a concentrée au cour de la formule colorante pour garantir une expression maximale de la couleur et créer : une nouvelle ère en coloration. || Couvrance : 100 % des cheveux blancs. Temps de pause : 30 minutes. Les colorants capillaires peuvent provoquer des réactions allergiques sévères. Lire et suivre les instructions. Ce produit n'est pas destiné à être utilisé sur les personnes de moinsde seize ans. Les tatouages temporaires noirs à base de henné peuvent augmenter le risque d'allergie. Ne vous colorez pas les cheveux si : vous présentez une éruption cutanée sur le visage ou si votre cuir chevelu est sensible, irrité ou abîmé, vousavez déjà fait une réaction après avoir coloré vos cheveux, vous avez fait par le passé une réaction à un tatouage temporaire noir à base de henné. Il est obligatoire de faire un test d'allergie cutanée impérativement 48 heures avant chaque utilisation de ce produit (se conformer à la notice). Penser à acheter votre produit à l'avance pour faire le test d'allergie cutanée 48 heures avant. La crème révélatrice contient de l'eau oxygénée. La crème colorante contient des phénylènediamines (toluènediamines) et de la résorcine. Eviter le contact du produit avec les yeux, ne pas employer pour la coloration des cils et des sourcils. Rincer immédiatement et abondamment les yeux si le produit entre en contact avec ceux-ci. Porter les gants appropriés fournis dans l'étui. Bien rincer les cheveux après application. Attendre 15 jours après un défrisage, une permanente ou un lissage durable, pour appliquer la coloration. Ne pas utiliser si vos cheveux ont été colorés par du henné ou une coloration || Crème colorante : paraffinum liquidum/mineral oil, aqua/water, ethanolamine, steareth-20, caprylyl/capryl glucoside, polysorbate 21, steareth-2, p-aminophenol, 2-amino-3-hydroxypyridine, m-aminophenol, 4-amino-2-hydroxytoluene, ascorbic acid, sodiummetabisulfite, 6-hydroxyindole, thioglycerin, toluene-2,5-diamine, polyquaternium-67, helianthus annuus seed oil/sunflower seed oil, limnanthes alba seed oil/meadowfoam seed oil, camellia oleifera seed oil, resorcinol, passiflora incarnata/passifloraincarnata seed oil, edta, parfum/fragrance (F.I.L. C53849/1). Crème révélatrice : aqua/water, paraffinum liquidum/mineral oil, cetearyl alcohol, hydrogen peroxide, steareth-20, peg-4 rapeseedamide, tocopherol, sodium stannate, polyquaternium-6, pentasodium pentetate, phosphoric acid, tetrasodium pyrophosphate, hexadimethrine chloride, glycerin (F.I.L. C42424/1). Soin brillance et toucher soie : aqua/water, cetearyl alcohol, behentrimonium chloride, cetyl esters, trideceth-6, chlorhexidine digluconate, amodimethicone, isopropyl alcohol, citric acid, cetrimonium chloride, parfum/fragrance (F.I.L. C53909/1) || 12 mois après ouverture. || 
12,56€ / Pce || 
12,56 € || 
6,43 Miel cuivré, Coloration parmanente sans ammoniaque || La boite de 174ml || Origine : FRANCE || Aux huiles naturelles de fleurs. Sans ammoniaque. Puissance couleur maximale. Couvre 100% des cheveux blancs. Améliore visiblement la qualité du cheveu. Confort optimal du cuir chevelu. Découvrez ce châtain très clair, rehaussé de beaux reflets cuivrés et dorés, et vivez un moment de plaisir unique. || Ce kit comprend : 1 crème révélatrice : 60 g, 1 crème colorante : 60 g, 1 applicateur Olia, 1 soin brillance & toucher soie, réutilisable 54 ml, 1 paire de gants, 1 notice. Couvrance : 100% des cheveux blancs. Temps de pause : 30 minutes. Les colorants capillaires peuvent provoquer des réactions allergiques sévères. Lire et suivre les instructions. Ce produit n'est pas destiné à être utilisé sur les personnes de moins de seize ans. Les tatouages temporaires noirs à base de henné peuvent augmenter le risque d'allergie. Ne vous colorez pas les cheveux si : vous présentez une éruption cutanée sur le visage ou si votre cuir chevelu est sensible, irrité ou abîmé. Vous avez déjà fait une réaction après avoir coloré vos cheveux. Vous avez fait parle passé une réaction à un tatouage temporaire noir à base de henné. Il est obligatoire de faire un test d'alerte allergie impérativement 48 heures avant chaque utilisation de ce produit (se conformer à la notice). Penser à acheter votre produit à l'avance pour faire le test d'alerte allergie 48 heures avant. La crème révélatrice contient du peroxyde d'hydrogène. La crème colorante contient des phénylènediamines (toluènediamines) et de la résorcine. Éviter le contact du produit avec les yeux, ne pas employer pour la coloration des cils et des sourcils. Rincer immédiatement et abondamment les yeux si le produit entre en contact avec ceux-ci. Porter les gants appropriés fournis dans l'étui. Bien rincer les cheveux après application. Ne pas u || Crème colorante : paraffinum liquidum/mineral oil, aqua/water, ethanolamine, steareth-20, caprylyl/capryl glucoside, polysorbate 21, steareth-2, p-aminophenol, m-aminophenol, ascorbic acid, sodium metabisulfite, thioglycerin, polyquaternium-67, toluene-2,5-diamine, helianthus annuus seed oil/sunflower seed oil, 2-methyl-5-hydroxyethylaminophenol,  limnanthes alba seed oil/meadowfoam seed oil, camellia oleifera seed oil, resorcinol, passiflora incarnata / passiflora  incarnata seed oil, edta, parfum/fragrance (FIL C158188/1). Crème révélatrice : aqua/water, paraffinum liquidum/mineral oil, cetearyl alcohol, hydrogen peroxide, steareth-20, peg-4 rapeseedamide, tocopherol, sodium stannate, polyquaternium-6, pentasodium pentetate, phosphoric acid, tetrasodium pyrophosphate, hexadimethrine chloride, glycerin (FIL C42424/1). Soin brillance et toucher soie : aqua/water, cetearyl alcohol, behentrimonium chloride, cetyl esters, trideceth-6, chlorhexidine digluconate, amodimethicone, isopropyl alcohol, citric acid, cetrimonium chloride, parfum/ fragrance (FIL C53909/1). || 12 mois après ouverture. || 
12,56€ / Pce || 
12,56 € || 
6.0 Châtain très clair, Coloration permanente, Sans ammoniaque || La boîte de 174ml || Origine : FRANCE || Avec Olia, la coloration est un moment de plaisir : appréciez la texture veloutée du mélange de la crème colorante et de la crème révélatrice. Savourez son délicat parfum de fleurs, pendant l'application. L'huile peut faire bien plus que soigner voscheveux. Pour la 1ère fois, Garnier l'a concentrée au cour de la formule colorante pour garantir une expression maximale de la couleur et créer : une nouvelle ère en coloration. || Couvrance : 100 % des cheveux blancs. Temps de pause : 30 minutes. Les colorants capillaires peuvent provoquer des réactions allergiques sévères. Lire et suivre les instructions. Ce produit n'est pas destiné à être utilisé sur les personnes de moinsde seize ans. Les tatouages temporaires noirs à base de henné peuvent augmenter le risque d'allergie. Ne vous colorez pas les cheveux si : vous présentez une éruption cutanée sur le visage ou si votre cuir chevelu est sensible, irrité ou abîmé, vousavez déjà fait une réaction après avoir coloré vos cheveux, vous avez fait par le passé une réaction à un tatouage temporaire noir à base de henné. Il est obligatoire de faire un test d'allergie cutanée impérativement 48 heures avant chaque utilisation de ce produit (se conformer à la notice). Penser à acheter votre produit à l'avance pour faire le test d'allergie cutanée 48 heures avant. La crème révélatrice contient de l'eau oxygénée. La crème colorante contient des phénylènediamines (toluènediamines) et de la résorcine. Eviter le contact du produit avec les yeux, ne pas employer pour la coloration des cils et des sourcils. Rincer immédiatement et abondamment les yeux si le produit entre en contact avec ceux-ci. Porter les gants appropriés fournis dans l'étui. Bien rincer les cheveux après application. Attendre 15 jours après un défrisage, une permanente ou un lissage durable, pour appliquer la coloration. Ne pas utiliser si vos cheveux ont été colorés par du henné ou une coloration || Crème colorante : paraffinum liquidum/mineral oil, aqua/water, ethanolamine, steareth-20, caprylyl/capryl glucoside, polysorbate 21, steareth-2, m-aminophenol, ascorbic acid, sodium metabisulfite, thioglycerin, toluene-2,5-diamine, polyquaternium-67,helianthus annuus seed oil/sunflower seed oil, limnanthes alba seed oil/meadowfoam seed oil, camellia oleifera seed oil, resorcinol, passiflora incarnata/passiflora incarnata seed oil, edta, parfum/fragrance (F.I.L. C53848/1). Crème révélatrice : aqua/water, paraffinum liquidum/mineral oil, cetearyl alcohol, hydrogen peroxide, steareth-20, peg-4 rapeseedamide, tocopherol, sodium stannate, polyquaternium-6, pentasodium pentetate, phosphoric acid, tetrasodium pyrophosphate, hexadimethrine chloride, glycerin (F.I.L. C42424/1). Soin brillance et toucher soie : aqua/water, cetearyl alcohol, behentrimonium chloride, cetyl esters, trideceth-6, chlorhexidine digluconate, amodimethicone, isopropyl alcohol, citric acid, cetrimonium chloride, parfum/fragrance (F.I.L. C53909/1) || 12 mois après ouverture. || 
12,56€ / Pce || 
12,56 € || 
6.35 noisette, Coloration permanente sans ammoniaque || Le boite de 174ml || Origine : FRANCE || Aux huiles naturelles de fleurs. Sans ammoniaque. Puissance couleur maximale. Couvre 100% des cheveux blancs. Améliore visiblement la qualité du cheveu. Confort optimal du cuir chevelu. Craquez pour l'éclat de ce châtain noisette et vivez un moment de plaisir unique. || Ce kit comprend : 1 crème révélatrice : 60 g, 1 crème colorante : 60 g, 1 applicateur Olia, 1 soin brillance & toucher soie, réutilisable 54 ml, 1 paire de gants, 1 notice. Couvrance : 100% des cheveux blancs. Temps de pause : 30 minutes. Les colorants capillaires peuvent provoquer des réactions allergiques sévères. Lire et suivre les instructions. Ce produit n'est pas destiné à être utilisé sur les personnes de moins de seize ans. Les tatouages temporaires noirs à base de henné peuvent augmenter le risque d'allergie. Ne vous colorez pas les cheveux si : vous présentez une éruption cutanée sur le visage ou si votre cuir chevelu est sensible, irrité ou abîmé. Vous avez déjà fait une réaction après avoir coloré vos cheveux. Vous avez fait parle passé une réaction à un tatouage temporaire noir à base de henné. Il est obligatoire de faire un test d'alerte allergie impérativement 48 heures avant chaque utilisation de ce produit (se conformer à la notice). Penser à acheter votre produit à l'avance pour faire le test d'alerte allergie 48 heures avant. La crème révélatrice contient du peroxyde d'hydrogène. La crème colorante contient des phénylènediamines (toluènediamines) et de la résorcine. Éviter le contact du produit avec les yeux, ne pas employer pour la coloration des cils et des sourcils. Rincer immédiatement et abondamment les yeux si le produit entre en contact avec ceux-ci. Porter les gants appropriés fournis dans l'étui. Bien rincer les cheveux après application. Ne pas u || Crème colorante : paraffinum liquidum/mineral oil, aqua/water, ethanolamine, steareth-20, caprylyl/capryl glucoside, polysorbate 21, steareth-2, p-aminophenol, 2-amino-3-hydroxypyridine, m-aminophenol, ascorbic acid, sodium metabisulfite, thioglycerin, polyquaternium-67, toluene-2,5-diamine, helianthus annuus seed oil/sunflower seed oil limnanthes alba seed oil/meadowfoam seed oil, camellia oleifera seed oil, resorcinol, passiflora incarnata/passiflora  incarnata seed oil, edta, parfum/fragrance(FIL C158187/1). Crème révélatrice : aqua/water, paraffinum liquidum/mineral oil, cetearyl alcohol, hydrogen peroxide, steareth-20, peg-4 rapeseedamide, tocopherol, sodium stannate, polyquaternium-6, pentasodium pentetate, phosphoric acid, tetrasodium pyrophosphate, hexadimethrine chloride, glycerin (FIL C42424/1). Soin brillance et toucher soie : aqua/water, cetearyl alcohol, behentrimonium chloride, cetyl esters, trideceth-6, chlorhexidine digluconate, amodimethicone, isopropyl alcohol, citric acid, cetrimonium chloride, parfum/fragrance (FIL C53909/1). || 12 mois après ouverture. || 
12,56€ / Pce || 
12,56 € || 
6.3 Miel doré, Coloration permanente, Sans ammoniaque || La boîte de 174ml || Origine : FRANCE || Avec Olia, la coloration est un moment de plaisir : appréciez la texture veloutée du mélange de la crème colorante et de la crème révélatrice. Savourez son délicat parfum de fleurs, pendant l'application. L'huile peut faire bien plus que soigner voscheveux. Pour la 1ère fois, Garnier l'a concentrée au cour de la formule colorante pour garantir une expression maximale de la couleur et créer : une nouvelle ère en coloration. || Couvrance : 100 % des cheveux blancs. Temps de pause : 30 minutes. Les colorants capillaires peuvent provoquer des réactions allergiques sévères. Lire et suivre les instructions. Ce produit n'est pas destiné à être utilisé sur les personnes de moinsde seize ans. Les tatouages temporaires noirs à base de henné peuvent augmenter le risque d'allergie. Ne vous colorez pas les cheveux si : vous présentez une éruption cutanée sur le visage ou si votre cuir chevelu est sensible, irrité ou abîmé, vousavez déjà fait une réaction après avoir coloré vos cheveux, vous avez fait par le passé une réaction à un tatouage temporaire noir à base de henné. Il est obligatoire de faire un test d'allergie cutanée impérativement 48 heures avant chaque utilisation de ce produit (se conformer à la notice). Penser à acheter votre produit à l'avance pour faire le test d'allergie cutanée 48 heures avant. La crème révélatrice contient de l'eau oxygénée. La crème colorante contient des phénylènediamines (toluènediamines) et de la résorcine. Eviter le contact du produit avec les yeux, ne pas employer pour la coloration des cils et des sourcils. Rincer immédiatement et abondamment les yeux si le produit entre en contact avec ceux-ci. Porter les gants appropriés fournis dans l'étui. Bien rincer les cheveux après application. Attendre 15 jours après un défrisage, une permanente ou un lissage durable, pour appliquer la coloration. Ne pas utiliser si vos cheveux ont été colorés par du henné ou une coloration || Crème colorante : paraffinum liquidum/mineral oil, aqua/water, ethanolamine, steareth-20, caprylyl/capryl glucoside, polysorbate 21, steareth-2, p-aminophenol, m-aminophenol, 2-amino-3-hydroxypyridine, ascorbic acid, sodium metabisulfite, thioglycerin, polyquaternium-67, helianthus annuus seed oil/sunflower seed oil, 2-methylresorcinol, limnanthes alba seed oil/meadowfoam seed oil, camellia oleifera seed oil, resorcinol, passiflora incarnata/passiflora incarnata seed oil, edta, parfum/fragrance(F.I.L. C54916/1). Crème révélatrice : aqua/water, paraffinum liquidum/mineral oil, cetearyl alcohol, hydrogen peroxide, steareth-20, peg-4 rapeseedamide, tocopherol, sodium stannate, polyquaternium-6, pentasodium pentetate, phosphoric acid, tetrasodium pyrophosphate, hexadimethrine chloride, glycerin (F.I.L. C42424/1). Soin brillance et toucher soie : aqua/water, cetearyl alcohol, behentrimonium chloride, cetyl esters, trideceth-6, chlorhexidine digluconate, amodimethicone, isopropyl alcohol, citric acid, cetrimonium chloride, parfum/fragrance (F.I.L. C53909/1). || 12 mois après ouverture. || 
12,56€ / Pce || 
12,56 € || 
6.60 Rouge intense, Coloration permanente sans ammoniaque || La boîte de 174ml || Origine : FRANCE || Avec Olia, la coloration est un moment de plaisir : appréciez la texture veloutée du mélange de la crème colorante et de la crème révélatrice. Savourez son délicat parfum de fleurs, pendant l'application. L'huile peut faire bien plus que soigner voscheveux. Pour la 1ère fois, Garnier l'a concentrée au cour de la formule colorante pour garantir une expression maximale de la couleur et créer : une nouvelle ère en coloration. || Couvrance : 100 % des cheveux blancs. Temps de pause : 30 minutes. Les colorants capillaires peuvent provoquer des réactions allergiques sévères. Lire et suivre les instructions. Ce produit n'est pas destiné à être utilisé sur les personnes de moinsde seize ans. Les tatouages temporaires noirs à base de henné peuvent augmenter le risque d'allergie. Ne vous colorez pas les cheveux si : vous présentez une éruption cutanée sur le visage ou si votre cuir chevelu est sensible, irrité ou abîmé, vousavez déjà fait une réaction après avoir coloré vos cheveux, vous avez fait par le passé une réaction à un tatouage temporaire noir à base de henné. Il est obligatoire de faire un test d'allergie cutanée impérativement 48 heures avant chaque utilisation de ce produit (se conformer à la notice). Penser à acheter votre produit à l'avance pour faire le test d'allergie cutanée 48 heures avant. La crème révélatrice contient de l'eau oxygénée. La crème colorante contient des phénylènediamines (toluènediamines) et de la résorcine. Eviter le contact du produit avec les yeux, ne pas employer pour la coloration des cils et des sourcils. Rincer immédiatement et abondamment les yeux si le produit entre en contact avec ceux-ci. Porter les gants appropriés fournis dans l'étui. Bien rincer les cheveux après application. Attendre 15 jours après un défrisage, une permanente ou un lissage durable, pour appliquer la coloration. Ne pas utiliser si vos cheveux ont été colorés par du henné ou une coloration || Crème colorante : paraffinum liquidum/mineral oil, aqua/water, ethanolamine, steareth-20, caprylyl/capryl glucoside, polysorbate 21, steareth-2, 1-hydroxyethyl 4,5-diamino pyrazole sulfate, 4-amino-2-hydroxytoluene, 5-amino-6-chloro-o-cresol, p-aminophenol, ascorbic acid, sodium metabisulfite, thioglycerin, toluene-2,5-diamine, polyquaternium-67, helianthus annuus seed oil/sunflower seed oil, limnanthes alba seed oil/meadowfoam seed oil, camellia oleifera seed oil, passiflora incarnata/passiflora incarnata seed oil, edta, parfum/fragrance (F.I.L. C54590/1). Crème révélatrice : aqua/water, paraffinum liquidum/mineral oil, cetearyl alcohol, hydrogen peroxide, steareth-20, peg-4 rapeseedamide, tocopherol, sodium stannate, polyquaternium-6, pentasodium pentetate, phosphoric acid, tetrasodium pyrophosphate, hexadimethrine chloride, glycerin (F.I.L. C42424/1). Soin brillance et toucher soie : aqua/water, cetearyl alcohol, behentrimonium chloride, cetyl esters, trideceth-6, chlorhexidine digluconate, amodimethicone, isopropyl alcohol, citric acid, cetrimonium chloride, parfum/fragrance (F.I.L. C53909/1) || 12 mois après ouverture. || 
12,56€ / Pce || 
12,56 € || 
7.0 Blond foncé, Coloration permanente, Sans ammoniaque || La boîte de 174ml || Origine : FRANCE || Avec Olia, la coloration est un moment de plaisir : appréciez la texture veloutée du mélange de la crème colorante et de la crème révélatrice. Savourez son délicat parfum de fleurs, pendant l'application. L'huile peut faire bien plus que soigner voscheveux. Pour la 1ère fois, Garnier l'a concentrée au cour de la formule colorante pour garantir une expression maximale de la couleur et créer : une nouvelle ère en coloration. || Couvrance : 100 % des cheveux blancs. Temps de pause : 30 minutes. Les colorants capillaires peuvent provoquer des réactions allergiques sévères. Lire et suivre les instructions. Ce produit n'est pas destiné à être utilisé sur les personnes de moinsde seize ans. Les tatouages temporaires noirs à base de henné peuvent augmenter le risque d'allergie. Ne vous colorez pas les cheveux si : vous présentez une éruption cutanée sur le visage ou si votre cuir chevelu est sensible, irrité ou abîmé, vousavez déjà fait une réaction après avoir coloré vos cheveux, vous avez fait par le passé une réaction à un tatouage temporaire noir à base de henné. Il est obligatoire de faire un test d'allergie cutanée impérativement 48 heures avant chaque utilisation de ce produit (se conformer à la notice). Penser à acheter votre produit à l'avance pour faire le test d'allergie cutanée 48 heures avant. La crème révélatrice contient de l'eau oxygénée. La crème colorante contient des phénylènediamines (toluènediamines) et de la résorcine. Eviter le contact du produit avec les yeux, ne pas employer pour la coloration des cils et des sourcils. Rincer immédiatement et abondamment les yeux si le produit entre en contact avec ceux-ci. Porter les gants appropriés fournis dans l'étui. Bien rincer les cheveux après application. Attendre 15 jours après un défrisage, une permanente ou un lissage durable, pour appliquer la coloration. Ne pas utiliser si vos cheveux ont été colorés par du henné ou une coloration || Crème colorante : paraffinum liquidum/mineral oil, aqua/water, ethanolamine, steareth-20, caprylyl/capryl glucoside, polysorbate 21, steareth-2, m-aminophenol, p-aminophenol, ascorbic acid, sodium metabisulfite, thioglycerin, toluene-2,5-diamine, polyquaternium-67, helianthus annuus seed oil/sunflower seed oil, limnanthes alba seed oil/meadowfoam seed oil, camellia oleifera seed oil, resorcinol, passiflora incarnata/passiflora incarnata seed oil, edta, parfum/fragrance (F.I.L. C54591/1). Crème révélatrice : aqua/water, paraffinum liquidum/mineral oil, cetearyl alcohol, hydrogen peroxide, steareth-20, peg-4 rapeseedamide, tocopherol, sodium stannate, polyquaternium-6, pentasodium pentetate, phosphoric acid, tetrasodium pyrophosphate, hexadimethrine chloride, glycerin (F.I.L. C42424/1). Soin brillance et toucher soie : aqua/water, cetearyl alcohol, behentrimonium chloride, cetyl esters, trideceth-6, chlorhexidine digluconate, amodimethicone, isopropyl alcohol, citric acid, cetrimonium chloride, parfum/fragrance (F.I.L. C53909/1) || 12 mois après ouverture. || 
12,41€ / Pce || 
12,41 € || 
7.13 Blond beige foncé, Coloration permanente, Sans ammoniaque || La boîte de 174ml || Origine : FRANCE || Avec Olia, la coloration est un moment de plaisir : appréciez la texture veloutée du mélange de la crème colorante et de la crème révélatrice. Savourez son délicat parfum de fleurs, pendant l'application. L'huile peut faire bien plus que soigner voscheveux. Pour la 1ère fois, Garnier l'a concentrée au cour de la formule colorante pour garantir une expression maximale de la couleur et créer : une nouvelle ère en coloration. || Couvrance : 100 % des cheveux blancs. Temps de pause : 30 minutes. Les colorants capillaires peuvent provoquer des réactions allergiques sévères. Lire et suivre les instructions. Ce produit n'est pas destiné à être utilisé sur les personnes de moinsde seize ans. Les tatouages temporaires noirs à base de henné peuvent augmenter le risque d'allergie. Ne vous colorez pas les cheveux si : vous présentez une éruption cutanée sur le visage ou si votre cuir chevelu est sensible, irrité ou abîmé, vousavez déjà fait une réaction après avoir coloré vos cheveux, vous avez fait par le passé une réaction à un tatouage temporaire noir à base de henné. Il est obligatoire de faire un test d'allergie cutanée impérativement 48 heures avant chaque utilisation de ce produit (se conformer à la notice). Penser à acheter votre produit à l'avance pour faire le test d'allergie cutanée 48 heures avant. La crème révélatrice contient de l'eau oxygénée. La crème colorante contient des phénylènediamines (toluènediamines) et de la résorcine. Eviter le contact du produit avec les yeux, ne pas employer pour la coloration des cils et des sourcils. Rincer immédiatement et abondamment les yeux si le produit entre en contact avec ceux-ci. Porter les gants appropriés fournis dans l'étui. Bien rincer les cheveux après application. Attendre 15 jours après un défrisage, une permanente ou un lissage durable, pour appliquer la coloration. Ne pas utiliser si vos cheveux ont été colorés par du henné ou une coloration || Crème colorante : paraffinum liquidum/mineral oil, aqua/water, ethanolamine, steareth-20, caprylyl/capryl glucoside, polysorbate 21, steareth-2, 2,4-diaminophenoxyethanol HCl, p-aminophenol, m-aminophenol, ascorbic acid, sodium metabisulfite, thioglycerin, toluene-2,5-diamine, polyquaternium-67, helianthus annuus seed oil/sunflower seed oil, limnanthes alba seed oil/meadowfoam seed oil, camellia oleifera seed oil, 2-methylresorcinol, 2-methyl-5-hydroxyethylaminophenol, resorcinol, passiflora incarnata/passiflora incarnata seed oil, edta, parfum/fragrance (F.I.L. C54586/1). Crème révélatrice : aqua/water, paraffinum liquidum/mineral oil, cetearyl alcohol, hydrogen peroxide, steareth-20, peg-4 rapeseedamide, tocopherol, sodium stannate, polyquaternium-6, pentasodium pentetate, phosphoric acid, tetrasodium pyrophosphate, hexadimethrine chloride, glycerin (F.I.L. C42424/1). Soin brillance et toucher soie : aqua/water, cetearyl alcohol, behentrimonium chloride, cetyl esters, trideceth-6, chlorhexidine digluconate, amodimethicone, isopropyl alcohol, citric acid, cetrimonium chloride, parfum/fragrance (F.I.L. C53909/1) || 12 mois après ouverture. || 
12,56€ / Pce || 
12,56 € || 
8.31 Blond doré cendré, Coloration permanente, Sans ammoniaque || La boîte de 174ml || Origine : FRANCE || Avec Olia, la coloration est un moment de plaisir : appréciez la texture veloutée du mélange de la crème colorante et de la crème révélatrice. Savourez son délicat parfum de fleurs, pendant l'application. L'huile peut faire bien plus que soigner voscheveux. Pour la 1ère fois, Garnier l'a concentrée au cour de la formule colorante pour garantir une expression maximale de la couleur et créer : une nouvelle ère en coloration. || Couvrance : 100 % des cheveux blancs. Temps de pause : 30 minutes. Les colorants capillaires peuvent provoquer des réactions allergiques sévères. Lire et suivre les instructions. Ce produit n'est pas destiné à être utilisé sur les personnes de moinsde seize ans. Les tatouages temporaires noirs à base de henné peuvent augmenter le risque d'allergie. Ne vous colorez pas les cheveux si : vous présentez une éruption cutanée sur le visage ou si votre cuir chevelu est sensible, irrité ou abîmé, vousavez déjà fait une réaction après avoir coloré vos cheveux, vous avez fait par le passé une réaction à un tatouage temporaire noir à base de henné. Il est obligatoire de faire un test d'allergie cutanée impérativement 48 heures avant chaque utilisation de ce produit (se conformer à la notice). Penser à acheter votre produit à l'avance pour faire le test d'allergie cutanée 48 heures avant. La crème révélatrice contient de l'eau oxygénée. La crème colorante contient des phénylènediamines (toluènediamines) et de la résorcine. Eviter le contact du produit avec les yeux, ne pas employer pour la coloration des cils et des sourcils. Rincer immédiatement et abondamment les yeux si le produit entre en contact avec ceux-ci. Porter les gants appropriés fournis dans l'étui. Bien rincer les cheveux après application. Attendre 15 jours après un défrisage, une permanente ou un lissage durable, pour appliquer la coloration. Ne pas utiliser si vos cheveux ont été colorés par du henné ou une coloration || Crème colorante : paraffinum liquidum/mineral oil, aqua/water, ethanolamine, steareth-20, caprylyl/capryl glucoside, polysorbate 21, steareth-2, 2,4-diaminophenoxyethanol HCl, p-aminophenol, m-aminophenol, ascorbic acid, sodium metabisulfite, 6-hydroxyindole, thioglycerin, polyquaternium-67, toluene-2,5-diamine, helianthus annuus seed oil/sunflower seed oil, 2-methylresorcinol, limnanthes alba seed oil/meadowfoam seed oil, camellia oleifera seed oil, resorcinol, passiflora incarnata/passiflora incarnata seed oil, edta, parfum/fragrance (F.I.L. C54588/1). Crème révélatrice : aqua/water, paraffinum liquidum/mineral oil, hydrogen peroxide, cetearyl alcohol, steareth-20, peg-4 rapeseedamide, tocopherol, sodium stannate, polyquaternium-6, pentasodium pentetate, phosphoric acid, tetrasodium pyrophosphate, hexadimethrine chloride, glycerin (F.I.L. C41208/1). Soin brillance et toucher soie : aqua/water, cetearyl alcohol, behentrimonium chloride, cetyl esters, trideceth-6, chlorhexidine digluconate, amodimethicone, isopropyl alcohol, citric acid, cetrimonium chloride, parfum/fragrance (F.I.L. C53909/1). || 
12,56€ / Pce || 
12,56 € || 
9.0 Blond clair radieux, Coloration permanente || La boîte de 174ml || Origine : FRANCE || Avec Olia, la coloration est un moment de plaisir : appréciez la texture veloutée du mélange de la crème colorante et de la crème révélatrice. Savourez son délicat parfum de fleurs, pendant l'application. L'huile peut faire bien plus que soigner voscheveux. Pour la 1ère fois, Garnier l'a concentrée au cour de la formule colorante pour garantir une expression maximale de la couleur et créer : une nouvelle ère en coloration. || Couvrance : 100 % des cheveux blancs. Temps de pause : 30 minutes. Les colorants capillaires peuvent provoquer des réactions allergiques sévères. Lire et suivre les instructions. Ce produit n'est pas destiné à être utilisé sur les personnes de moinsde seize ans. Les tatouages temporaires noirs à base de henné peuvent augmenter le risque d'allergie. Ne vous colorez pas les cheveux si : vous présentez une éruption cutanée sur le visage ou si votre cuir chevelu est sensible, irrité ou abîmé, vousavez déjà fait une réaction après avoir coloré vos cheveux, vous avez fait par le passé une réaction à un tatouage temporaire noir à base de henné. Il est obligatoire de faire un test d'allergie cutanée impérativement 48 heures avant chaque utilisation de ce produit (se conformer à la notice). Penser à acheter votre produit à l'avance pour faire le test d'allergie cutanée 48 heures avant. La crème révélatrice contient de l'eau oxygénée. La crème colorante contient des phenylenediamine (toluènediamines) et de la résorcine. Eviter le contact du produit avec les yeux, ne pas employer pour la coloration des cils et des sourcils. Rincer immédiatement et abondamment les yeux si le produit entre en contact avec ceux-ci. Porter les gants appropriésfournis dans l'étui. Bien rincer les cheveux après application. Attendre 15 jours après un défrisage, une permanente ou un lissage durable, pour appliquer la coloration. Ne pas utiliser si vos cheveux ont été colorés par du henné ou une coloration p || Crème colorante : paraffinum liquidum/mineral oil, aqua/water, ethanolamine, steareth-20, caprylyl/capryl glucoside, polysorbate 21, steareth-2, 2,4-diaminophenoxyethanol hcl, p-aminophenol, m-aminophenol, ascorbic acid, sodium metabisulfite, thioglycerin, polyquaternium-67, toluene-2.5-diamine, helianthus annuus seed oil/sunflower seed oil, limnanthes alba seed oil/meadowfoam seed oil, camellia oleifera seed oil, resorcinol, passiflora incarnata/passiflora incarnata seed oil, edta, parfum/fragrance. (F.I.L. C54584/1). Crème révélatrice : aqua/water, paraffinum liquidum/mineral oil, hydrogen peroxide, cetearyl alcohol, steareth-20, peg-4 rapeseedamide, tocopherol, sodium stannate, polyquaternium-6, pentasodium pentetate, phosphoric acid, tetrasodium pyrophosphate, hexadimethrine chloride, glycerin (F.I.L. C41208/1). Soin brillance et toucher soie : aqua/water, cetearyl alcohol, behentrimonium chloride, cetyl esters, trideceth-6, chlorhexidine digluconate, amodimethicone, isopropyl alcohol, citric acid, cetrimonium chloride, parfum/fragrance (F.I.L. C53909/1). || 12 mois après ouverture. || 
12,56€ / Pce || 
12,56 € || 
9.3 Blond clair solaire, Coloration permanente || La boîte de 174ml || Origine : FRANCE || Avec Olia, la coloration est un moment de plaisir : appréciez la texture veloutée du mélange de la crème colorante et de la crème révélatrice. Savourez son délicat parfum de fleurs, pendant l'application. L'huile peut faire bien plus que soigner voscheveux. Pour la 1ère fois, Garnier l'a concentrée au cour de la formule colorante pour garantir une expression maximale de la couleur et créer : une nouvelle ère en coloration. || Couvrance : 100 % des cheveux blancs. Temps de pause : 30 minutes. Les colorants capillaires peuvent provoquer des réactions allergiques sévères. Lire et suivre les instructions. Ce produit n'est pas destiné à être utilisé sur les personnes de moinsde seize ans. Les tatouages temporaires noirs à base de henné peuvent augmenter le risque d'allergie. Ne vous colorez pas les cheveux si : vous présentez une éruption cutanée sur le visage ou si votre cuir chevelu est sensible, irrité ou abîmé, vousavez déjà fait une réaction après avoir coloré vos cheveux, vous avez fait par le passé une réaction à un tatouage temporaire noir à base de henné. Il est obligatoire de faire un test d'allergie cutanée impérativement 48 heures avant chaque utilisation de ce produit (se conformer à la notice). Penser à acheter votre produit à l'avance pour faire le test d'allergie cutanée 48 heures avant. La crème révélatrice contient de l'eau oxygénée. La crème colorante contient des phenylenediamine (toluènediamines) et de la résorcine. Eviter le contact du produit avec les yeux, ne pas employer pour la coloration des cils et des sourcils. Rincer immédiatement et abondamment les yeux si le produit entre en contact avec ceux-ci. Porter les gants appropriésfournis dans l'étui. Bien rincer les cheveux après application. Attendre 15 jours après un défrisage, une permanente ou un lissage durable, pour appliquer la coloration. Ne pas utiliser si vos cheveux ont été colorés par du henné ou une coloration p || Crème colorante : paraffinum liquidum/mineral oil, aqua/water, ethanolamine, steareth-20, caprylyl/capryl glucoside, polysorbate 21, steareth-2, p-aminophenol, m-aminophenol, ascorbic acid, sodium metabisulfite, glycerin, polyquaternium-67, toluene-2.5-diamine, helianthus annuus seed oil/sunflower seed oil, limnanthes alba seed oil/meadowfoam seed oil, camellia oleifera seed oil, resorcinol, passiflora incarnata/passiflora incarnata seed oil, edta, parfum/fragrance. (F.I.L. C53846/1). Crème révélatrice : aqua/water, paraffinum liquidum/mineral oil, hydrogen peroxide, cetearyl alcohol, steareth-20, peg-4 rapeseedamide, tocopherol, sodium stannate, polyquaternium-6, pentasodium pentetate, phosphoric acid, tetrasodium pyrophosphate, hexadimethrine chloride, glycerin (F.I.L. C41208/1). Soin brillance et toucher soie : aqua/water, cetearyl alcohol, behentrimonium chloride, cetyl esters, trideceth-6, chlorhexidine digluconate, amodimethicone, isopropyl alcohol, citric acid, cetrimonium chloride, parfum/fragrance (F.I.L. C53909/1). || 12 mois après ouverture. || 
12,56€ / Pce || 
12,56 € || 
Soin après coloration || Le tube de 54 ml || Origine : FRANCE || Pour embellir la couleur. || Appliquer après le shampooing sur cheveux mouillés. Laisser agir quelques minutes et rincer. En cas de contact avec les yeux, les rincer immédiatement et abondamment. || Aqua/water, cetearyl alcohol, behentrimonium chloride, cetyl esters, trideceth-6, chlorhexidine digluconate, amodimethicone, isopropyl alcohol, citric acid, cetrimonium chloride, parfum/fragrance (FIL C53909/1). || 12 mois après ouverture. || 
109,63€ / L || 
5,92 € || 
10,21 blond très clair perle, coloration permanente || La boîte de 174ml || Origine : FRANCE || Aux huiles naturelles de fleurs. Sans ammoniaque. Puissance couleur maximale. Couvre 100% des cheveux blancs. Améliore visiblement la qualité du cheveu. Confort optimal du cuir chevelu. Découvrez ce blond très clair aux reflets irisés et vivez un moment de plaisir unique. || Ce kit comprend : 1 crème révélatrice : 60 g, 1 crème colorante : 60 g, 1 applicateur Olia, 1 soin brillance & toucher soie, réutilisable 54 ml, 1 paire de gants, 1 notice. Couvrance : 100% des cheveux blancs. Temps de pause : 30 minutes. Les colorants capillaires peuvent provoquer des réactions allergiques sévères. Lire et suivre les instructions. Ce produit n'est pas destiné à être utilisé sur les personnes de moins de seize ans. Les tatouages temporaires noirs à base de henné peuvent augmenter le risque d'allergie. Ne vous colorez pas les cheveux si  : vous présentez une éruption cutanée sur le visage ou si votre cuir chevelu est sensible, irrité ou abîmé. Vous avez déjà fait une réaction après avoir coloré vos cheveux. Vous avez fait par le passé une réaction à un tatouage temporaire noir à base de henné. Il est obligatoire de faire un test d'alerte allergie impérativement 48 heures avant chaque utilisation de ce produit (se conformer à la notice). Penser à acheter votre produit àl'avance pour faire le test d'alerte allergie 48 heures avant. La crème révélatrice contient du peroxyde d'hydrogène. La crème colorante contient des diaminobenzènes, des phénylènediamines (toluènediamines) et de la résorcine. Éviter le contact du produit avec les yeux, ne pas employer pour la coloration des cils et des sourcils. Rincer immédiatement et abondamment les yeux si le produit entre en contact avec ceux-ci. Porter les gants appropriés fournis dans l'étui. Bien rincer les cheveux après || 12 mois après ouverture. || 
12,56€ / Pce || 
12,56 € || 
5.15 Chocolat glacé, Coloration permanente sans ammoniaque || La boite de 174ml || Origine : FRANCE || 
12,56€ / Pce || 
12,56 € || 
5.35 Brownie, Coloration permanente sans ammoniaque || La boite de 174ml || Origine : FRANCE || 
12,56€ / Pce || 
12,56 € || 
7.3 blond doré, coloration permanente || La boîte de 174ml || Origine : FRANCE || Aux huiles naturelles de fleurs. Sans ammoniaque. Puissance couleur maximale. Couvre 100% des cheveux blancs. Améliore visiblement la qualité du cheveu. Confort optimal du cuir chevelu. Découvrez ce blond chaud et lumineux et vivez un moment de plaisir unique. || Ce kit comprend : 1 crème révélatrice : 60 g, 1 crème colorante : 60 g, 1 applicateur Olia, 1 soin brillance & toucher soie, réutilisable 54 ml, 1 paire de gants, 1 notice. Couvrance : 100% des cheveux blancs. Temps de pause : 30 minutes. Les colorants capillaires peuvent provoquer des réactions allergiques sévères. Lire et suivre les instructions. Ce produit n'est pas destiné à être utilisé sur les personnes de moins de seize ans. Les tatouages temporaires noirs à base de henné peuvent augmenter le risque d'allergie. Ne vous colorez pas les cheveux si  : vous présentez une éruption cutanée sur le visage ou si votre cuir chevelu est sensible, irrité ou abîmé. Vous avez déjà fait une réaction après avoir coloré vos cheveux. Vous avez fait par le passé une réaction à un tatouage temporaire noir à base de henné. Il est obligatoire de faire un test d'alerte allergie impérativement 48 heures avant chaque utilisation de ce produit (se conformer à la notice). Penser à acheter votre produit àl'avance pour faire le test d'alerte allergie 48 heures avant. La crème révélatrice contient du peroxyde d'hydrogène. La crème colorante contient des phénylènediamines (toluènediamines) et de la résorcine. Éviter le contact du produit avec les yeux,ne pas employer pour la coloration des cils et des sourcils. Rincer immédiatement et abondamment les yeux si le produit entre en contact avec ceux-ci. Porter les gants appropriés fournis dans l'étui. Bien rincer les cheveux après application. Ne pas || 12 mois après ouverture. || 
12,56€ / Pce || 
12,56 € || 
7.40 Cuivré intense, Coloration permanente || La boite 174ml || Origine : FRANCE || L'huile peut faire bien plus que soigner vos cheveux. Pour la 1 ère fois, Garnier l'a concentrée au coeur de la formule colorante pour garantir une expression maximale de la couleur. Puissance couleur maximale, améliore visiblement la qualité du cheveu, application sensorielle unique. || Ce pack contient : 1 crème révélatrice, 1 crème colorante, 1 applicateur Olia, 1 soin brillance & toucher soie réutilisable, 1 paire de gants, 1 notice. Les colorants capillaires peuvent provoquer des réactions allergiques sévères. Lire et suivre lesinstructions. Ce produit nest pas destiné à être utilisé sur les personnes de moins de seize ans. Les tatouages temporaires noirs à base de henné peuvent augmenter le risque dallergie. Ne vous colorez pas les cheveux si : vous présentez une éruption cutanée sur le visage ou si votre cuir chevelu est sensible, irrité ou abîmé, vous avez déjà fait une réaction après avoir coloré vos cheveux, vous avez fait par le passé une réaction à un tatouage temporaire noir à base de henné. Il est obligatoire de faire un test dallergie cutanée impérativement 48 heures avant chaque utilisation de ce produit (se conformer à la notice). Penser à acheter votre produit à l'avance pour faire le test d'allergie cutanée 48 heures avant. La crème révélatrice contient du peroxyde d'hydrogène. Éviter le contact du produit avec les yeux, ne pas employer pour la coloration des cils et des sourcils. Rincer immédiatement et abondamment les yeux si le produit entre en contact avec ceux-ci. Porter les gants appropriés fournis dans létui. Bien rincer les cheveux après application. Attendre 15 jours après un défrisage, une permanente ou un lissage durable pour appliquer la coloration. Ne pas utiliser si vos cheveux ont été colorés par du henné ou une colorati || 
12,41€ / Pce || 
12,41 € || 
10,0 Porcelaine, Couleur Extraordinaire || Le kit || Origine : FRANCE || 
15,30€ / Pce || 
15,30 € || 
2,0 Kajal, Couleur Extraordinaire || Le kit || Origine : FRANCE || 
15,30€ / Pce || 
15,30 € || 
3,0 Khôl, Couleur Extraordinaire || Le kit || Origine : FRANCE || 
15,30€ / Pce || 
15,30 € || 
3,30 Bronze, Couleur Extraordinaire || Le kit || Origine : FRANCE || 
15,30€ / Pce || 
15,30 € || 
4,0 Cuir, Couleur Extraordinaire || Le kit || Origine : FRANCE || 
15,30€ / Pce || 
15,30 € || 
4,15 Arabica, Couleur Extraordinaire || Le kit || Origine : FRANCE || 
15,30€ / Pce || 
15,30 € || 
4,60 Carmin, Couleur Extraordinaire || Le kit || Origine : FRANCE || 
15,30€ / Pce || 
15,30 € || 
5,0 Alezan, Couleur Extraordinaire || Le kit || Origine : FRANCE || 
15,30€ / Pce || 
15,30 € || 
5,35 Chocolat, Couleur Extraordinaire || Le kit || Origine : FRANCE || 
15,30€ / Pce || 
15,30 € || 
6,0 Lin, Coloration Extraordinaire || Le kit || Origine : FRANCE || 
15,30€ / Pce || 
15,30 € || 
7,31 Camel, Couleur Extraordinaire || Le kit || Origine : FRANCE || 
15,30€ / Pce || 
15,30 € || 
7,42 Vermillon (cuivre raffiné), Couleur Extraordinaire || Le kit || Origine : FRANCE || 
15,30€ / Pce || 
15,30 € || 
8,0 Pierre de Lune (blond clair), Couleur Extraordinaire || Le kit || Origine : FRANCE || 
14,88€ / Pce || 
14,88 € || 
9,10 Blanc, Couleur Extraordinaire || Le kit || Origine : FRANCE || 
15,30€ / Pce || 
15,30 € || 
722 blond, coloration permanente, couleur soie, toucher velours || La boîte || Origine : ALLEMAGNE || Découvrez le nouveau Soyance à la soie et au Q10, une coloration permanente aussi douce pour vos cheveux qu'une coloration ton sur ton, pour une couleur riche, longue durée avec jusqu'à -20% de cheveux fragilisés et toujours 100% de couverture des cheveux blancs. || Une utilisation facile et sûre : videz le contenu du tube de soie liquide et de la crème soin colorante dans le flacon d'émulsion révélatrice. Agitez vigoureusement et appliquez immédiatement sur cheveux secs. Le mélange s'applique facilement et ne coule pas. Rincez abondamment la coloration après 30 minutes. Laissez ensuite poser le baume soin réparateur au Q10 pendant 2 minutes puis rincer abondamment. Attention : contient de l'eau oxygénée, des diaminotoluènes et de la résorcine. Peut provoquer une réaction allergique. Eviter le contact du produit avec les yeux. Rincer immédiatement les yeux si le produit entre en contact avec ceux-ci. Ne pas employer pour la coloration des cils et des sourcils. Bien rincer les cheveux après application.Porter des gants appropriés. Garder hors de la portée des enfants. Se conformer à la notice. Les colorants pour cheveux peuvent provoquer des réactions allergiques qui peuvent être graves dans de rares cas. Les tatouages peuvent accroître le risqued'allergie à ce produit. Effectuez un test de sensibilité de la peau 48 heures avant l'utilisation de cette coloration, même si vous avez déjà utilisé des produits de coloration avant. Ainsi il est préférable d'acheter le produit 48 heures à l'avance. A ne pas utiliser si : vous avez déjà eu une réaction à des produits de coloration,  votre cuir chevelu est sensible, irrité ou s'il présente des lésions. Dans ces cas-là, consultez un médecin avant d'utiliser tout produit colorant. Lisez et suivez || Crème colorante : aqua, cetearyl alcohol, ammonium hydroxide, coconut alcohol, sodium laureth-6-carboxylate, sodium myreth sulfate, serine, acrylamidopropyltrimonium chloride/acrylates copolymer, ammonium sulfate, coco-glucoside, ceteareth-12, ceteareth-20, glyceryl oleate, toluene-2,5-diamine sulfate, sodium sulfite, sodium silicate, etidronic acid, resorcinol, ascorbic acid, 4-chlororesorcinol, 2-methylresorcinol, m-aminophenol, parfum. Emulsion révélatrice : aqua, hydrogen peroxide, acrylatescopolymer, etidronic acid, sodium laureth sulfate, 2,6-dicarboxypyridine, disodium pyrophosphate, dimethicone. Baume soin réparateur : aqua, cetearyl alcohol, quaternium-27, isopropyl myristate, propylene glycol, distearoylethyl hydroxyethylmonium methosulfate, citric acid, phenoxyethanol, stearamidopropyl dimethylamine, parfum, ceteareth-20, glyceryl stéarate, sodium methylparaben, niacinamide, panthenol, linalool, ubiquinone. Soie liquide : aqua, sodium laureth sulfate, disodium cocoamphodiacetate, peg-7 glyceryl cocoate, glycol distearate, sodium chloride, laureth-4, polyquaternium-10, sodium benzoate, cocamidopropyl betaine, hydrolyzed silk, parfum, butylène glycol, hydrogenated castor oil, salicylic acid, laurdimonium hydroxypropyl hydrolyzed wheat protein, sericin, panthenol, hydrolyzed wheat protein, mica, glycerin, limonene, potassium sorbate, phenoxyethanol, hexyl cinnamal, formic acid, citronellol, coumarin, methylparaben, sodium acétate, linalool, Cl 77891. || A utiliser dans les 12 mois après ouverture. || 
10,29€ / Pce || 
10,29 € || 
Châtain 724, crème colorante durable, couleur soie, toucher velours || La boîte de 145,5ml || Origine : ALLEMAGNE || La qualité professionnelle à domicile : experts du cheveu depuis plus de 100 ans, les professionnels Schwarzkopf mettent toute leur expertise à votre service, pour que vous puissiez utiliser chez vous des colorations de qualité professionnelle. La performance couleur : les colorations Schwarzkopf sont formulées à partir de pigments de haute qualité qui rendent votre couleur naturelle, intense et très longue durée. Le respect du cheveu : les colorations Schwarzkopf sont particulièrement douces etcontiennent des ingrédients de soin actifs qui protègent votre fibre capillaire pour des cheveux souples et soyeux. || La praticité d'utilisation : tous les produits Schwarzkopf ont été conçus pour être utilisés facilement à domicile.  Attention : contient de l'eau oxygénée. Peut provoquer une réaction allergique. Éviter le contact du produit avec les yeux. Rincer immédiatement les yeux si le produit entre en contact avec ceux-ci. Ne pas employer pour la coloration des cils et des sourcils. Bien rincer les cheveux après application. Porter des gants appropriés. Garder hors de la portée des enfants. Se conformerà la notice. Les colorants pour cheveux peuvent provoquer des réactions allergiques qui peuvent être graves dans de rares cas. Les tatouages peuvent accroître le risque d'allergie à ce produit. Effectuez un test de sensibilité de la peau 48heures avant l'utilisation de cette coloration, même si vous avez déjà utilisé des produits de coloration avant. Ainsi il est préférable d'acheter le produit 48 heures à l'avance. A ne pas utiliser si vous avez déjà eu une réaction à des produits de coloration. Votre cuir chevelu est sensible, irrité ou s'il présente des lésions. Dans ces cas-là, consultez un médecin avant d'utiliser tout produit colorant. Lisez et suivez attentivement les instructions dans le mode d'emploi du produit. ce produit n'est pas destiné à être utilisé sur des enfants. || Crème colorante : aqua, cetearyl alcohol, ammonium hydroxide, coconut alcohol, sodium laureth-6-carboxylate, sodium myreth sulfate, coco-glucoside, acrylamidopropyltrimonium chloride/acrylates copolymer, ammonium sulfate, ceteareth-12, ceteareth-20,glyceryl oleate, sodium silicate, sodium sulfite, etidronic acid, ascorbic acid, parfum, (+/- toluene-2.5-diamine sulfate, tetraaminopyrimidine sulfate, 4-amino-m-cresol, hydroxyethyl-p-phenylenediamine sulfate, resorcinol, 2-methylresorcinol, 4-chlororesorcinol, 2-amino-3-hydroxypyridine, 2-amino-4-hydroxyethylaminoanisole sulfate, 1.3-bis-(2.4-diaminophenoxy)-propane hci, 6-methoxy-2-methylamino-3-aminopyridine hcl, 5-amino-6-chloro-0-cresol, m-aminophenol, 4-amino-2-hydroxytoluene, 2.7-naphthalenediol, hydroxyethyl-2-nitro-p-toluidine, 2-amino-6-chloro-4-nitrophenol, 2.4-diaminophenoxyethanol hcl, 1-hydroxyethyl 4.5-diaminopyrazole sulfate, 2.2'-methylenebis-4-aminophenol hcl, 1.5-naphthalenediol). Emulsion révélatrice : aqua, hydrogen peroxide, acrylates copolymer, etidronic acid, sodium laureth sulfate, 2.6-dicarboxypyridine, disodium pyrophosphate, dimethicone. Baume soin réparateur : aqua, quaternium-87, cetearyl alcohol, propylene glycol, isopropyl myristate, distearoylethyl hydroxyethylmonium methosulfate, sodium pca, citric acid, phenoxyethanol, stearamidopropyl dimethylamine, parfum, polyquaternium-37, ceteareth-20, glyceryl stearate, sodium methylparaben, propylene glycol dicaprylate/dicaprate, prunus armeniaca, laurdimonium hydroxypropyl hydrolyzed wheat protein, panthenol, ppg-1trideceth-6, citronellol. Soie liquide : aqua, sodium laureth sulfate, disodium cocoamphodiacetate, peg-7 glyceryl cocoate, glycol 1 distearate, sodium chloride, laureth-4, citric acid, polyquaternium-10, sodium benzoate, cocamidopropyl betaine, hydrolyzed silk, parfum, hydrogenated castor oil, salicyl acid, laurdimonium hydroxypropyl hydrolyzed wheat protein, sericin, panthenol, hydrolyzed wheat protein, mica, ethanolamine, glycerin, limonene, sorbic acid, phenoxyethanol, hexyl cinnamal, formic acid, citronellol, coumarin, methylparaben, linalool, Cl17200, Cl77891. || 
10,29€ / Pce || 
10,29 € || 
Chatain cuivre R3, Kit racines coloration permanente || La boite de 22ml || Origine : ALLEMAGNE || Coloration permanente pour retoucher les tempes, les racines et autres zones de repousse des cheveux. || Versez la crème colorante et l'émulsion révélatrice dans la barquette. Mélangez jusqu'à l'obtention d'une consistance homogène. Appliquez le mélange sur les racines et le long des contours du visage. Après le temps de pose, rincez abondamment. Les colorants capillaires peuvent provoquer des réactions allergiques sévères. Lire et suivre les instructions. Ce produit nest pas destiné à être utilisé sur les personnes de moins de 16 ans. Les tatouages temporaires noirs à base de henné peuvent augmenter le risque dallergie. Ne vous colorez pas les cheveux si vous présentez une éruption cutanée sur le visage ou si votre cuir chevelu est sensible, irrité ou abîmé. Si vous avez déjà fait une réaction après avoir coloré vos cheveux. Si vous avez fait par le passé une réaction à un tatouage temporaire noir à base de henné. Contient du peroxyde dhydrogène, des phénylènediamines (toluènediamines) et de la résorcine. Eviter le contact du produit avec les yeux. Rincer immédiatement les yeux si leproduit entre en contact avec ceux-ci. Ne pas utiliser pour teindre les cils ou les sourcils. Bien rincer les cheveux après application. Porter des gants appropriés. Effectuez un test dalerte allergie 48h avant toute application dune coloration, même si vous avez déjà utilisé des produits de coloration auparavant. Pensez donc à acheter le produit 48h à lavance. En cas de précédente réaction à un produit de coloration ou en cas de doute, consultez un médecin avant dutiliser tout produit color || 
8,85€ / Pce || 
8,85 € || 
Crème colorante durable, couleur soie, toucher velours, 704 blond très clair || La boîte de 142,7 ml || Origine : ALLEMAGNE || Découvrez le nouveau Soyance à la soie et au Q10, une coloration permanente aussi douce pour vos cheveux qu'une coloration ton sur ton, pour une couleur riche, longue durée avec jusqu'à -20% de cheveux fragilisés et toujours 100% de couverture des cheveux blancs. || Crème colorante : aqua, cetearyl alcohol, ammonium hydroxide, coconut alcohol, sodium laureth-6-carboxylate, sodium myreth sulfate, serine, ammonium sulfate, acrylamidopropyltrimonium chloride/acrylates copolymer, coco-glucoside, ceteareth-12, ceteareth-20, glyceryl oleate, sodium sulfite, sodium silicate, etidronic acid, ascorbic acid, toluene-2.5-diamine sulfate, 4-amino-m-cresol, 4-chlororesorcinol, resorcinol, m-aminophenol, parfum. Emulsion révélatrice : aqua, hydrogen peroxide, acrylates copolymer, etidronic acid, sodium laureth sulfate, 2.6-dicarboxypyridine, disodium pyrophosphate, dimethicone. Baume soin réparateur : aqua, cetearyl alcohol, quaternium-27, isopropyl myristate, propylene glycol, distearoylethyl hydroxyethylmonium methosulfate, citric acid, phenoxyethanol, stearamidopropyl dimethylamine, parfum, ceteareth-20, glyceryl stéarate, sodium methylparaben, niacinamide, panthenol, linalool, ubiquinone. Soie liquide : aqua, sodium laureth sulfate, disodium cocoamphodiacetate, peg-7 glyceryl cocoate, glycol distearate, sodium chloride, laureth-4, polyquaternium-10, sodium benzoate, cocamidopropyl betaine, hydrolyzed silk, parfum, butylène glycol, hydrogenated castor oil, salicylic acid, laurdimonium hydroxypropyl hydrolyzed wheat protein, sericin, panthenol, hydrolyzed wheat protein, mica, glycerin, limonene, potassium sorbate, phenoxyethanol, hexyl cinnamal, formic acid, citronellol, coumarin, methylparaben, sodium acetate, linalool, Cl77891. || Une utilisation facile et sûre : videz le contenu du tube de soie liquide et de la crème soin colorante dans le flacon d'émulsion révélatrice. Agitez vigoureusement et appliquez immédiatement sur cheveux secs. Le mélange s'applique facilement et ne coule pas. Rincez abondamment la coloration après 30 minutes. Laissez ensuite poser le baume soin réparateur au Q10 pendant 2 minutes puis rincer abondamment. Attention : contient de l'eau oxygénée, des diaminotoluènes et de la résorcine. Peut provoquer une réaction allergique. Eviter le contact du produit avec les yeux. Rincer immédiatement les yeux si le produit entre en contact avec ceux-ci. Ne pas employer pour la coloration des cils et des sourcils. Bien rincer les cheveux après application.Porter des gants appropriés. Garder hors de la portée des enfants. Se conformer à la notice. Les colorants pour cheveux peuvent provoquer des réactions allergiques qui peuvent être graves dans de rares cas. Les tatouages peuvent accroître le risqued'allergie à ce produit. Effectuez un test de sensibilité de la peau 48 heures avant l'utilisation de cette coloration, même si vous avez déjà utilisé des produits de coloration avant. Ainsi il est préférable d'acheter le produit 48 heures à l'avance. A ne pas utiliser si : vous avez déjà eu une réaction à des produits de coloration,  votre cuir chevelu est sensible, irrité ou s'il présente des lésions. Dans ces cas-là, consultez un médecin avant d'utiliser tout produit colorant. Lisez et suivez || A utiliser dans les 12 mois après ouverture. || 
10,29€ / Pce || 
10,29 € || 
Kit racines, nuances châtain clair à châtain, coloration permanente, s'adapte à toutes les colorations, en seulement 10min. || La boîte de 22ml || Origine : ALLEMAGNE || Avec Soyance Kitracines de Schwarzkopf, vous pouvez retoucher vos racines entre deux colorations, en seulement 10 minutes !Pour 100% de retouche des cheveux blancs et un résultat qui s'accorde avec votre couleur actuelle. || S'adapte à toutes les colorations. Attention : contient de l'eau oxygénée, des diaminotoluènes et de la résorcine. Peut provoquer une réaction allergique. Eviter le contact du produit avec les yeux. Rincer immédiatement les yeux si le produit entre en contact avec ceux-ci. Ne pas employer pour la coloration des cils et des sourcils. Bien rincer les cheveux après application. Porter des gants appropriés. Garder hors de la portée des enfants. Se conformer à la notice. Les colorants pour cheveux peuvent provoquer des réactions allergiques qui peuvent être graves dans de rares cas. Les tatouages peuvent accroître le risque d'allergie à ce produit. Effectuez un test de sensibilité de la peau 48 heures avant l'utilisation de cette coloration, même si vous avez déjà utilisé des produits de coloration avant. Ainsi il est préférable d'acheter le produit 48 heures à l'avance. A ne pas utiliser si : vous avez déjà eu une réaction à des produits de coloration, votre cuir chevelu est sensible, irrité ou s'il présente des lésions. Dans ces cas-là, consultez un médecin avant d'utiliser tout produit colorant. lisez et suivez attentivement les instructions dans le mode d'emploi du produit. Ce produit n'est pas destiné à être utilisé sur des enfants. || Crème colorante : aqua, cetearyl alcohol, ammonium hydroxide, coconut alcohol, sodium laureth-6 carboxylate, sodium myreth sulfate, toluène- 2.5-diamine sulfate, acrylamidopropyltrimonium chloride/acrylates copolymer, coco-glucoside, potassium hydroxide, glyceryl oleate, ceteareth-12, ceteareth-20, ammonium sulfate, sodium sulfite, resorcinol, parfum, sodium silicate, etidronic acid, ascorbic acid, citric acid, m-aminophenol, 4-chlororesorcinol, sodium chloride, 2.7-naphthalenediol, 2-methylresorcinol, 2-amino-4-hydroxyethylaminoanisole sulfate. Emulsion révélatrice : aqua, hydrogen peroxide, cetyl alcohol, acrylates copolymer, sodium coceth- 30 sulfate, ceteareth-20, etidronic acid, 2.6-dicarboxypyridine, disodium pyrophosphate. || 
8,45€ / Pce || 
8,45 € || 
Kit racines, nuances châtain doré, coloration permanente, tou toutes colorations, en seulement 10min. || La boîte de 22ml || Origine : ALLEMAGNE || Pour chaque coloration, un kit racines adapté : les professionnels Schwarzkopf ont mis toute leur expertise du cheveu à votre service pour développer le nouveau Soyance Kit racines: la 1ère coloration permanente Schwarzkopf qui apporte une solution àla repousse des racines entre deux colorations, en 10 minutes seulement. Soyance Kit racines s'adapte à toutes les colorations: le système color-adapt vous permet de trouver systématiquement la nuance adaptée, quelle que soit la coloration que vousayez utilisée avant. || Peut provoquer une réaction allergique.Éviter le contact du produit avec les yeux.Rincer immédiatement les yeux si le produit entre en contact avec ceux-ci. Ne pas employer pour la coloration des cils et des sourcils.Bien rincer les cheveux après application. Porter des gants appropriés.Garder hors de la portée des enfants.Se conformer à la notice. Les colorants pour cheveux peuvent provoquer des réactions allergiques qui peuvent être graves dans de rares cas. Les tatouages peuvent accroître lerisque d'allergie à ce produit. Effectuez un test de sensibilité de la peau 48 heures avant l'utilisation de cette coloration, même si vous avez déjà utilisé des produits de coloration avant. Ainsi il est préférable d'acheter le produit 48 heures à l'avance. A ne pas utiliser si vous avezdéjà eu une réaction à des produits de coloration, votre cuir chevelu est sensible, irrité ou s'il présente des lésions. Dans ces cas-là, consultez un médecin avant d'utiliser tout produit colorant.Lisez et suivez attentivement les instructions dans le mode d'emploi du produit. Ce produit n'est pas destiné à être utilisé sur des enfants. || crème colorante : aqua, cetearyl alcohol, ammonium hydroxide, sodium laureth-6-carboxylate, coconut alcohol, sodium myreth sulfate, coco-glucoside, ammonium sulfate, potassium hydroxide, acrylamidopropyltrimonium chloride/acrylates copolymer, ceteareth-12, ceteareth-20, glyceryl oleate, sodium sulfite, ascorbic acid, etidronic acid, sodium silicate, parfum (+/- toluene-2.5-diamine sulfate, tetraaminopyrimidine sulfate, 1-hydroxyethyl 4.5-diamino pyrazole sulfate, 4-amino-m-cresol, 2.2'-methylenebis-4-aminophenol hcl, 1.3-bis-(2.4-diamino phenoxy) propane hcl, 2-amino-4-hydroxyethylaminoanisole sulfate, 2.4-diaminophenoxyethanol hcl, m-aminophenol, 4-amino-2-hydroxytoluene, 5-amino-6-chloro-0-cresol, 2-amino-3-hydroxypyridine, resorcinol, 2-methylresorcinol, 4-chlororesorcinol 2.7-naphthalenediol, 6-methoxy-2-methylamino-3-aminopyridine hcl, 1.5-naphthalenediol, hydroxyethyl-p-phenylenediamine sulfate, hydroxyethyl-2-nitro-p-toluidine, 2-amino-6-chloro-4-nitrophenol, 4-amino-3-nitrophenol, 4-hydroxypropylamino-3-nitrophenol. Emulsion révélatrice : aqua, hydrogen peroxide, cetyl alcohol, acrylates copolymer, sodium coceth-30 sulfate, ceteareth-20, etidronic acid 2.6-dicarboxypyridine, disodium pyrophosphate. || 
8,45€ / Pce || 
8,45 € || 
Kit racines, nuances de châtain foncé, toutes colorations permanentes || La boîte de 22ml || Origine : ALLEMAGNE || Avec Soyance Kitracines de Schwarzkopf, vous pouvez retoucher vos racines entre deux colorations, en seulement 10 minutes !Pour 100% de retouche des cheveux blancs et un résultat qui s'accorde avec votre couleur actuelle. || S'adapte à toutes les colorations. Attention : contient de l'eau oxygénée, des diaminotoluènes et de la résorcine. Peut provoquer une réaction allergique. Eviter le contact du produit avec les yeux. Rincer immédiatement les yeux si le produit entre en contact avec ceux-ci. Ne pas employer pour la coloration des cils et des sourcils. Bien rincer les cheveux après application. Porter des gants appropriés. Garder hors de la portée des enfants. Se conformer à la notice. Les colorants pour cheveux peuvent provoquer des réactions allergiques qui peuvent être graves dans de rares cas. Les tatouages peuvent accroître le risque d'allergie à ce produit. Effectuez un test de sensibilité de la peau 48 heures avant l'utilisation de cette coloration, même si vous avez déjà utilisé des produits de coloration avant. Ainsi il est préférable d'acheter le produit 48 heures à l'avance. A ne pas utiliser si : vous avez déjà eu une réaction à des produits de coloration, votre cuir chevelu est sensible, irrité ou s'il présente des lésions. Dans ces cas-là, consultez un médecin avant d'utiliser tout produit colorant. lisez et suivez attentivement les instructions dans le mode d'emploi du produit. Ce produit n'est pas destiné à être utilisé sur des enfants. || Crème colorante : aqua, cetearyl alcohol, ammonium hydroxide, coconut alcohol, sodium laureth-6 carboxylate, sodium myreth sulfate, toluène-2.5-diamine sulfate, acrylamidopropyltrimonium chloride/acrylates copolymer, potassium hydroxide, coco-glucoside, resorcinol, glyceryl oleate, ceteareth-12, ceteareth-20, sodium sulfite, parfum, m-aminophenol, ammonium sulfate, sodium silicate, etidronic acid, ascorbic acid, citric acid, sodium chloride, 2-amino-4-hydroxyethylaminoanisole sulfate. Emulsion révélatrice : aqua, hydrogen peroxide, cetyl alcohol, acrylates copolymer, sodium coceth-30 sulfate, ceteareth-20, etidronic acid, 2.6-dicarboxypyridine, disodium pyrophosphate. || 
8,45€ / Pce || 
8,45 € || 
Kitracines pour les nuances noir, coloration permanente, s'adapte à toutes les colorations, en seulement 10min. || La boîte de 22ml || Origine : ALLEMAGNE || Pour chaque coloration, un kit racines adapté : les professionnels Schwarzkopf ont mis toute leur expertise du cheveu à votre service pour développer le nouveau Soyance Kitracines : la 1ère coloration permanente Schwarzkopf qui apporte une solution àla repousse des racines entre deux colorations, en 10 minutes seulement. Soyance Kitracines s'adapte à toutes les colorations : le système color-adapt vous permet de trouver systématiquement la nuance adaptée, quelle que soit la coloration que vousayez utilisée avant. || Peut provoquer une réaction allergique;Éviter le contact du produit avec les yeux;Rincer immédiatement les yeux si le produit entre en contact avec ceux-ci.;Ne pas employer pour la coloration des cils et des sourcils;Bien rincer les cheveux après application.;Porter des gants appropriés;Garder hors de la portée des enfants;Se conformer à la notice.;Les colorants pour cheveux peuvent provoquer des réactions allergiques qui peuvent être graves dans de rares cas.;Les tatouages peuvent accroître lerisque d'allergie à ce produit.;Effectuez un test de sensibilité de la peau 48 heures avant l'utilisation de cette coloration, même si vous avez déjà utilisé des produits de coloration avant.;Ainsi il est préférable d'acheter le produit 48 heures à l'avance;A ne pas utiliser si vous avez déjà eu une réaction à des produits de coloration, votre cuir chevelu est sensible, irrité ou s'il présente des lésions.;Dans ces cas-là, consultez un médecin avant d'utiliser tout produit colorant;Lisez et suivez attentivement les instructions dans le mode d'emploi du produit.;Ce produit n'est pas destiné à être utilisé sur des enfants. || Crème colorante : aqua, cetearyl alcohol, ammonium hydroxide, sodium laureth-6-carboxylate, coconut alcohol, sodium myreth sulfate, coco-glucoside, ammonium sulfate, potassium hydroxide, acrylamidopropyltrimonium chloride/acrylates copolymer, ceteareth-12, ceteareth-20, glyceryl oleate, sodium sulfite, ascorbic acid, etidronic acid, sodium silicate, parfum (+/- toluene-2.5-diamine sulfate, tetraaminopyrimidine sulfate, 1-hydroxyethyl 4.5-diamino pyrazole sulfate, 4-amino-m-cresol, 2.2'-methylenebis-4-aminophenol hcl, 1.3-bis-(2.4-diamino phenoxy) propane hcl, 2-amino-4-hydroxyethylaminoanisole sulfate, 2.4-diaminophenoxyethanol hcl, m-aminophenol, 4-amino-2-hydroxytoluene, 5-amino-6-chloro-0-cresol, 2-amino-3-hydroxypyridine, resorcinol, 2-methylresorcinol, 4-chlororesorcinol 2.7-naphthalenediol, 6-methoxy-2-methylamino-3-aminopyridine hcl, 1.5-naphthalenediol, hydroxyethyl-p-phenylenediamine sulfate, hydroxyethyl-2-nitro-p-toluidine, 2-amino-6-chloro-4-nitrophenol, 4-amino-3-nitrophenol, 4-hydroxypropylamino-3-nitrophenol. Emulsion révélatrice : aqua, hydrogen peroxide, cetyl alcohol, acrylates copolymer, sodium coceth-30 sulfate, ceteareth-20, etidronic acid 2.6-dicarboxypyridine, disodium pyrophosphate. || 
8,45€ / Pce || 
8,45 € || 
Noir 725, crème colorante durable, couleur soie, toucher velours || La boîte de 145,5ml || Origine : ALLEMAGNE || La qualité professionnelle à domicile : experts du cheveu depuis plus de 100 ans, les professionnels Schwarzkopf mettent toute leur expertise à votre service, pour que vous puissiez utiliser chez vous des colorations de qualité professionnelle. La performance couleur : les colorations Schwarzkopf sont formulées à partir de pigments de haute qualité qui rendent votre couleur naturelle, intense et très longue durée. Le respect du cheveu : les colorations Schwarzkopf sont particulièrement douces etcontiennent des ingrédients de soin actifs qui protègent votre fibre capillaire pour des cheveux souples et soyeux. || La praticité d'utilisation : tous les produits Schwarzkopf ont été conçus pour être utilisés facilement à domicile.  Attention : contient de l'eau oxygénée. Peut provoquer une réaction allergique. Éviter le contact du produit avec les yeux. Rincer immédiatement les yeux si le produit entre en contact avec ceux-ci. Ne pas employer pour la coloration des cils et des sourcils. Bien rincer les cheveux après application. Porter des gants appropriés. Garder hors de la portée des enfants. Se conformerà la notice. Les colorants pour cheveux peuvent provoquer des réactions allergiques qui peuvent être graves dans de rares cas. Les tatouages peuvent accroître le risque d'allergie à ce produit. Effectuez un test de sensibilité de la peau 48heures avant l'utilisation de cette coloration, même si vous avez déjà utilisé des produits de coloration avant. Ainsi il est préférable d'acheter le produit 48 heures à l'avance. A ne pas utiliser si vous avez déjà eu une réaction à des produits de coloration. Votre cuir chevelu est sensible, irrité ou s'il présente des lésions. Dans ces cas-là, consultez un médecin avant d'utiliser tout produit colorant. Lisez et suivez attentivement les instructions dans le mode d'emploi du produit. ce produit n'est pas destiné à être utilisé sur des enfants. || Crème colorante : aqua, cetearyl alcohol, ammonium hydroxide, coconut alcohol, sodium laureth-6-carboxylate, sodium myreth sulfate, coco-glucoside, acrylamidopropyltrimonium chloride/acrylates copolymer, ammonium sulfate, ceteareth-12, ceteareth-20,glyceryl oleate, sodium silicate, sodium sulfite, etidronic acid, ascorbic acid, parfum, (+/- toluene-2.5-diamine sulfate, tetraaminopyrimidine sulfate, 4-amino-m-cresol, hydroxyethyl-p-phenylenediamine sulfate, resorcinol, 2-methylresorcinol, 4-chlororesorcinol, 2-amino-3-hydroxypyridine, 2-amino-4-hydroxyethylaminoanisole sulfate, 1.3-bis-(2.4-diaminophenoxy)-propane hci, 6-methoxy-2-methylamino-3-aminopyridine hcl, 5-amino-6-chloro-0-cresol, m-aminophenol, 4-amino-2-hydroxytoluene, 2.7-naphthalenediol, hydroxyethyl-2-nitro-p-toluidine, 2-amino-6-chloro-4-nitrophenol, 2.4-diaminophenoxyethanol hcl, 1-hydroxyethyl 4.5-diamino pyrazole sulfate, 2.2'-methylenebis-4-aminophenol hcl, 1.5-naphthalenediol) émulsion révélatrice : aqua, hydrogen peroxide, acrylates copolymer, etidronic acid, sodium laureth sulfate, 2.6-dicarboxypyridine, disodium pyrophosphate, dimethicone. Baume soin réparateur : aqua, quaternium-87, cetearyl alcohol, propylene glycol, isopropyl myristate, distearoylethyl hydroxyethylmonium methosulfate, sodium pca, citric acid, phenoxyethanol, stearamidopropyl dimethylamine, parfum, polyquaternium-37, ceteareth-20, glyceryl stearate, sodium methylparaben, propylene glycol, dicaprylate/dicaprate, prunus armeniaca, laurdimonium hydroxypropyl hydrolyzed wheat protein, panthenol, ppg-1trideceth-6, citronellol. Soie liquide : aqua, sodium laureth sulfate, disodium cocoamphodiacetate, peg-7 glyceryl cocoate, glycol 1 distearate, sodium chloride, laureth-4, citric acid,polyquaternium-10, sodium benzoate, cocamidopropyl betaine, hydrolyzed silk, parfum, hydrogenated castor oil, salicyl acid, laurdimonium hydroxypropyl hydrolyzed wheat protein, sericin, panthenol, hydrolyzed wheat protein, mica, ethanolamine, glycerin, limonene, sorbic acid, phenoxyethanol, hexyl cinnamal, formic acid, citronellol, coumarin, methylparaben, linalool, Cl17200, Cl77891. || 
10,29€ / Pce || 
10,29 € || 
Noisette 718, crème colorante durable, couleur soie, toucher velours || La boîte de 145,5ml || Origine : ALLEMAGNE || La qualité professionnelle à domicile : experts du cheveu depuis plus de 100 ans, les professionnels Schwarzkopf mettent toute leur expertise à votre service, pour que vous puissiez utiliser chez vous des colorations de qualité professionnelle. La performance couleur : les colorations Schwarzkopf sont formulées à partir de pigments de haute qualité qui rendent votre couleur naturelle, intense et très longue durée. Le respect du cheveu : les colorations Schwarzkopf sont particulièrement douces etcontiennent des ingrédients de soin actifs qui protègent votre fibre capillaire pour des cheveux souples et soyeux. || La praticité d'utilisation : tous les produits Schwarzkopf ont été conçus pour être utilisés facilement à domicile.  Attention : contient de l'eau oxygénée. Peut provoquer une réaction allergique. Éviter le contact du produit avec les yeux. Rincer immédiatement les yeux si le produit entre en contact avec ceux-ci. Ne pas employer pour la coloration des cils et des sourcils. Bien rincer les cheveux après application. Porter des gants appropriés. Garder hors de la portée des enfants. Se conformerà la notice. Les colorants pour cheveux peuvent provoquer des réactions allergiques qui peuvent être graves dans de rares cas. Les tatouages peuvent accroître le risque d'allergie à ce produit. Effectuez un test de sensibilité de la peau 48heures avant l'utilisation de cette coloration, même si vous avez déjà utilisé des produits de coloration avant. Ainsi il est préférable d'acheter le produit 48 heures à l'avance. A ne pas utiliser si vous avez déjà eu une réaction à des produits de coloration. Votre cuir chevelu est sensible, irrité ou s'il présente des lésions. Dans ces cas-là, consultez un médecin avant d'utiliser tout produit colorant. Lisez et suivez attentivement les instructions dans le mode d'emploi du produit. ce produit n'est pas destiné à être utilisé sur des enfants. || Crème colorante : aqua, cetearyl alcohol, ammonium hydroxide, coconut alcohol, sodium laureth-6-carboxylate, sodium myreth sulfate, ammonium sulfate, acrylamidopropyltrimonium chloride/acrylates copolymer, coco-glucoside, ceteareth-12, ceteareth-20,glyceryl oleate, sodium sulfite, sodium silicate, etidronic acid, ascorbic acid, parfum [+/- toluene-2.5-diamine sulfate, tetraaminopyrimidine sulfate, 4-amino-m-cresol, hydroxy ethyl-p-phenylenediamine sulfate, resorcinol, 2-methylresorcinol, 4-chlororesorcinol, 2-amino-3-hydroxypyridine, 2-amino-4-hydroxyethylaminoanisole sulfate, 1l3-bis-(2.4-diaminophenoxy)-propane hci, 6-methoxy-2-methylamino-3-aminopyridine hci, 5-amino-6-chloro-o-cresol, m-aminophenol, 4-amino-2-hydroxytoluene, 2.7-naphthalenediol, hydroxyethyl-2-nitro-p-toluidine, 2-amino-6-chloro-4-nitrophenol, 2.4-diaminophenoxyethanol hci, 1-hydroxyethyl 4.5-diamino pyrazole sulfate, 2.2'-methylenebis-4-aminophenol hci, 1.5-naphthalenediol). Emulsion révélatrice : aqua, hydrogenperoxide, acrylates copolymer, etidronic acid, sodium laureth sulfate, 2.6-dicarboxypyridine, disodium pyrophosphate, dimethicone. Baume soin réparateur : aqua, quaternium-87, cetearyl alcohol, propylene glycol, isopropyl myristate, distearoylethyl hydroxyethylmonium methosulfate, sodium pca, citric acid, phenoxyethanol, stearamidopropyl dimethylamine, parfum, polyquaternium-37, ceteareth-20, glyceryl stéarate, sodium methylparaben, propylene glycol dicaprylate/dicaprate, prunus armeniaca kerneloil, laurdimonium hydroxypropyl hydrolyzed wheat protein, panthenol, ppg-1 trideceth-6, citronellol. Soie liquide : aqua, sodium laureth sulfate, disodium cocoamphodiacetate, peg-7 glyceryl cocoate, glycol distearate, sodium chloride, laureth-4, citric acid, polyquaternium-10, sodium benzoate, cocamidopropyl betaine, hydrolyzed silk, parfum, hydrogenated castor oil, salicyl acid, laurdimonium hydroxypropyl hydrolyzed wheat protein, sericin, panthenol, hydrolyzed wheat protein, mica, glycerin, limonene, sorbic acid, phenoxyethanol, hexyl cinnamal, formic acid, citronellol, coumarin, methylparaben, linalool, Cl17200, Cl77891. || 
10,29€ / Pce || 
10,29 € || 
Kit racines || L'unité || Origine : ALLEMAGNE || 
8,85€ / Pce || 
8,85 € || 
Masque intensif, Soin à rincer || Le pot de 250ml || Origine : FRANCE || Bien laver les cheveux avec le shampooing. Bien rincer. Appliquer une quantité généreuse sur toute la longueur des cheveux et masser doucement pour bien répartir. Pour une action immédiate, laisser agir pendant 2 min. Pour un soin plus intense, laisser agir pendant 5 à 7 min. Bien rincer. || Aqua/water, cetearyl alcohol, paraffinum liquidum/mineral oil, peg-40 hydrogenated castor oil, cetrimonium chloride, polyquaternium-37, phenoxyethanol, propylène glycol dicaprylate/dicaprate, methylparaben, ppg-1 trideceth-6, hexyl cinnamal, butylphenyl methylpropional, benzyl salicylate, cl19140/yellow5, tocopheryl acétate, panthenol, cholesterol, cl47005/acid yellow 3, parfum/fragrance (fil D27722/1). || 12 mois après ouverture. || 
15,64€ / L || 
3,91 € || 
Kit défrisant, Relaxer || Kit || Origine : FRANCE || Notre 1er kit défrisant avec une crème sans soude pré-mélangée conçue pour préserver d'une manière unique l'intégralité de la fibre capillaire. Découvrez notre rituel régénérant composé de formules uniques pour des cheveux soyeux, brillants et rayonnants de santé. || Ce kit convient aussi bien aux cheveux normaux qu'épais, il vous suffit d'adapter le temps de pause (voir notice). Ce kit permet 1 application tête entière ou 2 applications retouches. Ne pas utiliser chez l'enfant. Utiliser uniquement sur cheveux crépus de types africains ou antillais. Ce produit peut ne pas être adapté à tous types de cheveux : il est impératif de faire une mèche test avant application. Utiliser la force du défrisant adapté à votre nature de cheveux. Ne pas utiliser sur des cheveux décolorés, méchés, traités avec du henné ou des sels métalliques, permanentés, lissés ou défrisés avec un produit thiolé tels que les produits à base de thioglycolate, thiolactate, cystéine, cystéamine, sulfite, pour éviter perte ou casse de cheveux. Ne pas utiliser sur des cheveux abîmés ou des cheveux fragilisés par des colorations successives. Attendre 15 jours après une coloration pour effectuer le défrisage. Ne pas utiliser si le cuir chevelu est irrité ou abîmé. Pour plus de confortlors du défrisage, il est recommandé d'utiliser une crème de protection adaptée. Lire attentivement la notice avant utilisation et suivre les instructions : une mauvaise utilisation pourrait causer de graves lésions des yeux et de la peau, et entraîner une perte de cheveux irréversible. A tenir hors de la portée des enfants. Contient un agent alcalin/alcali. Porter les gants fournis dans l'étui pendant toute la durée du défrisage et du rinçage. Eviter le contact avec les yeux. Peut rendre aveugl || Gel protecteur du cheveu (2x10 ml) : paraffinum liquidum/mineral oil, diethylhexyl maleate, hydrogenated styrene/isoprene copolymer, isopropyl myristate, hydrogenated styrene/butadiène copolymer, phyllanthus emblica fruit extract (FIL D55193/1). Crème défrisante pré-mélangée et sans soude force moyenne (255 ml) : aqua/water, paraffinum liquidum/mineral oil, cetearyl alcohol, paraffin, cera microcristallina/microcrystalline was, polysorbate 60, butylène glycol, hexylene glycol, lithium hydroxide,peg-75 lanolin, oleth-10, cocamidopropyl betaine, parfum/fragrance, cocos nucifera oil/coconut oil, phyllanthus emblica fruit extract (FIL D55337/1). Shampooing neutralisant nourrissant (60 ml) : aqua/water, cocamidopropyl betaine, sodium laureth sulfate, cocamide mea, polysorbate 20, sodium chloride, parfum/fragrance, phenoxyethanol, polyquaternium-7, ppg-5-ceteth-10 phosphate, potassium sorbate, peg/ppg/poly butylène glycol-8/5/3 glycerin, citric acid, benzyl salicylate, disodium edta, benzylalcohol, sodium benzoate, hexyl cinnamal, phenolsulfonphthalein, phyllanthus emblica fruit extract, sodium hydroxide (FIL D55089/1). Masque fondant repulpant (2x10 ml) : aqua/water, glycerin, cetearyl alcohol, polyquaternium-37, propylene glycol, dicaprylate/dicaprate, phenoxyethanol, behentrimonium methosulfate, parfum/fragrance, amodimethicone, ppg-1 trideceth-6, stearyl dimethicone, benzyl salicylate, chlorhexidine dihydrochloride, trideceth-6, benzyl alcohol, hexyl cinnamal, cetrimonium chloride, Cl 19140/yellow 5, Cl 15985/yellow 6, phyllanthus emblica fruit extract (FIL D55086/1). Lotion soin (2x7,5 ml) : aqua/water, paraffinum liquidum/mineral oil, glycerin, cera microcristallina/microcrystalline wax, cetearyl alcohol, paraffin, peg-100 stearate, glyceryl stearate, parfum/fragrance, phenoxyethanol, polysorbate 60, xanthan gum, dimethicone, panthenol, benzyl salicylate, benzyl alcohol, hexyl cinnamal, 2-oleamido-1,3-octadecanediol, methylisothiazolinone, Cl 19140/yellow 5, limonene, Cl 15985/yellow 6, phyllanthus emblica fruit extract (FIL D55208/1). || 12 mois après ouverture. Conserver dans un endroit frais et sec. || 
8,85€ / Pce || 
8,85 € || 
Kit défrisant pour enfant, sans soude, cheveux normaux || Le kit || Origine : FRANCE || Lissage optimal. Nutrition intense. Résultat optimal. Soin protecteur, aide à protéger le cuir chevelu. || Veuillez respecter chaque étape de défrisage, sous peine d'abîmer les cheveux ou de les perdre : gel protecteur, crème défrisante, activateur crème, shampooing, démêlant. Ne convient aux enfants de moins de 10 ans. Utiliser uniquement sur cheveux crépus de type africain ou antillais. Pour éviter perte, casse de cheveux, brûlures ou lésions cutanées, ne pas utiliser sur des cheveux permanentés, lissés ou défrisés avec un produit thiolé. Pour éviter perte, casse de cheveux, brûlures ou lésions cutanées, ne pas utiliser sur des cheveux décolorés, méchés ou traités avec du henné ou des sels métalliques. Ne pas utiliser sur des cheveux abîmés ou des cheveux fragilisés par des colorations successives. Ne pas utiliser si le cuir chevelu est irritéou abîmé. Utiliser la force du défrisant adaptée à la nature de cheveux de votre enfant. Lire attentivement la notice avant utilisation. A tenir hors de portée des enfants. Contient un agent alcalin/alcali. Porter les gants fournis dans l'étui pendant toute la durée du défrisage. Eviter le contact avec les yeux. Peut rendre aveugle. || Gel protecteur : paraffinum liquidum/mineral oil, diethylhexyl maleate, silica, isopropyl myristate, hydrogenated butylene/ethylene/styrene copolymer, hydrogenated ethylene/propylene/styrene copolymer, butylparaben. (F.I.L. D5281/2). Crème défrisantecheveux normaux : aqua/water, paraffinum liquidum/mineral oil, cetearyl alcohol, guanidine carbonate, paraffin, cera microcristallina/microcrystalline wax, peg-75 lanolin, behentrimonium methosulfate, polyquaternium-6, cocamidopropyl betaine, parfum/fragrance, propylene glycol, Cl 15510/orange 4, denatonium benzoate. (F.I.L. D39996/1). Activateur crème : propylene glycol, calcium hydroxide, silica, Cl 77891/titanium dioxide. (F.I.L. D11159/1). Shampooing neutralisant color signal : aqua/water,cocamidopropyl betaine, sodium laureth sulfate, polysorbate 20, cocamide mea, phenoxyethanol, parfum/fragrance, methylparaben, potassium sorbate, polyquaternium-7, citric acid, hydroxypropyltrimonium honey, sodium pca, disodium edta, phenolsulfonphthalein, sodium hydroxide. (F.I.L. D34498/1). Soin anti-noeuds : aqua/water, oleth-20, dimethicone peg-7 cocoate, polyquaternium-22, peg-12 dimethicone, parfum/fragrance, phenoxyethanol, methylparaben, disodium edta, polyquaternium-11, tocopheryl acetate, cocos nucifera/coconut oil, panthenol, silybum marianum ethyl ester (F.I.L. D35128/1). || 12 mois après ouverture. || 
8,50€ / Pce || 
8,50 € || 
Moyen, Système défrisant hydratant, sans soude, brillance et vitalité, une application ou 2 retouches || La boîte de 350g || Origine : AFRIQUE || Riche en éléments naturels et polymères corporisants, le nouveau système défrisant sans soude Dark and Lovely agit au coeur de la fibre capillaire. Sa formule hydra-nutritive laisse les cheveux parfaitement lisses et soyeux. Pleins de vitalité, ils n'ont jamais été aussi brillants ! || Utiliser la force du défrisant adaptée à votre nature de cheveux : Moyen pour les cheveux normaux, et Ultra pour les cheveux épais ou résistants.; Ne convient pas aux enfants;Pour éviter perte, casse de cheveux, brûlures ou lésions cutanées, ne pas utiliser sur des cheveux permanentés, lissés ou défrisés avec un produit thiolé.;Pour éviter perte, casse de cheveux, brûlures ou lésions cutanées, ne pas utiliser sur des cheveux décolorés, méchés, ou traités avec du henné ou des sels métalliques.;Nepas utiliser sur des cheveux abîmés ou des cheveux fragilisés par des colorations successives.;Ne pas utiliser si le cuir chevelu est irrité ou abîmé.;Pour plus de confort lors du défrisage, il est conseillé d'utiliser une crème de protection.;Lireattentivement la notice avant utilisation.;A tenir hors de portée des enfants.;Porter les gants fournis dans l'étui pendant toute la durée du défrisage.;Eviter le contact avec les yeux.;Peut rendre aveugle. || Crème défrisante moyen : aqua/water, petrolatum, paraffinum liquidum/mineral oil, guanidine carbonate, cetearyl alcohol, behentrimonium methosulfate, peg- 75 lanolin, polyquaternium-6, cocamidopropyl betaine, parfum/fragrance, propylene glycol, Cl15510/orange 4, succinic acid. D7705/2. Activateur crème : propylene glycol, calcium hydroxide, silica, Cl77891/titanium dioxide, D9664/1. Shampooing neutralisant color signal : aqua, cocamidopropyl betaine, sodium laureth sulfate, polysorbate 20, cocamide mea, phenoxyethanol, parfum/fragrance, methylparaben, potassium sorbate, polyquaternium-7, citric acid, sodium pca, disodium edta, hydroxypropyl trimonium honey, hexyl cinnamal, butylphenyl methylpropional, limonene, benzyl salicylate, hydroxyisohexyl 3-cyclohexene carboxaldehyde, phenolsulfonephthalein. D5312. Soin masque hydra-nutritif : aqua/water, cetearyl alcohol, paraffinum liquidum/mineral oil, peg-40 hydrogenated castor oil, dicetyldimonium chloride, polyquaternium-37, propylene glycol dicaprylate/dicaprate, propylene glycol, phenoxyethanol, ppg-1-trideceth-6, tocopheryl acétate, methylparaben, citric acid, sodium pca, hydroxypropyl trimonium honey, ethylparaben, butylparaben, hydroxyisohexyl 3-cyclohexene carboxaldehyde, hexylcinnamal, isobutylparaben, propylparaben, olea europaea/olive fruit oil, simmondsia chinensis/jojoba seed oil, butyrospermum parkii/shea butter, persea gratissima/avocado oil, panthenol, Cl19140/yellow 5, Cl14700/red 4, Cl17200/red 33, Cl42090/blue 1,parfum/fragrance. D5668/2. || 
8,09€ / Pce || 
8,09 € || 
Scalp sérum || La boite de 100ml || Origine : FRANCE || Découvrez notre sérum régénérant unique contenant de l'huile indienne d'Amla légendaire pour des cheveux plus beaux, visiblement plus forts, épais et plus denses des racines aux pointes. || Sur cheveu sec, appliquer directement sur le cuir chevelu avec le bec verseur et masser doucement, notamment sur les zones où les cheveux sont fragilisés. Appliquer une noisette sur les longueurs. Ne pas rincer. Procéder au coiffage. Utilisez quotidiennement jusqu'à obtenir le résultat souhaité. Pour des résultats durables, poursuivre l'application 3 fois par semaine. || Aqua/water, glycerin, arginine, ppg-5-ceteth-20, citric acid, phenoxyethanol, parfum/fragrance, guar hydroxypropyltrimonium chloride, benzyl salicylate, chlorhexidine dihydrochloride, benzyl alcohol, hexyl cinnamal, 2-oleamido-1,3-octadecanediol, Cl19140/yellow 5, phyllanthus emblica fruit extract, Cl 14700/red 4, Cl 17200/red 33, Cl 42090/blue 1. (FIL D158220/1). || 12 mois après ouverture. Conserver dans un endroit frais et sec. || 
35,17€ / L || 
6,33 € || 
Système défrisant hydratant brillance et vitalité, super ultra || Le kit de 364ml || Origine : AFRIQUE || Riche en éléments naturels et polymères corporisants, le nouveau système défrisant sans soude Dark and Lovely agit au coeur de la fibre capillaire. Sa formule hydra-nutritive laisse les cheveux parfaitement lisses et soyeux. Pleins de vitalité, ils n'ont jamais été aussi brillants ! || Utiliser la force du défrisant adaptée à votre nature de cheveux: Moyen pour les cheveux normaux, et Ultra pour les cheveux épais ou résistants. Ne convient pas aux enfants. Pour éviter perte, casse de cheveux, brûlures ou lésions cutanées, ne pas utiliser sur des cheveux permanentes, lissés ou défrisés avec un produit thiolé.  Pour éviter perte, casse de cheveux, brûlures ou lésions cutanées, ne pas utiliser sur des cheveux décolorés, méchés, ou traités avec du henné ou des sels métalliques.  Ne pas utiliser sur des cheveux abîmés ou des cheveux fragilisés par des colorations successives. Ne pas utiliser si le cuir chevelu est irrité ou abîmé. Pour plus de confort lors du défrisage, il est conseillé d'utiliser une crème de protection. Lireattentivement la notice avant utilisation. A tenir hors de portée des enfants. Contient un agent alcalin. Porter les gants fournis dans l'étui pendant toute la durée du défrisage. Eviter le contact avec les yeux. Peut rendre aveugle. || CREME DEFRISANTE ULTRA : Aqua/Water, Petrolatum, Paraffinum Liquidum/Mineral 0il, Guanidine Carbonate, Cetearyl Alcohol, Behentrimonium Methosulfate,  Polyquaternium-6, PEG-75 Lanolin, Cocamidopropyl Betaine, Parfum/Fragrance, Propylene Glycol, CI 15510/Orange 4, Succinic Acid. 07707/2. ACTIVATEUR DE CREME : Propylene Glycol, Calcium Hydroxide, Silica, CI 77891/Titanium Dioxide. D9664/1. SHAMPOOING NEUTRALISANT COLOR SIGNAL : Aqua/Water, Cocamidopropyl Betaine, Sodium Laureth Sulfate, Polysorbate 20, Cocamide MEA, Phenoxyethanol Parfum/fragrance, Methylparaben, Potassium Sorbate, Polyquaternium-7, Citric Acid, Sodium PCA, Disodium EDTA, Hydroxypropyl Trimonium Honey, Hexyl Cinnamal, Butylphenyl Methylpropional, Limonene, Benzyl Salicylate,Hydroxyisohexyl 3-Cyclohexene Carboxaldehyde, Phenolsulfonephthalein. D5312/2. SOIN MASQUE  HYDRA-NUTRITIF: Aqua/Water, Cetearyl Alcohol, Paraffinum Liquidum/Mineral Oil, PEG-40 Hydrogenated Castor Oil, Dicetyldimonium Chloride, Polyquaternium-37, Propylene Glycol Dicaprylate/Dicaprate, Propylene Glycol, Phenoxyethanol, PPG-1 -Trideceth-6, Tocopheryl Acetate, Methylparaben, Citric Acid, Sodium PCA, Hydroxypropyl Trimonium Honey, Ethylparaben, Butylparaben, Hydroxyisohexyl 3-Cyclohexene Carboxaldehyde, Hexyl Cinnamal Isobutylparaben, Propylparaben, Olea Europaea/Olive Fruit Oil, Simmondsia Chinensis/Jojoba Seed Oil, Butyrospermum Parkii/Shea Butter, Persea Gratissima/Avocado Oil, Panthenol, CI 19140/Yellow 5, CI 14700/Red 4, CI 17200/Red 33,CI 42090/Blue 1, Parfum/Fragrance || Après ouverture, à conserver pendant 12 mois || 
7,51€ / Pce || 
7,51 € || 
Résistant aux shampooings 6 semaines, Inspirée du lissage japonais || La boite de 140g || Origine : FRANCE || Votre volume est parfaitement maîtrisé. Les boucles & frisures mal définies laissent place à un lissage au tombé raide, soyeux, impeccable. Vos cheveux restent lisses & déliés jusqu'à 6 semaines.Transformer durablement un volume indomptable ou des boucles et frisures irrégulières et mal définies, en cheveux parfaitement lisses et faciles à coiffer: c'est possible ! Inspiré des techniques de lissage professionnel, Jean Louis David crée la révolution dans l'univers du coiffage à domicile : le nouveau Kit de Lissage résistant aux shampooings 6 semaines permet une maîtrise durable du volume et une détente optimale des ondulations qui durent jusqu'à 6 semaines. || 3 étapes faciles à faire soi-même à la maison : après avoir réalisé votre mèche test, séparez votre chevelure en 4 parties égales. 1 kit = 1 application. Sur cheveux humides, répartissez la crème lissante (1), à la main ou à l'aide d'un peigne en plastique, mèche à mèche, sur toute la longueur du cheveu. Laissez agir 30 mn puis rincez soigneusement. Sur cheveux humides, appliquez la crème fixatrice de lissage (2), en plaquant les cheveux avec les paumes de vos mains jusqu'aux pointes. Laissez agir 10mn. Rincez soigneusement. Appliquez le soin nutrition et brillance (3) des racines jusqu'aux pointes. Laissez agir 5mn. Rincez soigneusement. Ne pas utiliser chez l'enfant. Ce produit peut ne pas être adapté à tous types de cheveux : il est impératif de faire une mèche test avant application. Utiliser la force du produit adaptée à votre nature de cheveux. Pour une utilisation sur cheveux colorés, attendre au moins 15 jours après la coloration avant d'utiliser le défrisant et appliquer exclusivement la force cheveux sensibilisés Pour une utilisation sur cheveux traités au henné, réaliser impérativement une mèche test. Ne pas utiliser sur des cheveux décolorés, méchés à plus de 30 %, traités avec des sels métalliques, ne pas utiliser surdes cheveux défrisés avec une crème défrisante alcaline à base de sodium hydroxyde (soude) ou avec un produit sans soude, qu'il soit à base de potassium hydroxyde (potasse), de lithium hydroxyde (lithine), de guanidine carbonate ou de potassium ci || Crème lissante : aqua/water, cetearyl alcohol, ammonium thioglycolate, ammonium bicarbonate, oleth-30, diammonium dithiodiglycolate, ethanolamine, parfum/fragrance, ammonium lauryl sulfate, pentasodium pentetate (F.I.L. C46409/2). Crème fixatrice delissage : aqua/water, steareth-2, hydrogen peroxide, glycerin, behentrimonium chloride, isopropyl alcohol, tetrasodium etidronate, tetrasodium pyrophosphate, sodium salicylate, phosphoric acid, parfum/fragrance (F.I.L. C46900/1). Soin nutrition & brillance : aqua/water, cetearyl alcohol, paraffinum liquidum/mineral oil, glycerin, dipalmitoylethyl hydroxyethylmonium, methosulfate, cetyl esters, olea europaea oil/olive fruit oil, methylparaben, cetrimonium chloride, citric acid, persea gratissimaoil/avocado oil, butyrospermum parkii butter/shea butter, parfum/fragrance (F.I.L. C47619/1). Formulé sans formaldéhyde. || 
70,80€ / L || 
14,16 € || 
2 barrettes automatiques 5,5 cm || Le blister de 2 barrettes || Origine : FRANCE || 
3,08€ / Pce || 
3,08 € || 
Bandeau fin double || La pièce || Origine : FRANCE || 
4,07€ / Pce || 
4,07 € || 
Bandeau noir large basique || La pièce || Origine : FRANCE || 
4,07€ / Pce || 
4,07 € || 
Barettes || Les 12 barrettes || Origine : FRANCE || 
3,19€ / Pce || 
3,19 € || 
Barettes clic clac, 5cm || Les 8 pièces || Origine : FRANCE || 
3,40€ / Pce || 
3,40 € || 
Barrettes || Les 8 barrettes || Origine : FRANCE || 
3,40€ / Pce || 
3,40 € || 
Elastiques || Les 12 élastiques || Origine : FRANCE || 
3,66€ / Pce || 
3,66 € || 
Elastiques || Les 20 élastiques || Origine : FRANCE || 
3,55€ / Pce || 
3,55 € || 
Elastiques fins noirs x20 || Le blister de 20 élastiques || Origine : FRANCE || 
3,55€ / Pce || 
3,55 € || 
Elastiques larges x6 || Le blister de 6 élastiques || Origine : FRANCE || Couleurs assorties || 
3,61€ / Pce || 
3,61 € || 
Elastiques miracles || Le blister de 250 élastiques || Origine : FRANCE || 
3,50€ / Pce || 
3,50 € || 
Elastiques moyens noirs x12 || Le blister de 12 élastiques || Origine : FRANCE || 
3,66€ / Pce || 
3,66 € || 
La pince || La pince || Origine : FRANCE || 
3,08€ / Pce || 
3,08 € || 
La pince || La pince || Origine : FRANCE || 
3,81€ / Pce || 
3,81 € || 
Pince 8 cm || Le blister de 1 pince || Origine : FRANCE || 
3,81€ / Pce || 
3,81 € || 
Pince 9cm coloris assortis || La pièce || Origine : FRANCE || 
3,81€ / Pce || 
3,81 € || 
Pince chignon || La pièce || Origine : FRANCE || 
4,94€ / Pce || 
4,94 € || 
Pinces 1,5 cm 2X5 || Le blister de 10 pinces || Origine : FRANCE || Les 10 pinces assorties (5 noires/5 marrons) || 
3,40€ / Pce || 
3,40 € || 
Pinces 2 cm || Le blister de 10 pinces || Origine : FRANCE || Marron || 
4,43€ / Pce || 
4,43 € || 
Pinces 5 cm || Le blister de 2 pinces || Origine : FRANCE || Marron || 
3,55€ / Pce || 
3,55 € || 
Pinces à cheveux || Le blister de 4 || Origine : FRANCE || 
3,45€ / Pce || 
3,45 € || 
Pinces clic clac 7cm || Les 4 pinces || Origine : FRANCE || 
3,40€ / Pce || 
3,40 € || 
Pinces clic-clac epoxy  7 cm || Le blister de 4 pinces || Origine : FRANCE || Marron || 
3,40€ / Pce || 
3,40 € || 
Les minis pinces || Les 24 pinces || Origine : FRANCE || 
3,61€ / Pce || 
3,61 € || 
Bigoudis thermiques, Diamètre 40mm || Le sachet de 4 || Origine : FRANCE || Les bigoudis thermiques Monoprix sont des bigoudis professionnels. Grâce à leur structure en alu la chaleur se répartit uniformément sur le bigoudi ce qui permet une meilleure tenue de la boucle. || S'utilise sur cheveux secs ou mouillés avec un sèche-cheveux. Bien laisser refroidir les bigoudis avant de les enlever. || 
185,45€ / Kg || 
10,20 € || 
Brosse noire brushing ronde grand modèle || La brosse || Origine : FRANCE || Retirer soigneusement les cheveux avec un peigne. Laver dans une eau tiède et savonneuse sans laisser tremper la brosse. Rincer à l'eau claire, bien secouer. Laisser sécher à l'air (jamais sur source de chaleur). || 
5,67€ / Pce || 
5,67 € || 
Brosse noire pneumatique ovale grand modèle || La brosse || Origine : FRANCE || Retirer soigneusement les cheveux avec un peigne. Laver dans une eau tiède et savonneuse sans laisser tremper la brosse. Rincer à l'eau claire, bien secouer. Laisser sécher à l'air (jamais sur source de chaleur). || 
11,23€ / Pce || 
11,23 € || 
Brosse noire pneumatique ovale petit modèle || La brosse || Origine : FRANCE || Retirer soigneusement les cheveux avec un peigne. Laver dans une eau tiède et savonneuse sans laisser tremper la brosse. Rincer à l'eau claire, bien secouer. Laisser sécher à l'air (jamais sur source de chaleur). || 
9,79€ / Pce || 
9,79 € || 
########
Brosse noire pneumatique ovale sanglier petit modèle || La brosse || Origine : FRANCE || Retirer soigneusement les cheveux avec un peigne. Laver dans une eau tiède et savonneuse sans laisser tremper la brosse. Rincer à l'eau claire, bien secouer. Laisser sécher à l'air (jamais sur source de chaleur). || 
10,20€ / Pce || 
10,20 € || 
Brosse pneumatique mini || La brosse || Origine : FRANCE || Retirer soigneusement les cheveux avec un peigne. Laver dans une eau tiède et savonneuse sans laisser tremper la brosse. Rincer à l'eau claire, bien secouer. Laisser sécher à l'air libre (jamais sur source de chaleur). || 
10,20€ / Pce || 
10,20 € || 
Brosse pneumatique ovale grand modèle || La brosse || Origine : FRANCE || Retirer soigneusement les cheveux avec un peigne. Laver dans une eau tiède et savonneuse sans laisser tremper la brosse. Rincer à l'eau claire, bien secouer. Laisser sécher à l'air libre (jamais sur source de chaleur). || 
13,29€ / Pce || 
13,29 € || 
########
Ciseaux coiffeur qualité inox || Les ciseaux || Origine : FRANCE || Pour couper égaliser les cheveux. || Inoxydables, ils peuvent être utilisés sur des cheveux mouillés. || 
11,32€ / Pce || 
11,32 € || 
Peignes de côté 7 cm || Le blister de 2 peignes || Origine : FRANCE || Marron || 
3,19€ / Pce || 
3,19 € || 
Brosse démêlante cheveux fins || L'unité || Origine : ISRAEL || Quand la technologie est au service de la beauté !                        Une brosse innovante pour démêler les cheveux fins grâce à la distribution géométrique de ses 428 picots de différentes tailles.                    Cela permet une répartitionde la pression effectuée sur les cheveux lors du brossage pour une sensation agréable et sans douleur.                  Une utilisation quotidienne permet de rendre les cheveux moins cassants et moins fragiles.Cette brosse à cheveux peut également être utilisée pour les enfants. En effet, grâce à la technologie innovante, les picots de cette brosse à cheveux sont étudiés pour le brossage des cheveux adultes et ceux des enfants. || Pour de meilleurs résultats, placer la brosse en parallèle des cheveux et poursuivre le mouvement dans le sens vertical sans effectuer de mouvements vers l'intérieur ou l'extérieur à la pointe des cheveux.                               Cela permet uncontact optimal avec l'ensemble des cheveux, grâce aux différents points de pression effectués sur chaque noeud existant. || 
20,55€ / Pce || 
20,55 € || 
Brosse démêlante cheveux normaux || L'unité || Origine : ISRAEL || Produit primé au Victoires de la Beauté 2011-2012.                        Quand la technologie est au service de la beauté !                        Une brosse innovante pour démêler les cheveux normaux grâce à la distribution géométrique de ses 428 picots de différentes tailles.                 Cela permet une répartition de la pression effectuée sur les cheveux lors du brossage pour une sensation agréable et sans douleur.                  Une utilisation quotidienne permet de rendre les cheveuxmoins cassants et moins fragiles.                                                          Brossez les cheveux de telle manière que les picots de la brosse soit complètement en contact avec les cheveux. || Pour de meilleurs résultats, placer la brosse en parallèle des cheveux et poursuivre le mouvement dans le sens vertical sans effectuer de mouvements vers l'intérieur ou l'extérieur à la pointe des cheveux.                               Cela permet uncontact optimal avec l'ensemble des cheveux, grâce aux différents points de pression effectués sur chaque noeud existant. || 
20,55€ / Pce || 
20,55 € || 
Brosse démêlante pour cheveux épais || L'unité || Origine : ISRAEL || Quand la technologie est au service de la beauté !                        Une brosse innovante pour démêler les cheveux épais grâce à la distribution géométrique de ses 428 picots de différentes tailles.                   Cela permet une répartitionde la pression effectuée sur les cheveux lors du brossage pour une sensation agréable et sans douleur.                  Une utilisation quotidienne permet de rendre les cheveux moins cassants et et moins fragiles.Brossez les cheveux de telle manière que les picots de la brosse soit complètement en contact avec les cheveux. || 
20,55€ / Pce || 
20,55 € || 
Crème de douche, Nourrissante, Lait de coco || Le flacon de 500ml || Origine : FRANCE || Enrichie en lait de noix de coco, la crème de douche et bain nourrissante Monoprix nettoie et hydrate votre peau sans l'agresser. Sa mousse onctueuse et son parfum gourmand vous procurent une véritable sensation de plaisir aussi bien sous la douche que dans votre bain et laissent votre peau souple, douce et délicatement parfumée. Formulée sur une base lavante douce, elle préserve votre peau du dessèchement. || Evitez le contact avec les yeux. En cas de contact avec les yeux, rincez immédiatement et abondamment avec de l'eau. Ne pas utiliser chez l'enfant de moins de 36 mois. || Aqua, sodium laureth sulfate, cocamidopropyl betaine, glycerin, decyl glucoside, sodium chloride, peg-7 glycerin, decyl glucoside, sodium chloride, peg-7 glyceryl cocoate, parfum, citric acid, sodium benzoate, styrene/acrylates copolymer, potassium sorbate, polyquaternium-39, tetrasodium edta, cocos nucifera fruit extract, sodium lauryl sulfate, phenoxyethanol, xanthan gum, sodium hydroxide. || 18 mois après ouverture. || 
6,08€ / L || 
3,04 € || 
Crème de douche adoucissante, Vanille || Le flacon de 250ml || Origine : BELGIQUE || Enrichie à l'extrait de vanille de Madagascar, la crème de douche adoucissante Monoprix nettoie et nourrit votre peau sans l'agresser. Sa mousse onctueuse et son parfum gourmand éveillent vos sens et vous procurent un moment de bien-être et de plaisir. Votre peau est souple, douce et délicatement parfumée. Formulée sur une base lavante douce, elle aide à apaiser votre peau. || Utilisation quotidienne. Eviter le contact avec les yeux. En cas de contact avec les yeux, rincer immédiatement et abondamment avec de l'eau. Ne pas utiliser chez l'enfant de moins de 36 mois. || 18 mois après ouverture. || 
7,88€ / L || 
1,97 € || 
Créme de douche amande karité hydratante. || Le flacon de 100ml || Origine : FRANCE || En cas de contact avec les yeux, rincer immédiatement et abondamment avec de l'eau. Testé sous contrôle dermatologique. || 12 mois après ouverture. || 
11,00€ / L || 
1,10 € || 
Crème de douche dermo protecteur, Peaux sensibles || Le flacon de 500ml || Origine : FRANCE || Enrichie à l'extrait de Néroli, cette crème de douche Monoprix dépose un film protecteur sur votre peau, afin de la protéger du dessèchement et éviter les tiraillements. Sa mousse et son parfum vous procurent une sensation de bien-être, la peau restedouce. pH neutre pour la peau. Convient aux peaux sensibles. Testé sous contrôle dermatologique. || S'utilise aussi bien sous la douche que dans un bain En cas de contact avec les yeux, rincer immédiatement et abondamment avec de l'eau. Tenir hors de portée des enfants. Ne pas utiliser chez l'enfant de moins de 36 mois. || 12 mois après ouverture. || 
6,02€ / L || 
3,01 € || 
Crème de douche gommante, Abricot pêche || Le flacon de 250ml || Origine : FRANCE || Enrichie en éclats de noyaux d'abricot et en extrait de pêche, la crème de douche gommante nettoie et purifie votre peau en douceur. Ses grains exfoliants très fins permettent une utilisation quotidienne pour une peau lisse et douce. || Tenir hors de la portée des enfants. Ne pas avaler. Usage externe uniquement. Eviter le contact avec les yeux. En cas de contact avec les yeux, rincer abondamment à l'eau claire. Pour adultes. || Aqua, sodium laureth sulfate, glycerin, decyl glucoside, acrylates copolymer cocamidopropyl betaine, sodium chloride, parfum, peg-40 hydrogenated castor oil, polyethylene, styrene/acrylates copolymer, sucrose cocoate, prunus armeniaca seed powder, sodium benzoate, polyquaternium-7, coconut acid, propylene glycol, methylisothiazolinone, prunus persica fruit extract, citric acid, sodium hydroxide, potassium sorbate, sorbic acid, CI77891, CI14700, CI19140. || 12 mois après ouverture. || 
8,08€ / L || 
2,02 € || 
Crème de douche gourmande, Rhubarbe || Le flacon de 250ml || Origine : BELGIQUE || Au parfum acidulé de rhubarbe, la crème de douche gourmande Monoprix nettoie et nourrit votre peau sans l'agresser. Sa mousse onctueuse et son parfum gourmand éveillent vos sens et vous procurent une véritable sensation de vitalité et de plaisir. Votre peau est souple, douce et délicatement parfumée. Formulée sur une base lavante douce, elle procure une sensation de confort. || Utilisation quotidienne. Eviter le contact avec les yeux. En cas de contact avec les yeux, rincer immédiatement et abondamment avec de l'eau. Ne pas utiliser chez l'enfant de moins de 36 mois. || 18 mois après ouverture. || 
6,80€ / L || 
1,70 € || 
########
########
Crème douche, Nourrissante au lait de coco || Le flacon de 250ml || Origine : BELGIQUE || Enrichie en lait de coco, la crème de douche nourrissante Monoprix hydrate et nettoie votre peau sans l'agresser. Formulée sur une base lavante douce, elle préserve votre peau du dessèchement. Sa mousse onctueuse et son parfum gourmand vous procurentune véritable sensation de plaisir et laissent votre peau souple, douce et délicatement parfumée. pH neutre pour la peau. Testé sous contrôle dermatologique. || Eviter le contact avec les yeux. En cas de contact avec les yeux, rincer immédiatement et abondamment avec de l'eau. Ne pas utiliser chez l'enfant de moins de 36 mois. || Aqua, sodium laureth sulfate, cocamidopropyl betaine, glycerin, decyl glucoside, sodium chloride, peg-7 glyceryl cocoate, parfum, citric acid, sodium benzoate, styrene/acrylates copolymer, potassium sorbate, polyquaternium-39, tetrasodium edta, cocosnucifera fruit extract, sodium lauryl sulfate, phenoxyethanol, xanthan gum, sodium hydroxyde. || 18 mois après ouverture. || 
6,80€ / L || 
1,70 € || 
Crème douche, Nourrissante au lait de noix de coco || Le flacon de 100ml || Origine : BELGIQUE || Eviter le contact avec les yeux. En cas de contact avec les yeux, rincer immédiatement et abondamment avec de l'eau. Ne pas utiliser chez l'enfant de moins de 36 mois. || Aqua, sodium laureth sulfate, cocamidopropyl betaine, glycerin, decyl glucoside, sodium chloride, peg-7 glyceryl cocoate, parfum, citric acid, sodium benzoate, styrene/acrylates copolymer, potassium sorbate, polyquaternium-39, tetrasodium edta, cocosnucifera fruit extract, sodium lauryl sulfate, phenoxyethanol, xanthan gum, sodium hydroxyde. || 18 mois après ouverture. || 
11,00€ / L || 
1,10 € || 
Crème douche et bain, Douceur aux extraits d'abricot et d'avoine || Le flacon de 500ml || Origine : FRANCE || Enrichie en extraits d'abricot et d'avoine, la Crème douche et bain Douceur Monoprix, nettoie et hydrate votre peau sans l'agresser. Votre peau est hydratée, apaisée et délicatement parfumée.Formulée avec une base lavante douce, elle s'utilise aussibien sous la douche que dans un bain et laisse votre peau souple et douce. Son agent lamesoft contribue à protéger votre peau du dessèchement en formant un film à la surface de l'épiderme. pH neutre pour la peau. || Rincez abondamment. Tenir hors de la portée des enfants. Ne pas avaler. Evitez le contact avec les yeux. En cas de contact avec les yeux, rincez immédiatement et abondamment à l'eau. || Aqua, sodium laureth sulfate, cocamidopropyl betaine, cocamide mipa, peg-7 glyceryl cocoate, parfum, glycerin, sodium benzoate, citric acid, tetrasodium edta, styrene/acrylates copolymer, glyceryl oleate, coco-glucoside, polyquaternium-7, alcohol, salicylic acid, avena sativa kernel extract, prunus armeniaca fruit extract. || 12 mois après ouverture. || 
6,08€ / L || 
3,04 € || 
Gel de douche sans savon, Peaux sensibles || Le flacon de 500ml || Origine : FRANCE || Le gel douche sans savon Monoprix nettoie en douceur chaque jour votre peau sans l'agresser. Sa base lavante douce, préserve l'équilibre naturel de votre peau et aide à lutter contre le dessèchement, votre peau est propre et douce. S'utilise aussi bien sous la douche que dans un bain. pH neutre pour la peau. Testé sous contrôle dermatologique. || Convient aux peaux sèches et sensibles. En cas de contact avec les yeux, rincer immédiatement et abondamment avec de l'eau. Tenir hors de portée des enfants. Ne pas utiliser chez l'enfant de moins de 36 mois. || 12 mois après ouverture. || 
6,02€ / L || 
3,01 € || 
Gel douche, Fleur d'oranger, Délassant || Le flacon de 250ml || Origine : BELGIQUE || Le gel douche et bain délassant Monoprix vous enveloppe d'un parfum apaisant et relaxant. Sa mousse onctueuse, son parfum délicat et raffiné éveillent vos sens et vous procurent une véritable sensation de bien-être. || Usage externe uniquement. Ne pas avaler. En cas de contact avec les yeux, rincer immédiatement et abondamment avec de l'eau. Ne pas utiliser chez l'enfant de moins de 36 mois. || 12 mois après ouverture. || 
6,80€ / L || 
1,70 € || 
########
Gel douche, Fleur d'oranger délassant || Le flacon de 500ml || Origine : FRANCE || Enrichi en extrait de fleur d'oranger, le gel douche et bain délassant monoprix vous enveloppe d'un parfum apaisant et relaxant. Sa mousse onctueuse, son parfum délicat et raffiné éveillent vos sens et vous procurent une véritable sensation de bien être. || Usage externe uniquement. Ne pas avaler. En cas de contact avec les yeux, rincer immédiatement et abondamment avec de l'eau. Ne pas utiliser chez l'enfant de moins de 36 mois. || Aqua, sodium laureth sulfate, cocamidopropyl betaine, glycerin, decyl glucoside, sodium chloride, parfum, peg-7 glyceryl cocoate, sodium benzoate, citric acid, potassium sorbate, polyquaternium-10, ethylhexyl methoxycinnamate, tetrasodium edta, citrus aurantium amara flower extract, sodium hydroxide, peg-18 glyceryl oleate/cocoate, hexyl cinnamal, limonene, CI19140, CI17200. || 12 mois après ouverture. || 
6,08€ / L || 
3,04 € || 
Gel douche, Gourmand nuage de sucre rose || Le flacon de 250ml || Origine : FRANCE || Enrichi en extrait de fraise et au sucre, le gel douche gourmand Monoprix vous procure confort et plaisir. Laissez-vous envahir par son parfum gourmand.Sa formule douce nettoie votre peau sans l'agresser et la laisse souple, douce et délicatement parfumée. Son agent Lamesoft contribue à protéger votre peau du dessèchement en formant un film à la surface de l'épiderme. pH neutre pour la peau. || Aqua, sodium laureth sulfate, cocamidopropyl betaine, cocoamide mipa, polysorbate 20, glycerin, sodium benzoate, sodium chloride, citric acid, tetrasodium edta, parfum, coco-glucoside, glyceryl oleate, polyquaternium-7, sorbitol, salicylic acid, fragaria vesca fruit extract, sucrose, methylpropanediol, denatonium benzoate, potassium sorbate, Cl17200. || 12 mois après ouverture. || 
6,80€ / L || 
1,70 € || 
########
Gel douche, Rafraîchissant, Minéraux marins || Le flacon de 250ml || Origine : BELGIQUE || Enrichi en minéraux marins, le gel douche rafraîchissant Monoprix vous enveloppe d'un parfum frais et marin. Il laisse votre peau douce, souple et délicatement parfumée. Formulé avec une base lavante douce, il nettoie votre peau sans l'agresser et vous rafraîchit. pH neutre pour la peau. Tolérance testée sous contrôle dermatologique. || Utilisation quotidienne. Usage externe uniquement. Ne pas avaler. En cas de contact avec les yeux, rincer immédiatement et abondamment avec de l'eau. Ne pas utiliser chez l'enfant de moins de 36 mois. || Aqua, sodium laureth sulfate, cocamidopropyl betaine, glycerin, decyl glucoside, sodium chloride, parfum, peg-7 glyceryl cocoate, laureth-2, sodium benzoate, citric acid, potassium sorbate, polyquaternium-10, maris sal, benzotriazolyl dodecyl p-cresol, tetrasodium edta, sodium hydroxide, Cl 19140, Dl 42051. || 12 mois après ouverture. || 
7,68€ / L || 
1,92 € || 
Gel douche grenade || Le flacon de 250ml || Origine : BELGIQUE || Enrichi aux extraits de grenade et de fruit du dragon, le gel douche Monoprix nettoie et nourrit votre peau sans l'agresser. Sa mousse onctueuse et son parfum exotique éveillent vos sens et vous procurent un véritable moment de bien-être et de détente. Votre peau est douce et satinée. Formulé sur une base lavante douce, il respecte votre peau. pH neutre pour la peau. || Utilisation quotidienne. Testé sous contrôle dermatologique. Eviter le contact avec les yeux. En cas de contact avec les yeux, rincer immédiatement et abondamment avec de l'eau. Ne pas utiliser chez l'enfant de moins de 36 mois. || 18 mois après ouverture. || 
6,80€ / L || 
1,70 € || 
Gel douche hydratant, citron || Le flacon de 500ml || Origine : FRANCE || Grâce à son parfum agréable et son extrême douceur, ce gel douche respecte votre peau. Sa mousse onctueuse et facile à rincer nettoie votre peau en douceur et la laisse souple et douce. || Faire mousser puis rincer abondamment. Eviter le contact avec les yeux. En cas de contact avec les yeux, rincer immédiatement et abondamment à l'eau claire. Ne pas avaler et tenir hors de la portée des enfants. || Aqua, anthemis nobilis flower extract*, ammonium lauryl sulfate, aloe barbadensis leaf juice*, cocamidopropyl betaine, glycerin, decyl glucoside, benzyl alcohol, sodium chloride, glyceryl oleate, parfum, coco glucoside, glyceryl laurate, coconut acid, citric acid, benzoic acid, dehydroacetic acid, potassium sorbate, sodium benzoate, tocophérol, hydrogenated palm glycerides citrate, limonene, citral, linalool. || 12 mois après ouverture. || 
8,22€ / L || 
4,11 € || 
Gel douche hydratant, citron || Le flacon de 500ml || Origine : FRANCE || Grâce à son parfum agréable et son extrême douceur, ce gel douche respecte votre peau. Sa mousse onctueuse et facile à rincer nettoie votre peau en douceur et la laisse souple et douce. || Faire mousser puis rincer abondamment. Eviter le contact avec les yeux. En cas de contact avec les yeux, rincer immédiatement et abondamment à l'eau claire. Ne pas avaler et tenir hors de la portée des enfants. || Aqua, anthemis nobilis flower extract*, ammonium lauryl sulfate, aloe barbadensis leaf juice*, cocamidopropyl betaine, glycerin, decyl glucoside, benzyl alcohol, sodium chloride, glyceryl oleate, parfum, coco glucoside, glyceryl laurate, coconut acid, citric acid, benzoic acid, dehydroacetic acid, potassium sorbate, sodium benzoate, tocophérol, hydrogenated palm glycerides citrate, limonene, citral, linalool. || 12 mois après ouverture. || 
8,22€ / L || 
4,11 € || 
Gel douche hydratant, Iris fève tonka || Le flacon de 250ml || Origine : BELGIQUE || Le gel douche Monoprix nettoie votre peau en douceur et la nourrit. Sa mousse onctueuse et généreuse vous enveloppe de notes florales et fruitées. Formulé sur une base lavante douce, il respecte votre peau et la protège. pH neutre pour la peau. || Utilisation quotidienne. Eviter le contact avec les yeux. En cas de contact avec les yeux, rincer immédiatement et abondamment avec de l'eau. Ne pas utiliser chez l'enfant de moins de 36 mois. || 18 mois après ouverture. || 
7,88€ / L || 
1,97 € || 
########
Gel douche hydratant, Parfum jasmin & fleur de tiaré || Le flacon de 500ml || Origine : FRANCE || Grâce à son parfum agréable et son extrême douceur, ce gel douche respecte votre peau. Sa mousse onctueuse et facile à rincer nettoie votre peau en douceur et la laisse souple et douce. || Faire mousser puis rincer abondamment. Eviter le contact avec les yeux. En cas de contact avec les yeux, rincer immédiatement et abondamment à l'eau claire. Ne pas avaler et tenir hors de la portée des enfants. || Aqua, anthemis nobilis flower extract*, ammonium lauryl sulfate, aloe barbadensis leaf juice*, cocamidopropyl betaine, glycerin, decyl glucoside, benzyl alcohol, sodium chloride, glyceryl oleate, parfum, coco-glucoside, glyceryl laurate, coconut acid, citric acid, benzoic acid, dehydroacetic acid, potassium sorbate, sodium benzoate, tocopherol, hydrogenated palm glycerides citrate, limonene, linalool. *Ingrédients issus de l'agriculture biologique. || 12 mois après ouverture. || 
8,22€ / L || 
4,11 € || 
Gel douche relaxante, Ylang-ylang || Le flacon de 250ml || Origine : FRANCE || Enrichi en huile essentielle d'ylang ylang et en extrait de néroli, le gel douche relaxant Monoprix nettoie et nourrit votre peau sans l'agresser. Sa mousse onctueuse et son parfum relaxant éveillent vos sens et vous procurent un véritable moment dedétente et de plaisir. Votre peau est souple, douce et délicatement parfumée. || Eviter le contact avec les yeux. En cas de contact avec les yeux, rincez immédiatement et abondamment avec de l'eau. Ne pas utiliser chez l'enfant de moins de 36 mois. || Aqua, sodium laureth sulfate, cocamidopropyl betaine, glycerin, decyl glucoside, sodium chloride, parfum, peg-7 glyceryl cocoate, citric acid, sodium benzoate, panthenol, potassium sorbate, polyquaternium-10, benzotriazolyl dodecyl p-cresol, tetrasodium edta, propylene glycol, citrus aurantium amara flower extract, pantolactone, sorbitol, polysorbate 20, sodium hydroxide, phenoxyethanol, cananga odorata flower oil, ethylhexylglycerin, CI17200, CI42090. || 18 mois après ouverture. || 
6,80€ / L || 
1,70 € || 
########
Huile de douche nourrissante, Plaisir de monoï || Le flacon de 250ml || Origine : FRANCE || Enrichie en monoï, l'huile de douche nourrissante Monoprix nourrit et protège votre peau du dessèchement sans laisser de film gras. Sa formule douce nettoie votre peau sans l'agresser et la laisse souple, douce et délicatement parfumée. pH neutre pour la peau. || Pour adulte. Utilisation quotidienne. Tenir hors de portée des enfants. Ne pas avaler. Usage externe uniquement. Eviter le contact avec les yeux. En cas de contact avec les yeux, rincer abondamment à l'eau claire. || 12 mois après ouverture. || 
7,88€ / L || 
1,97 € || 
Amande douce bio, gel douceur corps et cheveux || Le flacon de 750ml || Origine : FRANCE || Le Gel CORPS ET CHEVEUX Cadum est sans savon pour laver la peau et les cheveux avec une extrême douceur. Les cheveux sont brillants de santé. A l'huile d'amandes douces bio. Agents nettoyants doux, Ph neutre.  Sans paraben, sans EDTA, Hypoallergénique.  Contre les tests sur les  animaux. || Aqua, cocamidopropyl betaine, sodium laureth sulfate, sodium laureth8-sulfate, glycerin, coco-glucoside, PEG-200 hydrogenated glyceryl palmate, parfum, PEG-40 hydrogenated castor oil, prunus amygdalus dulcis oil (sweet almong oil), PEG-7 glycerylcocoate, magnesium laureth sulfate, polyquaternium-10, magnesium laureth 8-sulfate, polyquaternium-7, sodium oleth sulfate, magnesium oleth sulfate, styrene/acrylates copolymer, citric acid, sodium benzoate, potassium sorbate, tetrasodium glutamate diacetate, sodium chloride. || 12 mois après ouverture. || 
9,00€ / L || 
6,75 € || 
Crème douche, A l'huile d'amandes douces bio || Le flacon de 400ml || Origine : FRANCE || Cadum, spécialiste de la douceur depuis 1907, a mis tout son savoir-faire dans la Crème Douche Douceur Velours l'huile d'amandes douces bio et à la fleur d'oranger bio.Idéale au quotidien, elle nettoie, apaise votre peau et son délicat parfum vous enveloppe de douceur. Votre peau se sent bien et vous aussi. Depuis toujours, Cadum garantit le choix des ingrédients les plus respectueux entrant dans la composition de cette Crème Douche Douceur Velours et exclut les ingrédients jugés indésirables. Douceur : fleur d'oranger bio, huile d'amandes douces bio, agents nettoyants doux, pH neutre pour la peau, testé dermatologiquement. || Aqua (water), sodium laureth sulfate, sorbitol, cocamidopropyl betaine, laureth-2, coco-glucoside, glyceryl oleate, parfum (fragrance), benzyl alcohol, acrylates copolymer, sodium chloride, styrene/acrylates copolymer, sodium benzoate, citric acid, polyquaternium-7, peg-75 shea butter glycerides, prunus amygdalus dulcis (sweet almond) oil*, citrus aurantium amara (bitter orange) flower water*, tetrasodium glutamate diacetate, caramel, sodium hydroxide, dehydroacetic acid. *ingrédients issus de l'agriculture biologique. Sans paraben. Sans EDTA. Sans BHT. Sans DMDM. Sans phénoxyéthanol. Contre les tests sur les animaux. || 12 mois après ouverture. || 
8,48€ / L || 
3,39 € || 
Crème douche, Douceur velours || Le flacon de 400ml || Origine : FRANCE || Cadum spécialiste de la douceur depuis 1907, a mis tout son savoir-faire dans cette crème douche adoucissante à l'huile d'amandes douces bio et à la fleur de cerisier. Idéale au quotidien, sa formule douce, au délicat parfum poudré, nettoie apaise etadoucit votre peau. Elle retrouve le toucher velouté d'une peau de bébé. || Ne pas avaler, ne pas laisser à la portée des enfant sans surveillance, en cas de contact avec les yeux, les rincer immédiatement. || Aqua (water), sodium laureth sulfate, sorbitol, cocamidopropyl betaine, laureth-2, coco-glucoside, ppg-5-ceteth-20, glyceryl oleate, glycerin, parfum, (fragrance), sodium chloride, sodium benzoate, salicylic acid, sodium hydroxide , prunus amygdalusdulcis oil (sweet almond) oil, prunus avium (sweet cherry) flower extract, styrene/acrylates copolymer, tetrasodium glutamate diacetate, citric acid, acrylates copolymer, polyquaternium-7, hexyl cinnamal, benzyl alcohol (f.i.l c164289/2). || 12 mois après ouverture. || 
8,38€ / L || 
3,35 € || 
########
Crème douche et bain surgras, aux huiles d'amandes douces bio et de coco bio vierge, peaux sèches || La pompe de 750ml || Origine : FRANCE || Idéale pour les peaux sèches, elle est l'alliance parfaite entre la douceur d'un soin surgras et le plaisir du parfum délicat de la noix de coco.Sa formule unique nettoie la peau de toute la famille en douceur et laisse un film protecteur non gras. La peau est protégé, souple et éclatante comme celle d'un bébé. || Aqua (water), sodium laureth sulfate, cocamidopropyl betaine, laureth-2, glycerin, sorbitol, coco-glucoside, glyceryl oleate, parfum (fragrance), prunus amygdalus dulcis oil (sweet almond) oil*, cocos nucifera oil (coconut oil)*, tocopheryl acetate,polyquaternium-7, peg-7 glyceryl cocoate, tetrasodium glutamate diacetate, styrene/acrylates copolymer, sodium hydroxide, acrylates copolymer, citric acid, caramel, sodium benzoate, benzyl alcohol, benzyl salicylate, coumarin, butylphenyl methylpropional, linalool, hexyl cinnamal. *Ingrédients issus de l'agriculture biologique. Sans paraben, EDTA, BHT, DMDM, phenoxyethanol. Contre les tests sur les animaux. || 12 mois après ouverture. || 
8,23€ / L || 
6,17 € || 
Crème douche Hydratation Longue Durée || Les 2 flacons de 400ml || Origine : FRANCE || 
7,91€ / L || 
6,33 € || 
Crème douche surgras à l'huile d'amandes douces bio et au lait   d'avoine bio, peaux sèches || Le flacon de 400ml || Origine : FRANCE || Son parfum délicat d'avoine vous procure un véritable instant de plaisir. Votre peau est douce, souple et éclatante comme la peau d'un bébé. Cadum, spécialiste de la douceur depuis 1907, a développé un savoir faire unique : une sélection des ingrédients aux vertus naturellement nourrissantes pour en faire une formule idéale pour les peaux sèches, qui nettoie en douceur et lutte contre le dessèchement en laissant un voile protecteur non gras. || 12 mois après ouverture. || 
8,48€ / L || 
3,39 € || 
Crème douche surgras à l'huile d'amandes douces bio et au lait   d'avoine bio, peaux sèches || Le flacon de 400ml || Origine : FRANCE || Son parfum délicat d'avoine vous procure un véritable instant de plaisir. Votre peau est douce, souple et éclatante comme la peau d'un bébé. Cadum, spécialiste de la douceur depuis 1907, a développé un savoir faire unique : une sélection des ingrédients aux vertus naturellement nourrissantes pour en faire une formule idéale pour les peaux sèches, qui nettoie en douceur et lutte contre le dessèchement en laissant un voile protecteur non gras. || 12 mois après ouverture. || 
8,48€ / L || 
3,39 € || 
Crème douche surgras à l'huile d'amandes douces bio et au miel   de fleurs bio, peaux sèches || Le flacon de 400ml || Origine : FRANCE || Son parfum délicat de miel vous procure un véritable instant de plaisir. Votre peau est douce, souple et éclatante comme la peau d'un bébé. Cadum, spécialiste de la douceur depuis 1907, a développé un savoir faire unique : une sélection des ingrédients aux vertus naturellement nourrissantes pour en faire une formule idéale pour les peaux sèches, qui nettoie en douceur et lutte contre le dessèchement en laissant un voile protecteur non gras. || 12 mois après ouverture. || 
8,48€ / L || 
3,39 € || 
Crème douche surgras à l'huile d'amandes douces bio et au miel   de fleurs bio, peaux sèches || Le flacon de 400ml || Origine : FRANCE || Son parfum délicat de miel vous procure un véritable instant de plaisir. Votre peau est douce, souple et éclatante comme la peau d'un bébé. Cadum, spécialiste de la douceur depuis 1907, a développé un savoir faire unique : une sélection des ingrédients aux vertus naturellement nourrissantes pour en faire une formule idéale pour les peaux sèches, qui nettoie en douceur et lutte contre le dessèchement en laissant un voile protecteur non gras. || 12 mois après ouverture. || 
8,48€ / L || 
3,39 € || 
Crème douche surgras à l'huile d'amandes douces bio et lait de vanille, peaux sèches || Le flacon de 400ml || Origine : FRANCE || Une sélection d'ingrédients aux vertus naturellement nourrissantes dans une formule douche Surgras idéale pour protéger les peaux sèches. Sa crème généreuse, à l'huile d'amandes douces bio et au lait de vanille*, nettoie en douceur votre peau et l'enveloppe d'un voile protecteur non gras. Elle parfume délicieusement la peau et la laisse hydratée, douce et souple, comme la peau d'un bébé. *Emulsion glycérinée à l'extrait de vanille. || Peaux sèches. Appliquer sous la douche puis rincer. Ne pas avaler. Ne pas laisser à la portée des enfants sans surveillance. En cas de contact avec les yeux, les rincer immédiatement. Testé dermatologiquement. || Aqua (water), sodium laureth sulfate, sorbitol, cocamidopropyl betaine, laureth-2, glyceryl oleate , parfum (fragrance), sodium chloride, sodium benzoate, salicylic acid, sodium hydroxide, vanilla tahitensis fruit extract, prunus amygdalus dulcis oil(sweet almond) oil, coco-glucoside, styrene/acrylates copolymer, tetrasodium glutamate diacetate, citric acid, polysorbate 20, acrylates copolymer, hexyl cinnamal, polyquaternium-7 (FIL C163569/2). || 12 mois après ouverture. || 
8,38€ / L || 
3,35 € || 
Douche, Peaux sensibles, Sans paraben || Le flacon de 400ml || Origine : FRANCE || Toute la douceur Cadum, toute la pureté de l'eau thermale pour les peaux sensibles et sèches. || Aqua, sodium laureth sulfate, cocamidopropyl betaine, glycerin, coco glucoside, peg-40 hydrogenated castor oil, parfum, sodium chloride, sodium benzoate, citric acid, peg-200 hydrogenated glyceryl palmate, peg-7, glyceryl cocoate, polyquaternium-7, tetrasodium glutamate diacetate, polysorbate 20, sodium hydroxide, linalool, limonene. || 12 mois après ouverture. || 
10,28€ / L || 
4,11 € || 
########
########
Douche sans savon à l'huile d'amandes douces bio, peaux délicates adoucies || Le flacon de 400ml || Origine : FRANCE || Nettoie en douceur et se rince facilement. La douche Cadum Sans Savon nettoie parfaitement la peau de toute la famille en laissant la peau nette et protégée. Une utilisation quotidienne de Cadum contribue à garder une peau douce come la peau d'un bébé. || Aqua (water), sodium laureth sulfate, cocamidopropyl betaine, glycerin, polyquaternium-7, laureth-2, parfum (fragrance), peg-40 hydrogenated castor oil, sodium benzoate, prunus amygdalus dulcis oil (sweet almond oil), citric acid, tetrasodium glutamate diacétate, sodium chloride, benzyl salicylate, coumarin, geraniol, hydroxyisohexyl 3-cyclohexene carboxaldehyde, butylphenyl methylpropional, citronellol, hexyl cinnamal, alpha methyl ionone, Cl17200 (red N33). Sans savon. Sans paraben. Sans edta.Contre les tests sur les animaux. || A utiliser dans les 12 mois après ouverture. || 
8,48€ / L || 
3,39 € || 
Gel corps et cheveux, Hypoallergénique || Le flacon pompe de 750ml || Origine : FRANCE || Un gel 2 en 1 extra doux qui ne pique pas les yeux pour laver un en seul geste le corps et les cheveux. Une formule si douce que tout le monde peut l'utiliser. || Aqua, sodium laureth sulfate, cocamidopropyl betaine, glycerin, coco glucoside, parfum, peg-200 hydrogenated glyceryl palmate, peg-40 hydrogenated castor oil, sodium chloride, sodium benzoate, peg-7 glyceryl cocoate, citric acid, prunus amygdalus dulcis (sweet almond) oil*, polyquaternium-7. *Ingrédient issu de l'agriculture biologique. || 12 mois après ouverture. || 
8,77€ / L || 
6,58 € || 
Huile d'amandes douces bio et beurre de karité, peaux sèches, bain surgras, crème de douche || Le flacon pompe de 750ml || Origine : FRANCE || Idéale pour les peaux sèches, elle nettoie votre peau en douceur, laisse un film protecteur non gras et lutte contre le dessèchement de la peau.Votre peau est protégée, souple et éclatante comme celle d'un bébé. || Aqua (water), sodium laureth sulfate, sorbitol, cocamidopropyl betaine, laureth-2, coco-glucoside, glyceryl oleate, parfum (fragrance), sodium chloride, benzyl alcohol, styrene/acrylates copolymer, sodium benzoate, citric acid, polyquaternium-7, peg-75 shea butter glycerides, prunus amygdalus dulcis (sweet almond) oil*, tetrasodium glutamate diacetate, benzyl salicylate, butylphenyl methylpropional, linalool, limonene, hydroxyisohexyl 3-cyclohexene carboxaldehyde, hexyl cinnamal. *Ingrédient issu de l'agriculture biologique. Sans paraben, sans edta, sans bht, sans dmdm, sans phénoxyéthanol. Contre les tests sur les animaux. || 12 mois après ouverture. || 
7,56€ / L || 
5,67 € || 
########
########
Au Monoï, Douche huile précieuse extra nourrissante || Le flacon de 560ml || Origine : FRANCE || 
7,02€ / L || 
3,93 € || 
Caramel, lait de douche gourmand || Le flacon de 250ml || Origine : FRANCE || Pour une peau douce à croquer : douceur, gourmandise et respect de la peau. || Ne pas laisser à la portée des enfants || Aqua, sodium laureth sulfate, sodium chloride, TEA lauryl sulfate, lauryl betaine, decyl glucoside, glycerin, parfum, styrene/acrylates copolymer, cetyl palmitate, lactose, beheneth-10, sodium caséinate, hydrogenated castor oil, glyceryl stearate, coumarine, citric acid, glycoproteins, methylchloroisothiazolinone, methylisothiazolinone, Cl19140, Cl14700, Cl17200. || 
9,68€ / L || 
2,42 € || 
Douche à l'huile de mangue extra nourrissante, peaux sèches et sensibles || Le flacon de 560ml || Origine : FRANCE || Riche en huiles réparatrices, elle nourrit la peau intensément sans laisser de film gras. L'huile de mangue réhydrate en profondeur les peaux asséchées et les protège durablement. || Ne pas laisser à la portée des enfants. || 12 mois après ouverture. || 
7,27€ / L || 
4,07 € || 
Douche huile précieuse, Extra nourrissante || Le flacon de 560ml || Origine : FRANCE || Découvrez la douche huile Cottage extra nourrissante. Elle respecte l'origine de la peau et nettoie les plus délicates sans les agresser.Riche en huiles réparatrices, elle nourrit la peau intensément sans laisser de film gras. Goûtez au plaisir authentique d'un parfum gourmand et offrez à votre peau tous les bienfaits de l'huile de Macadamia. Originaire d'Australie et appelée 'Reine des Noix', la noix de Macadamia produit une huile noble, unique et précieuse. Naturellement riche en lipides protecteurs des cellules, elle renforce la barrière cutanée et répare les peaux sèches. || Ne pas laisser à la portée des enfants. || Aqua, ammonium lauryl sulfate, cocamidopropyl betaine, decyl glucoside, glycerin, parfum, sodium benzoate, coco-glucoside, glyceryl oleate, citric acid, peg-40 hydrogenated castor oil, benzoic acid, macadamia seed oil polyglyceryl-6 esters, hydrogenated palm glycerides citrate, tocopherol, Cl 19140, Cl 15510. 98% d'ingrédients d'origine naturelle. Sans paraben. || 12 mois après ouverture. || 
7,34€ / L || 
4,11 € || 
Douche lait adoucissante, Coing & Lait vanillé || Le flacon de 250ml || Origine : FRANCE || Goûtez au plaisir authentique d'un parfum juteux et délicatement vanillé et offrez à votre peau tous les bienfaits du coing et du lait. Douceur et respect de la peau. || Ne pas laisser à la portée des enfants. || Aqua (water), sodium laureth sulfate, sodium chloride, tea-lauryl sulfate, lauryl betaine, glycerin, decyl glucoside, parfum (fragrance), styrene/acrylates copolymer, cetyl palmitate, peg-200 hydrogenated glyceryl palmate, potassium sorbate, peg-7 glyceryl cocoate, citric acid, beheneth-10, citral, limonene, linalool, glyceryl stearate, hydrogenated castor oil, methylisothiazolinone, lactoglobulin, formic acid, pyrus cydonia fruit extract, sodium hydroxide, Cl 15985 (yellow 6), Cl 19140 (yellow5). Sans paraben. Aux extraits de coing et au lait. || 12 mois après ouverture. || 
9,84€ / L || 
2,46 € || 
Lait corps extra nourrissant au monoï || Le flacon de 250ml || Origine : FRANCE || 
16,84€ / L || 
4,21 € || 
Lait corps hydratant à la violette || Le flacon de 250ml || Origine : FRANCE || 
16,84€ / L || 
4,21 € || 
Lait corps hydratant au caramel || Le flacon de 250ml || Origine : FRANCE || 
16,84€ / L || 
4,21 € || 
Bain de beauté, crème hydratante || le flacon de 500ml || Origine : FRANCE || Le secret d'une belle peau, c'est l'hydratation. D'où l'idée de ce produit : la rencontre d'une mousse crémeuse et d'un parfum aromatique associés à 1/4 de crème hydratante Dove.Le résultat ? Un bain aux sensations délicieuses, une peau douce et chouchoutée. Offrez-vous ce plaisir au quotidien. Dove chaque jour, une belle peau pour toujours. || Aqua, sodium laureth sulfate, glycerin, cocamidopropyl betaine, parfum, cocamide mea, isopropyl palmitate, guar hydroxypropyltrimonium chloride, acrylates copolymer, styrene/acrylates copolymer, ppg-12, sodium lauryl sulfate, sodium chloride, citricacid, sodium benzoate, benzyl alcohol, butylphenyl methylpropional, citronellol, hexyl cinnamal, limonene, linalool. || 12 mois après ouverture. || 
10,96€ / L || 
5,48 € || 
########
Douche soin nourrissante, Hydra nutrium || Le flacon de 750ml || Origine : FRANCE || Seules les douches Dove allient nos agents nettoyants les plus doux à l'Hydra Nutrium, une combinaison unique d'hydratants qui sont absorbés par la peau pour la nourrir en profondeur. || 12 mois après ouverture. || 
10,69€ / L || 
8,02 € || 
Douche soin nourrissante, Hypoallergénique || Le flacon de 400ml || Origine : ALLEMAGNE || Pourquoi Dove est différent ? La différence, c'est la nutrition Dove. Seules les douches Dove allient nos agents nettoyants les plus doux à l'Hydranutrium, une combinaison unique d'hydratants enrichis en lipides naturellement présents dans la peau, qui sont absorbés par la peau pour la nourrir en profondeur (couches supérieures de l'épiderme) durant la douche. Utilisée quotidiennement cette douche aide à retrouver une peau plus belle plus longtemps. || Pour les peaux sensibles, cette douche est hypoallergénique et testée cliniquement. || Aqua, glycerin, cocamidopropyl betaine, sodium hydroxypropyl starch phosphate, sodium laureth sulfate, helianthus annuus hybrid oil, sodium cocoyl glycinate, hydrogenated soybean oil, lauric acid, guar hydroxypropyltrimonium chloride, parfum, sodiumchloride, stearic acid, sodium palmitate, sodium lauroyl isethionate, sodium isethionate, sodium stearate, tetrasodium edta, sodium palm kernelate, tetrasodium etidronate, citric acid, dmdm hydantoin, sodium benzoate, methylisothiazolinone, bht, zincoxide, alumina, Cl 77891. Sans paraben. || 12 mois après ouverture. || 
12,33€ / L || 
4,93 € || 
Douche soin nourrissante, Mon soin cocooning || Le flacon de 250ml || Origine : FRANCE || Nourrissez et chouchoutez votre corps en vivant une véritable expérience sensorielle sous la douche. La douche-crème Dove au lait de coco et au subtil parfum de pétales de jasmin savoureusement mariés à l'hydra nutrium créera un délicieux nuage de mousse onctueuse pour vous apporter, ainsi qu'à votre peau, la sensation d'être nourrie et apaisée. || Aqua, sodium hydroxypropyl starch phosphate, sodium laureth sulfate, cocamidopropyl betaine, petrolatum, sodium cocoyl glycinate, lauric acid, sodium lauroyl isethionate, glycerin, helianthus annuus hybrid oil, parfum, cocos nucifera fruit extract, sine adipe lac, guar hydroxypropyltrimonium chloride, sodium chloride, stearic acid, sodium palmitate, sodium isethionate, sodium stearate, sodium palm kernelate, zinc oxide, tetrasodium edta, tetrasodium etidronate, alumina, bht, pentylene glycol, propylene glycol, peg-40 hydrogenated castor oil, trideceth-9, citric acid, dmdm hydantoin, sodium benzoate, methylisothiazolinone, phenoxyethanol, methylparaben, ethylparaben, propylparaben, butylparaben, alpha-isomethyl ionone, benzyl alcohol, benzylsalicylate, butylphenyl methylpropional, coumarin, hexyl cinnamal, limonene, linalool, CI 17200, CI 19140, CI 77891. || 12 mois après ouverture. || 
12,96€ / L || 
3,24 € || 
Douche soin nourrissante, Nutrition intense || Le flacon de 250ml || Origine : ALLEMAGNE || Utilisée chaque jour, elle favorise le bon renouvellement des couches supérieures de l'épiderme aidant ainsi à reconstituer la beauté de la peau de l'intérieur pour une peau + belle + longtemps.Seules les douches soin Dove contiennent de l'Hydra Nutrium, une association unique d'agents hydratants et de lipides naturellement présents dans la peau qui sont absorbés pour nourrir intensément la peau pendant votre douche. Nutrition Intense. Belle tous les jours. || Se rince facilement. Pour un résultat optimal, utilisez chaque jour. || Aqua, glycerin, helianthus annuus hybrid oil, cocamidopropyl betaine, sodium hydroxypropyl starch phosphate, sodium laureth sulfate, sodium cocoyl glycinate, lauric acid, parfum, sodium lauroyl isethionate, stearic acid, sodium palmitate, sodium isethionate, sodium chloride, guar hydroxypropyltrimonium chloride, sodium stearate, sodium palm kernelate, zinc oxide, citric acid, tetrasodium edta, tetrasodium etidronate, alumina, bht, sodium benzoate, methylisothiazolinone, dmdm  hydantoin, benzyl alcohol, butylphenyl methylpropional, citronellol, hexyl cinnamal, limonene, linalool, Cl77891. || 12 mois après ouverture. || 
8,76€ / L || 
2,19 € || 
Douche soin nourrissante, Nutrition intense || Le flacon de 400ml || Origine : ALLEMAGNE || L'Hydra Nutrium, une association unique d'agents hydratants et lipides naturellement présents dans la peau qui sont absorbés pour nourrir intensément la peau pendant votre douche.Utilisée chaque jour, elle favorise le bon renouvellement des couches supérieures de l'épiderme aidant ainsi à reconstituer la beauté de la peau de l'intérieur pour une peau plus belle plus longtemps. || Se rince facilement. Pour un résultat optimal, utilisez chaque jour. || Aqua, glycerin, helianthus annuus hybrid oil, hydrogenated soybean oil, cocamidopropyl betaine, sodium hydroxypropyl starch phosphate, sodium laureth sulfate, sodium cocoyl glycinate, lauric acid, parfum, sodium lauroyl isethionate, stearic acid, sodium palmitate, sodium isethionate, sodium chloride, guar hydroxypropyltrimonium chloride, sodium stearate, sodium palm kernelate, zinc oxide, citric acid, tetrasodium edta, tetrasodium etidronate, alumina, bht, sodium benzoate, methylisothiazolinone,dmdm hydantoin, benzyl alcohol, butylphenyl methylpropional, citronellol, hexyl cinnamal, limonene, linalool, Cl 77891. || 12 mois après ouverture. || 
8,73€ / L || 
3,49 € || 
Douche soin nourrissante, Nutrition intense || Le flacon de 750ml || Origine : FRANCE || Les douches soin Dove contiennent de l'Hydra Nutrium une association unique d'agents hydratants et de lipides présent dans la peau qui sont absorbés pour nourrir intensément la peau. || Pour un résultat optimal, utilisez chaque jour. || Aqua, glycerin, cocamidopropyl betaine, sodium hydroxypropyl starch phosphate, sodium laureth sulfate, helianthus annuus hybrid oil, sodium glycinate, hydrogenated soybean oil, lauric acid, parfum, sodium lauroyl isethionate, stearic acid, sodium palmitate, sodium isethionate, sodium chloride, guar hydroxypropyltrimonium chloride, sodium stearate, sodium palm kernelate, zinc oxide, citric acid, tetrasodium edta, tetrasodium etidronate, alumina, bht, sodium benzoate, methylisothiazolinone, dmdm hydantoin, benzyl alcohol, butylphenyl methylpropional, citronellol, hexyl cinnamal, limonene, linalool, CI77891. || 12 mois après ouverture. || 
8,60€ / L || 
6,45 € || 
########
########
Douche & Bain, Crème extra doux, Abricot & Noisette || Le flacon de 650ml || Origine : ITALIE || Sa formule lave en douceur et hydrate la peau. Abondante et facile à rincer, sa mousse libère un parfum qui s'inspire de la douce odeur de l'abricot et des noisettes fraîchement cueillies. Variez les plaisirs avec le Douche & Bain Crème Le Petit Marseillais qui s'utilise aussi bien sous la douche que pour un bain moussant. || Aqua, sodium laureth sulfate, glycerin, cocamidopropyl betaine, sucrose cocoate, corylus avellana seed extract, prunus armeniaca fruit extract, propylene glycol, cocamide mea, lauryl glucoside, disodium cocoamphodiacetate, ceteareth-60 myristyl glycol, sodium lauryl sulfate, sodium chloride, styrene/acrylates copolymer, polyquaternium-7, polysorbate 20, citric acid, sodium glycolate, sodium benzoate, parfum, hexyl cinnamal, geraniol, linalool, benzyl salicylate, butylphenyl methylpropional. Sansparaben. || 12 mois après ouverture. || 
8,95€ / L || 
5,82 € || 
Douche & Bain, Crème extra doux, Fleur de cerisier || Le flacon de 650ml || Origine : ITALIE || Sa formule lave en douceur et s'utilise aussi bien sous la douche que pour un bain moussant. Abondante et facile à rincer, sa mousse libère un parfum floral. Votre peau est douce et hydratée. Révélez votre côté nature avec les Douches & Bain Extra Doux Le Petit Marseillais : des ingrédients simples et de parfums vrais pour faire de la douche et du bain un moment de plaisir. || Aqua, sodium laureth sulfate, glycerin, cocamidopropyl betaine, sucrose cocoate, prunus cerasus flower extract, propylene glycol, cocamide mea, lauryl glucoside, disodium cocoamphodiacetate, ceteareth-60 myristyl glycol, sodium lauryl, sodium chloride, sodium sulfate, styrene/acrylates copolymer, polyquaternium-7, polysorbate 20, citric acid, sodium glycolate, sodium benzoate, parfum, butylphenyl methylpropional, hexyl cinnamal, CI 14720. Sans paraben. || 12 mois après ouverture. || 
9,49€ / L || 
6,17 € || 
Douche & Bain, Extra doux, Aloe vera || Le flacon de 650ml || Origine : ITALIE || Sa formule lave en douceur, hydrate et rafraîchit la peau. Abondante et facile à rincer, sa mousse libère un parfum doux et rafraîchissant. Variez les plaisirs avec le Douche & Bain Crème Le Petit Marseillais qui s'utilise aussi bien sous la douche que pour un bain moussant. || Aqua, ammonium lauryl sulfate, glycerin, cocamidopropyl betaine, lauryl glucoside, aloe barbadensis leaf juice, hydrogenated palm glycerides citrate, lauryl alcohol, glyceryl oleate, alcohol, coco-glucoside, polyquaternium-7, benzotriazolyl dodecyl p-cresol, tris (tetramethylhydroxypiperidinol) citrate, sodium chloride, ammonium sulfate, ammonium chloride, citric acid, tocopherol, sodium sulfite, sodium benzoate, potassium sorbate, parfum, hexyl cinnamal, limonene, linalool, citronellol, alpha isomethyl ionone, CI 19140, CI 42090. || 12 mois après ouverture. || 
9,49€ / L || 
6,17 € || 
Douche & Bain, Extra doux, Huile d'olive & Tilleul || Le flacon de 650ml || Origine : ITALIE || Sa formule lave en douceur et s'utilise aussi bien sous la douche que pour un bain moussant. Abondante et facile à rincer, sa mousse libère un parfum de Provence. La peau est douce et hydratée. Révélez votre côté nature avec les Douches & Bain ExtraDoux Le Petit Marseillais : des ingrédients simples et de parfums vrais pour faire de la douche et du bain un moment de plaisir. || Aqua, sodium laureth sulfate, glycerin, cocamidopropyl betaine, sucrose cocoate, tilia cordata flower extract, peg-10 olive glycerides, cocamide mea, lauryl glucoside, disodium cocoamphodiacetate, polysorbate 20, ceteareth-60 myristyl glycol, polyquaternium-7, sodium chloride, sodium sulfate, tetrasodium edta, citric acid, sodium glycolate, sodium benzoate, methylisothiazolinone, parfum, hexyl cinnamal, limonene, benzyl salicylate, butylphenyl methylpropional, geraniol, linalool, caramel, CI 19140, CI 42051. Sans paraben. || 12 mois après ouverture. || 
9,49€ / L || 
6,17 € || 
########
Douche & bain crème, sève d'aloe vera & fleur d'amandier || Le flacon de 650ml || Origine : ITALIE || Aqua, Ammonium lauryl sulfate, Glycerin,  Cocamidoprapyl betaine,  Aloe Barbadensis Leaf Juice, Prunus Amygdalus dulcis Flower Extract, Lauryl Alcohol, Ammonium Chloride, Ammonium Sulfate,  Sodium Chloride, Acrylates  copolymer, Polyquaternium-7, Styrene/acrylates Copolymer, Citric Acid, Sodium Benzaote, Sodium Sulfite, Parfum. SANS PARABEN || 
9,49€ / L || 
6,17 € || 
Douche & bain crème, Sève d'aloe vera & fleur de pommier || Le flacon de 650ml || Origine : ITALIE || Aqua, Ammonium lauryl sulfate,  Cocamidoprapyl betaine, Glycerin ,  Aloe Barbadensis Leaf Juice, Pyrus Malus Flower Extract, Hydroxypropyl guar hydroxypropyltrimonium Chloride, Lauryl Alcohol, Sodium Chloride,  , Ammonium Sulfate, Polyquaternium-7,Ammonium Chloride, , Acrylates , Citric Acid , Sodium benzoate, Sodium Sulfite, Parfum. SANS PARABEN || 
9,49€ / L || 
6,17 € || 
########
Douche baume de soin, Huile aux pétales de rose || Le flacon de 250ml || Origine : GRECE || Sa texture baume, riche et onctueuse, vous enveloppe d'une légère mousse délicatement parfumée. Lavée en douceur, votre peau nourrie et hydratée pendant 24h. || Aqua, ammonium lauryl sulfate, glycerin, cocamidopropyl betaine, hydroxypropyl starch phosphate, sodium chloride, rosa damascena flower extract, hydrogenated argania spinosa kernel oil, cera alba, cetyl alcohol, lauryl alcohol, caprylic/capric triglycéride, sodium lauryl sulfate, polyquaternium-7, acrylates copolymer, ammonium chloride, ammonium sulfate, stearyl alcohol, myristyl alcohol, glycol distearate, styrene/acrylates copolymer, citric acid, tocopherol, sodium benzoate, parfum, hexyl cinnamal. Sans paraben. || 12 mois après ouverture. || 
12,96€ / L || 
3,24 € || 
Douche baume de soin, Huile d'amande douce || Le flacon de 250ml || Origine : GRECE || Sa texture baume, riche et onctueuse, vous enveloppe d'une légère mousse délicatement parfumée. Lavée en douceur, votre peau nourrie et hydratée pendant 24h. || Aqua, ammonium lauryl sulfate, glycerin, cocamidopropyl betaine, hydroxypropyl starch phosphate, prunus amygdalus dulcis oil, cera alba, olea europaea fruit oil, hydrogenated olive oil, cetyl alcohol, lauryl alcohol, caprylic/capric triglyceride, sodium lauryl sulfate, polyquaternium-7, acrylates copolymer, sodium chloride, ammonium chloride, ammonium sulfate, myristyl alcohol, stearyl alcohol, glycol distearate, styrene/acrylates copolymer, citric acid, tocopherol, sodium benzoate, parfum, coumarin. Sans paraben. || 12 mois après ouverture. || 
11,48€ / L || 
2,87 € || 
Douche crème extra doux, fleur d'oranger || Le flacon de 250ml || Origine : ITALIE || Aqua Sodium Laureth Sulfate Glycerin Cocamidopropyl Betaine Helianthus Annuus Seed Oil Citrus Aurantium Dulcis Flower Extract Cinnamic Acid Levulinic Acid Sodium Levulinate Sucrose Cocoate Polyglyceryl-3 Diisostearate Glyceryl Stearate Glyceryl Caprylate Lecithin Polysorbate 20 Cocamide MEA Lauryl Glucoside Disodium Cocoamphodiacetate Ceteareth-60 Myristyl Glycol Sodium Lauryl Sulfate Styrene/Acrylates Copolymer Polyquaternium-7 Xanthan Gum Sodium Chloride Sodium Glycolate Disodium EDTA Sodium Phytate Citric Acid Tocopherol Potassium Sorbate Sodium Benzoate Parfum Hexyl Cinnamal Limonene Linalool. SANS PARABEN || 
10,52€ / L || 
2,63 € || 
Douche crème extra doux, hydrate et nourrit                      Lait d'amande douce || L'éco-recharge de 500ml || Origine : FRANCE || Sans paraben et au pH neutre pour la peau, la Douche crème au lait d'Amande Douce Le Petit Marseillais lave en douceur votre peau. Sa mousse onctueuse et facile à rincer libère un parfum enveloppant et gourmand. Votre peau est douce, hydratée et nourrie. Un produit malin. Un format généreux. Un emballage moins gourmand. || Ceci n'est pas un jouet. Ne laissez pas votre enfant jouer avec. || Aqua, sodium, laureth sulfate, glycerin, cocamidopropyl betaine, sodium chloride, prunus amigdalus dulcis oil, cinnamic acid levulinic acid, sodium levulinate, lecithin, sucrose cocoate, polyglyceryl-3 diisostearate, glyceryl stearate, glyceryl caprylate, polysorbate 20, cocamide MEA, lauryl glucoside, disodium cocoamphodiacetate, ceteareth-60 myristyl glycol, sodium lauryl sulfate, styrene/acrylates copolymer, polyquaternium-7, xanthan gum, disodium EDTA, sodium phytate, sodium glycolate, citric acid, tocopherol, potassium sorbate, sodium benzoate, parfum, alpha-isomethyl ionone, eugenol. Sans paraben. || 12 mois après ouverture. || 
10,20€ / L || 
5,10 € || 
Douche crème extra doux, lait d'amande douce || Le flacon de 250ml || Origine : ITALIE || Aqua Sodium Laureth Sulfate Glycerin Cocamidopropyl Betaine Sodium Chloride Prunus Amygdalus Dulcis Oil Cinnamic Acid Levulinic Acid Sodium Levulinate Lecithin Sucrose Cocoate Polyglyceryl-3 Diisostearate Glyceryl Stearate Glyceryl Caprylate Polysorbate 20 Cocamide MEA Lauryl Glucoside Disodium Cocoamphodiacetate Ceteareth-60 Myristyl Glycol Sodium Lauryl Sulfate Styrene/Acrylates Copolymer Polyquaternium-7 Xanthan Gum Disodium EDTA Sodium Phytate Sodium Glycolate Citric Acid Tocopherol Potassium Sorbate Sodium Benzoate Parfum Alpha-Isomethyl Ionone Eugenol. SANS PARABEN || 
10,52€ / L || 
2,63 € || 
Douche crème extra doux, lait de coton & coquelicot || Le flacon de 250ml || Origine : ITALIE || La Douche Crème Le Petit Marseillais lave en douceur et hydrate la peau. Onctueuse et facile à rincer, sa mousse libère un parfum raffiné et gourmand procurant une intense sensation de douceur. || Aqua, sodium laureth sulfate, glycerin, cocamidopropyl betaine, sodium chloride, gossypium herbaceum seed oil, papaver rhoeas petal extract, sucrose cocoate, lecithin, sodium levulinate, levulinic acid, cinnamic acid, glyceryl caprylate, glyceryl stearate, polyglyceryl-3 diisostearate, ceteareth-60 myristyl glycol, cocamide mea, disodium cocoamphodiacetate, lauryl glucoside, polysorbate 20, sodium lauryl sulfate, polyquaternium-7, xanthan gum, styrene/acrylates copolymer, disodium edta, sodium phytate, citric acid, sodium glycolate, tocopherol, sodium benzoate, potassium sorbate, parfum, butylphenyl methylpropional, linalool. Sans paraben. || 12 mois après ouverture. || 
10,52€ / L || 
2,63 € || 
Douche crème extra doux, lait de vanille || Le flacon de 250ml || Origine : ITALIE || Aqua Sodium Laureth Sulfate Glycerin Sodium Chloride Cocamidopropyl Betaine Vanilla Planifolia Fruit Extract Helianthus Annuus Seed Oil Cinnamic Acid Levulinic Acid Sodium Levulinate Sucrose Cocoate Polyglyceryl-3 Diisostearate Glyceryl Stearate Glyceryl Caprylate Lecithin Polysorbate 20 Cocamide MEA Lauryl Glucoside Disodium Cocoamphodiacetate Ceteareth-60 Myristyl Glycol Styrene/Acrylates Copolymer Polyquaternium-7 Xanthan Gum Sodium Sulfate Disodium EDTA Sodium Phytate Sodium Glycolate CitricAcid Tocopherol Potassium Sorbate Sodium Benzoate Parfum Benzyl Salicylate Coumarin CI 19140 Caramel. SANS PARABEN || 
10,52€ / L || 
2,63 € || 
########
Douche crème extra doux, miel de lavande || Le flacon de 250ml || Origine : ITALIE || La Douche Crème Le Petit Marseillais lave en douceur et hydrate la peau. Onctueuse et facile à rincer, sa mousse libère un parfum authentique de Provence. Ses notes intenses évoquent la gourmandise du miel et la lavande fraîchement cueillie. Votre peau est douce, hydratée et nourrie. || Aqua, sodium laureth sulfate, glycerin, cocamidopropyl betaine, sucrose cocoate, mel extract, butylene glycol, cocamide mea, lauryl glucoside, disodium cocoamphodiacetate, ceteareth-60 myristyl glycol, sodium chloride, styrene/acrylates copolymer, polyquaternium-7, polysorbate 20, citric acid, sodium glycolate, sodium benzoate, parfum, linalool, coumarin, butylphenyl methylpropional, limonene. Sans paraben. || 12 mois après ouverture. || 
10,52€ / L || 
2,63 € || 
Douche extra doux, lait || Le flacon de 250ml || Origine : ITALIE || Aqua Sodium Laureth Sulfate Glycerin Cocamidopropyl Betaine Cinnamic Acid Levulinic Acid Prunus Amygdalus Dulcis Oil Sodium Levulinate Glyceryl Caprylate Glyceryl Stearate Polyglyceryl-3 Diisostearate Sucrose Cocoate Glycol Distearate Lecithin Cocamide MEA Ceteareth-60 Myristyl Glycol Disodium Cocoamphodiacetate Laureth-10 Lauryl Glucoside Polysorbate 20 Polyquaternium-7 Sodium Chloride Xanthan Gum Sodium Phytate Tetrasodium EDTA Sodium Glycolate Citric Acid Tocopherol Methylisothiazolinone Sodium Benzoate Potassium Sorbate Benzoic Acid Parfum Alpha-Isomethyl Ionone Coumarin Geraniol Linalool Citronellol. SANS PARABEN || 
10,52€ / L || 
2,63 € || 
########
Gel douche extra doux, mandarine & citron vert || Le flacon de 250ml || Origine : ITALIE || Aqua Sodium Laureth Sulfate Glycerin Cocamidopropyl Betaine Sucrose Cocoate Citrus Aurantifolia Fruit Extract Citrus Nobilis Fruit Extract Propylene Glycol Polysorbate 20 Cocamide MEA Lauryl Glucoside Disodium Cocoamphodiacetate Ceteareth-60 MyristylGlycol Polyquaternium-7 Sodium Chloride Sodium Sulfate Tetrasodium EDTA Citric Acid Sodium Glycolate Methylisothiazolinone Sodium Benzoate Parfum Limonene CI 19140 CI 42051 CI 47005. SANS PARABEN || 
10,52€ / L || 
2,63 € || 
Gel douche extra doux, pêche blanche & nectarine || Le flacon de 250ml || Origine : ITALIE || Aqua Sodium Laureth Sulfate Glycerin Cocamidopropyl Betaine Prunus Persica Nectarina Fruit Extract Prunus Persica Fruit Extract Sucrose Cocoate Polysorbate 20 Butylene Glycol Propylene Glycol Ceteareth-60 Myristyl Glycol Cocamide MEA Disodium Cocoamphodiacetate Lauryl Glucoside Polyquaternium-7 Sodium Chloride Tetrasodium EDTA Citric Acid Sodium Glycolate Sodium Benzoate Methylisothiazolinone Parfum Benzyl Salicylate Limonene CI 14700 CI 19140. SANS PARABEN || 
10,52€ / L || 
2,63 € || 
Gel douche extra doux, pin & criste marine || Le flacon de 250ml || Origine : ITALIE || Aqua Sodium Laureth Sulfate Glycerin Cocamidopropyl Betaine Sucrose Cocoate Crithmum Maritimum Extract Pinus Pinaster Bark Extract Cocamide MEA Lauryl Glucoside Disodium Cocoamphodiacetate Polysorbate 20 Ceteareth-60 Myristyl Glycol Polyquaternium-7Sodium Chloride Sodium Sulfate Tetrasodium EDTA Citric Acid Sodium Glycolate Sodium Benzoate Methylisothiazolinone Potassium Sorbate Parfum Butylphenyl Methylpropional Hexyl Cinnamal Linalool Benzyl Salicylate Limonene Hydroxycitronellal CI 14720 CI42051. SANS PARABEN || 
10,68€ / L || 
2,67 € || 
########
Gel mousse extra doux lait d'amande douce || Le berlingot de 250 ml || Origine : FRANCE || Aqua-sodium laureth sulfate-laureth 3-lauryl glucoside-sodium chloride-cocamidopropyl betaine-polyquaternium 7-PEG 40-hydrogenated castor oil-styrene acrylates-copolymer-prunus dulcis oil-hydrogenated lecithin-polyglyceryl 3-disostearate-glycerin-glyceryl stearate-xanthan gum-parfum-alpha=isomethyl ionone-eugenol-tetrasodium EDTA-DMDM hydantoin-iodopropynyl butylcarbamate-citric acid-sodium hydroxide. || 
4,08€ / L || 
1,02 € || 
########
Jambon cuit supérieur au torchon, cuisiné à l'os, sans couenne || 4 tranches +1 gratuite, 160g || Origine : FRANCE || 
15,90€ / Kg || 
3,18 € || 
Douche crème hydratante, Lait, Mûre & fleur de cerisier || Le flacon de 500ml || Origine : FRANCE || Le gel douche Monsavon 100% essentiel Lait, mûre et fleur de cerisier contient uniquement les ingrédient essentiels pour respecter l'équilibre naturel de votre peau. Et vous offrir un moment de douceur et de bien-être parfumé sous la douche. Une texture crème au lait, comme une caresse sur la peau pour l'hydrater tout en douceur, une formule douce sans paraben, sans colorant et sans phtalate, le plaisir d'une parfum doux et fleuri pour une agréable sensation de naturel sous la douche. Toutes nosformules 100% essentiel ont été testées dermatologiquement. || Retrouvez Monsavon 100% essentiel en flacon 500 ml : ce format économique s'utilise aussi bien sous la douche que pour le bain et convient à toute la famille ! || 12 mois après ouverture. || 
8,22€ / L || 
4,11 € || 
Crème douche douceur || Le flacon de 250ml || Origine : ALLEMAGNE || Grâce à la technologie brevetée Hydra IQ et les agents hydratants, sa formule apporte un soin optimal à votre peau.La texture légère enrichie à l'huile d'amande douce enveloppe votre peau d'une mousse onctueuse pour une pure sensation de douceur. Sonparfum doux et discret laisse votre peau délicatement parfumée. || Aqua, sodium laureth sulfate, cocamidopropyl betaine, peg-7 glyceryl cocoate, parfum, glycerin, glyceryl glucoside, prunus amygdalus dulcis oil, sodium chloride, peg-40 hydrogenated castor oil, polyquaternium-7, styrene/acrylates copolymer, citric acid, peg-200 hydrogenated glyceryl palmate, sodium benzoate, sodium salicylate, methylparaben, propylparaben, linalool. || 12 mois après ouverture. || 
10,68€ / L || 
2,67 € || 
Crème douche nourrissante || Le flacon de 500ml || Origine : FRANCE || Sa formule se transforme en une mousse généreuse qui nettoie en douceur et nourrit la peau. Le parfum unique et réconfortant de la crème Nivea éveille vos sens. || Aqua, sodium laureth sulfate, glycerin, cocamidopropyl betaine, peg-7 glyceryl cocoate, glyceryl glucoside, lanolin alcohol (eucerit®), panthenol, octyldodecanol, helianthus annuus seed oil, sodium chloride, polyquaternium-7, citric acid, peg-40  hydrogenated castor oil, styrène/acrylates copolymer, peg-200 hydrogenated glyceryl palmate, sodium benzoate, linalool, limonène, géraniol, citronellol, benzyl alcohol, alpha-isomethyl ionone, parfum. || 12 mois après ouverture. || 
7,94€ / L || 
3,97 € || 
Huile de douche pour peaux sèches || Le flacon de 200ml || Origine : ALLEMAGNE || Grâce aux 55% d'huiles naturelles de soin, sa formule apporte une nutrition intense et renforce la barrière protectrice de la peau.La texture veloutée vous enveloppe d'une mousse onctueuse et nettoie votre peau en douceur. || Bien rincer la baignoire après utilisation pour éviter de glisser. Eviter le contact avec les yeux, si nécessaire, rincer à l'eau claire. || Glycine soja oil, mipa laureth sulfate, ricinus communis seed oil, laureth-4, cocamide dea, parfum, citric acid, aqua, bht, propyl gallate, limonene, linalool, citronellol, coumarin, benzyl alcohol, alpha-isomethyl ionone, farnesol, geraniol. || 12 mois après ouverture. || 
21,05€ / L || 
4,21 € || 
Lait corps sous la douche hydratant, à utiliser après le gel douche, à rincer. Peaux normales, minéraux marins. || Le flacon de 400ml || Origine : FRANCE || Une toute nouvelle façon de s'hydrater à la fois douce et simple ! Un vrai moment de plaisir ! Votre peau mouillée assimile rapidement la formule hydratante, elle est vite absorbée. Résultat : une peau douce et veloutée à la sortie de la douche. Pasbesoin d'appliquer un lait pour le corps classique après. Testé sous contrôle dermatologique. || Utilisez votre gel douche habituel et rincez le. Appliquez ce lait sur tout le corps sous la douche (une noisette par zone d'application suffit). Rincez. Séchez vous comme d'habitude. S'il reste du produit, pensez à bien rincer la baignoire après utilisation pour éviter de glisser. || Aqua, cera microcristallina, paraffinum liquidum, glycerin, cetearyl alcohol, hydrogenated coco-glycerides, stearyl alcohol, myristyl alcohol, maris sal, sodium carbomer, sodium acrylates/C10-30 alkyl acrylate crosspolymer, aluminum starch octenylsuccinate, phenoxyethanol, methylisothiazolinone, linalool, benzyl alcohol, butylphenyl methylpropional, geraniol, limonene, alpha-isomethyl ionone, parfum. Sans colorants et silicones. || 12 mois après ouverture. || 
16,70€ / L || 
6,68 € || 
Douche crème, Vanille & jojoba || Le flacon de 250ml || Origine : ALLEMAGNE || Découvrez les secrets de beauté des sublimes femmes des îles dans cette crème de douche hydratante et délicieusement parfumée, enrichie en extraits naturels de vanille et de jojoba. || 12 mois après ouverture. || 
10,24€ / L || 
2,56 € || 
Douche hydratante, Lait de vanille || Le flacon de 250ml || Origine : FRANCE || 
10,52€ / L || 
2,63 € || 
Douche nourrissante, Lait de coco || Le flacon de 250ml || Origine : FRANCE || Avec la nouvelle douche Tahiti Nourrissante, plongez dans le plaisir et la douceur du Paradis !Grâce à sa formule au pH neutre pour la peau enrichie en agents hydratants et en extrait naturel de noix de coco, vous sentez votre peau douce et nourrie.Son parfum gourmand aux notes orientales de coco laisse votre peau délicieusement parfumée. || Aqua, sodium C12-13 pareth sulfate (*A)/sodium laureth sulfate (*B), cocamidopropyl betaine, glycerin, parfum, sodium chloride, cocamide mea, sodium benzoate, styrene/acrylates copolymer, sodium salicylate, polyquaternium-7, glycol distearate, citricacid, tetrasodium edta, laureth-4, poloxamer 124, cocos nucifera extract, cedrus atlantica oil, coumarin, hexyl cinnamal, hydroxyisohexyl 3-cyclohexene carboxaldehyde, Cl 19140, Cl 16255. *A/B : voir code de production. || 12 mois après ouverture. || 
10,52€ / L || 
2,63 € || 
Douche secret, à l'huile d'argan & hibiscus || Le flacon de 250ml || Origine : FRANCE || Découvrez les secrets de beauté des sublimes femmes des îles dans ce gel douche incroyablement sensuel enrichi en huile d'argan. || 12 mois après ouverture. || 
10,52€ / L || 
2,63 € || 
Douche secret, à l'huile de monoï & frangipanier || Le flacon de 250ml || Origine : FRANCE || Découvrez les secrets de beauté des sublimes femmes des îles dans ce gel douche incroyablement sensuel enrichi en huile de monoï. || 12 mois après ouverture. || 
10,24€ / L || 
2,56 € || 
Douche secret, Coco & aloé véra || Le flacon de 250ml || Origine : FRANCE || Découvrez les secrets de beauté des sublimes femmes des îles dans cette crème de douche hydratante et délicieusement parfumée, enrichie en extraits naturels de coco et d'aloe vera. || 12 mois après ouverture. || 
10,24€ / L || 
2,56 € || 
########
Douche secret, Magnolia & karité || Le flacon de 250ml || Origine : FRANCE || Découvrez les secrets de beauté des sublimes femmes des îles dans cette crème de douche hydratante et délicieusement parfumée, enrichie en extraits naturels de magnolia et de beurre de karité. || 12 mois après ouverture. || 
10,24€ / Pce || 
2,56 € || 
Douche secret, Passion & monoï || Le flacon de 250ml || Origine : FRANCE || Découvrez les secrets de beauté des sublimes femmes des îles dans cette crème de douche hydratante et délicieusement parfumée, enrichie en extraits naturels de passion et de monoï. || 12 mois après ouverture. || 
10,52€ / L || 
2,63 € || 
########
########
########
########
########
Gel douche & bain one ginger morning || Le flacon de 500ml || Origine : ROYAUME UNI || Nos soins sont merveilleux pour chouchouter votre peau et garder votre moral au beau fixe. || Sous la douche, appliquez, massez sur peau humide, rincez. Pour le bain, détendez vous pendant 10 min. || Aqua, sodium laureth sulfate, cocamidopropyl betaine, cocamide dea, glycerin, sodium chloride, parfum, citral, eugenol, geraniol, limonene, linalool, xanthan gum, styrene/acrylates copolymer, polyquaternium-7, denatonium benzoate, citric acid, magnesium nitrate, magnesium chloride, benzyl alcohol, methylchloroisothiazolinone, methylisothiazolinone, methylparaben, propylparaben, CI 47005 (yellow 10), CI 42090 (blue 1). || 12 mois après ouverture. || 
12,34€ / L || 
6,17 € || 
########
Gel douche et bain, raspberry kiss || Le flacon de 500ml || Origine : ROYAUME UNI || Nos soins sont merveilleux pour chouchouter votre peau et garder votre moral au beau fixe. || Sous la douche, appliquez, massez sur peau humide, rincez. Pour le bain, détendez vous pendant 10 minutes. || Aqua (water), sodium laureth sulfate, cocamidopropyl betaine, cocamide DEA, glycerin, sodium chloride, parfum (fragrance), linalool, styrene/acrylates copolymer, polyquaternium-7, denatonium benzoate, xanthan gum, citric acid, magnesium nitrate, magnesium chloride, benzyl alcohol, methylchloroisothiazolinone, methylisothiazolinone, methylparaben, propylparaben, CI 14700 (red 4), CI 17200 (red 33), CI 42090 (blue 1). || Se conserve 12 mois après ouverture. || 
12,34€ / L || 
6,17 € || 
########
########
########
Crème de douche purifiante, rhassoul & fleur de jasmin || Le flacon de 250ml || Origine : FRANCE || La recherche Ushuaïa a sélectionné le Rhassoul, argile orientale naturelle qui absorbe les impuretés, traditionnellement utilisé pour son pouvoir purifiant. Le temps d'une douche vous êtes transportée dans la plus pure tradition de beauté orientale. || En cas de contact avec les yeux, les rincer immédiatement. || Aqua, sodium laureth sulfate, coco betaine, glycerin, sodium chloride, parfum, ppg-5-ceteth-20, CI19140/yellow5, CI14700/red4, linalool, ceteareth-60 myristyl glycol, sodium benzoate, sodium styrene/acrylates copolymer, salicylic acid, sodium laurylsulfate, sodium hydroxide, jasmin officinale extract/jasmin flower extract, disodium laureth sulfosuccinate, moroccan lava clay, citric acid, polyquaternium-7, benzyl salicylate, benzyl alcohol (FIL C159289/1). || 12 mois après ouverture. || 
11,76€ / L || 
2,94 € || 
########
Douche régénérante, huile d'argan bio du Maroc || Le flacon de 250ml || Origine : FRANCE || Au Maroc, la Recherche Ushuaïa a sélectionné I'huile d'argan issue de l'agriculture biologique, reconnue pour ses vertus régénérantes. Elle l'a intégré à une formule de douche régénérante qui nettoie votre peau en la laissant parfaitement douce. Plaisir des sens et respect de la peau. Son parfum oriental et sa texture généreuse à la mousse onctueuse vous procurent un intense moment de bien être. Sa formule a été élaborée pour un respect optimal de la peau. || En cas de contact avec les yeux, les rincer immédiatement. || Aqua/water, sucrose*, sodium lauryl sulfate, sodium chloride, decyl glucoside, linalool, argania spinosa oil*/argania spinosa kernel oil*, glycerin, parfum/fragrance, salicylic acid, sodium benzoate, sodium hydroxide, limonene, citric acid, polyglyceryl-10 laurate. (F.I.L B31499/1). *ingrédients issus de l'agriculture biologique. Sans colorant. || A utiliser dans les 12 mois après ouverture. || 
16,44€ / L || 
4,11 € || 
Douche régénérante, huile d'argan bio du Maroc || Le flacon de 250ml || Origine : FRANCE || Au Maroc, la Recherche Ushuaïa a sélectionné I'huile d'argan issue de l'agriculture biologique, reconnue pour ses vertus régénérantes. Elle l'a intégré à une formule de douche régénérante qui nettoie votre peau en la laissant parfaitement douce. Plaisir des sens et respect de la peau. Son parfum oriental et sa texture généreuse à la mousse onctueuse vous procurent un intense moment de bien être. Sa formule a été élaborée pour un respect optimal de la peau. || En cas de contact avec les yeux, les rincer immédiatement. || Aqua/water, sucrose*, sodium lauryl sulfate, sodium chloride, decyl glucoside, linalool, argania spinosa oil*/argania spinosa kernel oil*, glycerin, parfum/fragrance, salicylic acid, sodium benzoate, sodium hydroxide, limonene, citric acid, polyglyceryl-10 laurate. (F.I.L B31499/1). *ingrédients issus de l'agriculture biologique. Sans colorant. || A utiliser dans les 12 mois après ouverture. || 
16,44€ / L || 
4,11 € || 
Huile de douche, huile de monoî&fleur de tiare || Le flacon de 250ml || Origine : FRANCE || La recherche Ushuaïa a sélectionné l'huile de Monoï au pouvoir nourrissant et illuminant et l'a associée au parfum solaire et envoûtant de la fleur de Tiaré pour sublimer la peau. || En cas de contact avec les yeux, les rincer immédiatement. || Aqua/water, sodium laureth sulfate, glycerin, coco-betaine, sodium chloride, peg-7 glyceryl cocoate, parfum/fragrance, ppg-5-ceteth-20, Cl 14700/red 4, Cl 47005/acid yellow 3, gardenia tahitensis flower extract, sodium benzoate, salicylic acid, sodium hydroxide, cocos nucifera oil/coconut oil, citric acid, polyquaternium-7. || 12 mois après une ouverture. || 
11,76€ / L || 
2,94 € || 
########
########
Huile de douche satinante, huile de monoï et goyave || Le flacon de 250ml || Origine : POLOGNE || 
11,76€ / L || 
2,94 € || 
########
########
Douche & bain, Zero% kids corps & cheveux || Le flacon de 500ml || Origine : FRANCE || La formule douce et biodégradable du gel douche et bain Sanem 0% Kids contient un nombre réduit d'ingrédients chimiques. Il est adaptée à la peau délicate des enfants et conçu pour minimiser les risques d'allergies. || Douche et bain. || 12 mois après ouverture. || 
9,16€ / L || 
4,58 € || 
########
########
########
########
########
Gel douche dermo pure clean, Peaux normales à grasses || Le flacon de 250ml || Origine : FRANCE || Adapté aux peaux normales à grasses, le gel moussant purifiant Sanex dermo Pure Clean nettoie activement la peau tout en laissant une sensation de fraîcheur après la douche. Le complexe dermo Active 3 procure les 3 bienfaits nécessaires pour garder une peau saine : hydratation intense, protection, équilibre du PH. || Peaux normales à grasses. Ce gel douche convient pour la peau du corps et du visage. En cas de contact avec les yeux rincez immédiatement à l'eau claire. || 12 mois après ouverture. || 
13,80€ / L || 
3,45 € || 
########
########
Gel douche peaux sèches || L'éco-recharge de 500ml || Origine : FRANCE || Rechargez votre gel douche Sanex 0% : c'est plus économique. La recharge contient 73% de plastique en moins qu'un flacon Sanex classique de 500ml : cela contribue au respect de l'environnement.Sanex 0% contient seulement les ingrédients essentiels pour une peau saine et hydratée. || Aqua, glycerin, sodium laureth sulfate, cocamidopropyl betaine, sodium chloride, coco-glucoside, parfum, sodium lactate, lactic acid, glyceryl oleate, sodium benzoate .0% parabens, 0% colorants, 0% phthalates, 0% phenoxyethanol. || 12 mois après ouverture. || 
11,30€ / L || 
5,65 € || 
Gel douche zero%, peaux normales || Le flacon de 750ml || Origine : FRANCE || 
10,43€ / L || 
7,82 € || 
########
########
Gel douche, peau douce et hydratée, parfum réconfortant lait et fleur de cerisier || Le flacon de 250ml || Origine : FRANCE || Peau douce et hydratée. Parfum réconfortant lait & fleur de cerisier. || Aqua, sodium laureth sulfate, glycerin, cocamidopropyl betaine, disodium lauryl sulfosuccinate, citric acid, cocamide mea, parfum, sodium benzoate, sodium chloride, disodium cocoamphodiacetate, styrene/acrylates copolymer, acrylates copolymer, sucrose cocoate, ceteareth-60 myristyl glycol, polyquaternium-10, polyquaternium-7, disodium edta, propylene glycol, linalool, glycine soja (soybean) seed extract, polysorbate 20, sodium lauryl sulfate, sodium acetate, prunus cerasus (bitter cherry) extract, isopropyl alcohol, CI14700 (red4), CI19140 (yellow5). 12bhc016-1. Sans paraben. || 12 mois après ouverture. || 
11,12€ / L || 
2,78 € || 
########
########
########
########
########
Gel douche relaxant, tilleul, fleur d'oranger, cosmétique bio || Le flacon de 1l || Origine : FRANCE || Ce Gel Douche Relaxant, à utiliser sous la douche ou dans le bain, nettoie en douceur et préserve l'équilibre naturel de l'épiderme. L'extrait de tilleul et l'eau de fleur d'oranger relaxent et apaisent la peau. || Aqua, citrus aurantium amara flower*, ammonium lauryl sulfate, glycerin, cocamidopropyl betaine, sodium chloride, glycerin, tilia platiphyllos flower extract*, hydrolyzed wheat protein, parfum, sodium benzoate, benzyl alcohol, lactic acid, linalool.*Ingrédients issus de l'agriculture biologique. 20% du total des ingrédients sont issus de l'agriculture biologique. 99% du total des ingrédients sont d'origine naturelle. Garanti sans paraben et sans phenoxyethanol. || 12 mois après ouverture. || 
11,94€ / L || 
11,94 € || 
########
Gel douche tonifiant, Lavande et romarin || Le flacon 1l || Origine : FRANCE || Ce Gel Douche Tonifiant, à utiliser sous la douche ou dans le bain, nettoie en douceur et préserve l'équilibre naturel de l'épiderme.L'eau florale de lavande et les huiles essentielles de lavande et de romarin stimulent et tonifient la peau adoucie par la présence des protéines de blé, aux propriétés hydratantes et nourrissantes. Enveloppant la peau d'un parfum délicat, ce gel douche apporte fraîcheur et bien-être. || Aqua, lavandula angustifolia extract*, ammonium lauryl sulfate, glycerin, cocamidopropyl betaine, hydrolyzed wheat protein, rosmarinus officinalis leaf oil*, lavandula angustifolia oil*, sodium benzoate, benzyl alcohol, sodium chloride, lactic acid,linalool. *Ingrédients issus de l'agriculture biologique. Sans paraben, sans phénoxyéthanol. || 12 mois après ouverture. || 
11,94€ / L || 
11,94 € || 
########
########
Moussant familial sans savon, au lactosérum, eau de bleuet bio, corps et cheveux || Le flacon de 500ml || Origine : FRANCE || Produit fini non testé sur les animaux. Grâce à l'extrait de saponaire, agent doux tonifiant et moussant, et aux propriétés moussantes d'un dérivé de coco, le Moussant Familial Cattier nettoie en douceur corps et cheveux. L'extrait de yogourt, adoucissant et hydratant, apporte tous les éléments nutritifs nécessaires à la beauté de la peau et des cheveux. Les protéines de yogourt renforcent les défenses naturelles de la peau, redonnent brillance à la chevelure et facilitent son démêlage. || Appliquer quotidiennement le moussant au lactosérum sur le corps et les cheveux, faire mousser et rincer à l'eau claire. Riche en eau florale de bleuet bio, adoucissante et apaisante, ce gel lavant est idéal en usage quotidien pour l'enfant comme pour l'adulte. || Aqua, centaurea cyanus extract*, ammonium lauryl sulfate, glycerin, cocamidopropyl betaine, sodium chloride, benzyl alcohol, saponaria officinalis, yogourt extract, parfum, citrus paradisi*, citric acid, sodium benzoate, limonene. *11.5% du total desingrédients sont issus de l'agriculture biologique. 98.9% du total des ingrédients sont d'origine naturelle. Sans colorant artificiel. || A utiliser dans les 12 mois après ouverture. || 
18,02€ / L || 
9,01 € || 
########
########
########
########
########
########
########
Gel douche & Bain surgras, Peaux sèches || Le flacon de 500ml || Origine : FRANCE || Un soin douche pour les peaux sèches : enrichi de 50% de crème hydratante, contient un actif anti-calcaire pour une peau douce et protégée. || Testé dermatologiquement. || Aqua/water, sodium laureth sulfate, glycerin, coco-betaine, sodium chloride, glycol distearate, cocamide mea, sodium benzoate, sodium hydroxide, ppg-5-ceteth-20, salicylic acid, polyquaternium-7, parfum/fragrance, acrylates copolymer, disodium cocoamphodiacetate, citric acid (FIL C37589/1). Sans paraben. Sans savon. Sans colorant. || 12 mois après ouverture. || 
12,14€ / L || 
6,07 € || 
########
########
########
########
########
Douche-soin antidessèchement, Surgras || Le flacon de 750ml || Origine : FRANCE || Fort de son expertise des peaux sensibles, Mixa crée la Douche-Soin Antidessèchement Surgras : l'association d'une Base lavante au pH neutre et d'Huile relipidante.Pour les peaux sensibles de toute la famille : bébé, enfants et adultes. Une base lavante très douce : la Douche-Soin Antidessèchement Surgras Mixa intègre une base lavante au pH neutre pour laver les peaux sensibles et les cheveux fragiles tout en douceur. Le soin en plus : enrichie en Huile relipidante, cette crème lavante lutte enun seul geste contre le dessèchement des peaux sensibles extra-sèches de toute la famille et aide à renforcer leur film hydrolipidique. Sa mousse onctueuse se rince facilement. Une tolérance optimale : testée sous contrôle dermatologique sur 100% depeaux sensibles et hypoallergénique pour minimiser les risques d'allergie, elle est parfaitement adaptée aux peaux délicates des bébés, des enfants et des adultes. Résultats : hydratées et protégées du dessèchement, les peaux sensibles extra-sèches d || A utiliser sur le corps et les cheveux. En cas de contact avec les yeux, les rincer immédiatement. Ne pas avaler. Ne pas laisser à la portée des enfants sans surveillance. || Aqua/water, sodium laureth sulfate, peg-200 hydrogenated glyceryl palmate, polysorbate 20, glycerin, coco-betaine, ppg-5-ceteth-20, glycol distearate, sodium chloride, peg-7 glyceryl cocoate, peg-60, hydrogenated castor oil, cocamide mea, allantoin,parfum/fragrance, sodium benzoate, sodium hydroxide, prunus amygdalus dulcis oil/sweet almond oil, citric acid, acrylates copolymer, polyquaternium-10, F.I.L C49856/2. Sans paraben, sans colorant. || 6 mois après ouverture. || 
9,13€ / L || 
6,85 € || 
########
########
Huile de douche relipidante, haute nutrition                     Peaux réactives à sécheresse extrême || Le flacon de 400ml || Origine : FRANCE || Concentrée à 10% de Glycérine et huiles relipidantes, cette huile de douche réhydrate et aide à lutter contre le dessèchement des peaux les plus sèches. Nourries et protégées du dessèchement, les peaux réactives à sécheresse extrême de toute la famille sont souples et confortables tout au long de la journée. || A utiliser en douche ou dans le bain. En cas de contact avec les yeux, les rincer immédiatement. Ne pas avaler. Ne pas laisser à la portée des enfants sans surveillance. || Aqua/water, glycerin, sodium laureth sulfate, peg-200 hydrogenated glyceryl palmate, coco betaine, polysorbate-20, peg-7 glyceryl cocoate, ppg-5-ceteth-20, peg-60 hydrogenated castor oil, CI14700/red4, CI47005/acid yellow3, cocamide mea, ceteareth-60myristyl glycol, parfum/fragrance, sodium chloride, sodium benzoate, sodium hydroxide, prunus amygdalus dulcis oil/sweet almond oil, citric acid (FIL B160968/2). || 6 mois après ouverture. || 
10,23€ / L || 
4,09 € || 
########
Gel douche sensitive 3en1, à l'extrait de bambou || Le flacon de 250ml || Origine : FRANCE || La formule à l'extrait de Bambou ne dessèche pas la peau et vous procure une sensation de fraicheur longue durée. || Pratique, ce gel douche 3 en 1 peut être utilisé pour le corps, le visage et les cheveux. Evitez le contact avec les yeux. || Aqua, sodium laureth sulfate, cocamidopropyl betaine, peg-7 glyceryl cocoate, glycerin, glyceryl glucoside, bambusa vulgaris leaf/stem extract, prunus amygdalus dulcis oil, sodium chloride, helianthus annuus seed oil, peg-40 hydrogenated castor oil,polyquaternium-7, styrene/acrylates copolymer, citric acid, peg-200 hydrogenated glyceryl palmate, glyceryl stearate se, sodium benzoate, linalool, limonene, parfum. || 12 mois après ouverture. || 
11,48€ / L || 
2,87 € || 
Gel douche savon noir, A l'huile d'olive, Fleur d'oranger || Le flacon de 500ml || Origine : FRANCE || AQUA (WATER), POTASSIUM OLIVATE, POTASSIUM COCOATE, GLYCERIN, PARFUM (FRAGRANCE), SODIUM CHLORIDE, OLEA EUROPAEA (OLIVE) FRUIT OIL, CAPRYLYL/CAPRYL GLUCOSIDE, LINALOOL, COCOS NUCIFERA (COCONUT) OIL, TOCOPHEROL, GERANIOL, HELIANTHUS ANNUUS (SUNFLOWER)SEED OIL || 
17,48€ / L || 
8,74 € || 
########
########
########
########
########
########
########
########
########
Crème lavante soin délicat, Amande douce || Monoprix || Origine : FRANCE || Enrichie à l'extrait d'amande douce, la crème lavante soin délicat Monoprix nettoie vos mains sans les dessécher et les nourrit. Enrichie en agent hydratant et adoucissant, elle laisse votre peau souple, douce et délicatement parfumée. || Pour ouvrir, débloquez la pompe en la tournant d'un quart de tour vers open. Appuyez plusieurs fois dessus puis appliquez la crème sur vos mains humides. Lavez et rincez puis refermez la pompe en tournant vers stop. Ce produit existe également en recharge. Testé sous contrôle dermatologique. Ne pas avaler. Ne pas utiliser chez les enfants de moins de 36 mois. En cas de projection dans les yeux, rincer immédiatement et abondamment à l'eau claire. || 12 mois après ouverture. || 
5,53€ / L || 
1,66 € || 
########
########
Gel mousse framboise pivoine || Le flacon de 300ml || Origine : FRANCE || Ce gel mousse au parfum floral et gourmand lave vos mains en douceur et laisse votre peau douce et hydratée. || Aqua, ammonium lauryl sulfate, sodium chloride, cocamidopropyl betaine, paeonia officinalis root extract, propylene glycol, rubus idaeus fruit extract, lauryl alcohol, ammonium chloride, ammonium sulfate, styrene/acrylates copolymer, citric acid, sodium benzoate, parfum, alpha-isomethyl ionone, hexyl cinnamal. Sans paraben. || 12 mois après ouverture. || 
7,87€ / L || 
2,36 € || 
########
########
Pur savon liquide de marseille, Parfum verveine citron || Le flacon de 300ml || Origine : FRANCE || Naturellement glycériné, il nettoie votre peau en douceur. || Ne pas avaler. Eviter le contact avec les yeux. En cas de contact avec les yeux, rincer abondamment à l'eau claire. || Aqua, potassium cocoate, glycerin, parfum, cocos nucifera (coconut) oil, peg-40 hydrogenated castor oil, hydroxyethylcellulose, tetrasodium edta, tocopherol, CI 19140 (yellow 5), CI 61570 (green 5), citral, limonene, geraniol, citronellol. Sans paraben. || 12 mois après ouverture. || 
10,97€ / L || 
3,29 € || 
########
Pur savon liquide surgras de marseille, Beurre de karité || Le flacon de 750ml || Origine : FRANCE || Retrouvez toute l'authenticité du Petit Olivier dans ce pur savon liquide surgras de Marseille au beurre de karité. Fabriqué selon le savoir-faire des maîtres savonniers, il est naturellement glycériné et enrichi en beurre de karité pour nettoyer lapeau tout en douceur. || Aqua (water), potassium cocoate, glycerin, potassium olivate, cocos nucifera (coconut) oil, olea europaea (olive) fruit oil, butyrospermum parkii (shea) butter extract & potassium hydroxide, shea butter polyglyceryl-6 ester, parfum (fragrance), hydroxyethyl cellulose, polyglyceryl-3 caprylate, caprylyl/capryl glucoside, lauryl glucoside, polyglyceryl-2 dipolyhydroxystearate, tetrasodium glutamate diacetate, tocopherol, citric acid, caramel, Cl 17200 (red 33), limonene, alpha-isomethyl ionone, coumarin, linalool. || 12 mois après ouverture. || 
10,23€ / L || 
7,67 € || 
########
########
########
########
########
########
Savon liquide extra pur de Marseille à l'huile d'olive || La pompe de 500ml || Origine : FRANCE || Savon Le Naturel Extra Pur est un véritable savon liquide, riche en glycérine et saponifié aux huiles végétales. Il lave les mains en douceur et laisse sur la peau un délicat parfum. || Aqua, potassium oleate, potassium cocoate, potassium olivate, sodium chloride, potassium carbonate, parfum, benzyl alcohol, tetrasodium glutamate diacetate, potassium hydroxide, linalool, glycerin, limonene, coumarin. Ce savon est fabriqué à 99% à partir d'ingrédients d'origine naturelle. Sa couleur et texture peuvent légèrement évoluer : c'est une marque de son authenticité. || 12 mois après ouverture. || 
7,32€ / L || 
3,66 € || 
########
########
########
########
########
########
########
########
########
########
########
########
########
########
########
########
########
########
########
########
########
########
########
########
########
########
########
########
########
########
########
########
########
########
########
########
########
########
########
########
########
########
########
########
########
########
########
########
########
########
########
########
########
########
########
########
########
########
########
########
########
########
########
########
########
########
########
########
########
########
########
########
########
########
########
########
########
########
########
########
Ambre solaire peaux claires, sensibles et intolérantes au soleil,uva+uvb, très haute protection FPS 50+ || Le tube de 200ml || Origine : FRANCE || Sensitive Expert+ la protection renforcée contre les UVA longs spécifique peaux claires et sensibles. Formule fluide, non collante et non blanchissante? || Appliquer le produit juste avant de vous exposer au soleil. Renouveler fréquemment et généreusement l'application pour maintenir la protection (surtout après avoir nagé, transpiré, ou vous être essuyé). Utiliser des protections vestimentaires. Ne pasexposer les bébés et les jeunes enfants directement au soleil. La surexposition au soleil est dangereuse, ne pas rester trop longtemps au soleil même si vous utilisez un produit de protection solaire car il ne vous protège pas à 100%. Eviter l'exposition aux heures d'ensoleillement les plus chaudes. Eviter le contour des yeux. En cas de contact avec les yeux, rincer immédiatement et abondamment. Eviter le contact avec les textiles. || 12 mois après ouverture. || 
77,20€ / L || 
15,44 € || 
########
########
########
########
########
########
Enfant, spray hydratant très haute protection FPS 50+, protection photostable UVA/UVB, || Le spray de 20cl || Origine : FRANCE || Très haute protection contre les rayons UVB et UVA. Offre une protection efficace à la peau fragile de l'enfant pour la préserver des coups de soleil. Sa formule hydratante est hypoallergénique et sans parfum. Sans paraben, elle est résistante à l'eau. || Agiter avant l'emploi, ne pas vaporiser directement sur le visage. Appliquer le produit juste avant l'exposition au soleil. Renouveler fréquemment et généreusement l'application pour maintenir la protection (surtout lorsque l'enfant a nagé, transpiré, ou s'est essuyé). Conforme aux recommandations européennes sur les produits de protection solaire. Ne pas exposer les bébés et les jeunes enfants directement au soleil. La surexposition au soleil est dangereuse, ne pas rester trop longtemps au soleil même si vous utilisez un produit de protection solaire car il ne vous protège pas à 100%. Eviter l'exposition aux heures d'ensoleillement les plus chaudes. Protéger les enfants avec un chapeau, des lunettes de soleil et un T-shirt. Eviter le contour des yeux. En cas de contact avec les yeux, rincer immédiatement et abondamment. Eviter le contact avec les textiles. || Aqua/water, C12-15 alkyl benzoate, glycerin, propylene glycol, ethylhexyl salicylate, alcohol denat, butyl methoxydibenzoylmethane, octocrylene, bis-ethylhexyloxyphenol methoxyphenyl triazine, titanium dioxide, ethylhexyl triazone, polyester-5, drometrizole trisiloxane, poly C10-30 alkyl acrylate, tocopherol, ethylhexyl glycerin, triethanolamine, polyacrylate-3, pentasodium ethylenediamine tetramethylene phosphonate, terephthalylidene dicamphor sulfonic acid (F.I.L. C27958/1). Sans paraben. Sansparfum. || 12 mois après ouverture. || 
79,55€ / L || 
15,91 € || 
########
Huile ambrée protectrice FPS 30 || Le spray de 150ml || Origine : FRANCE || Enrichie en karité nutritif pour une peau satinée, l'huile ambrée protectrice magnifie le bronzage. Elle est légère et facile à appliquer grâce à son flacon spray. Peaux très claires déjà hâlées. Protection photostable UVA/UVB fini satiné, résiste àl'eau. || Agiter avant l'emploi, ne pas vaporiser directement sur le visage. Appliquer le produit juste avant de vous exposer au soleil. Renouveler fréquemment et généreusement l'application pour maintenir la protection (surtout après avoir nagé, transpiré, ouvous être essuyé). Conforme aux recommandations européennes sur les produits de protection solaire. Ne pas exposer les bébés et les jeunes enfants directement au soleil. La surexposition au soleil est dangereuse, ne pas rester trop longtemps au soleil même si vous utilisez un produit de protection solaire car il ne vous protège pas à 100%. Eviter l'exposition aux heures d'ensoleillement les plus chaudes. Utiliser des protections vestimentaires (chapeau, lunettes, T-shirt). Eviter le contour desyeux. En cas de contact avec les yeux, rincer immédiatement et abondamment. Eviter le contact avec les textiles. Utiliser à l'écart de toute flamme, source d'étincelles, d'ignition ou corps incandescent. Eviter de vaporiser sur une peau irritée ou vers les yeux. En cas de projection, rincer immédiatement et abondamment avec de l'eau. || Caprylic/capric triglyceride, octyldodecanol, C12-15 alkyl benzoate, alcohol denat, ethylenediamine/stearyl dimer dilinoleate copolymer, octocrylene, ethylhexyl salicylate, butyl methoxybenzoylmethane, diethylhexyl butamido triazone, ethylhexyl triazone, drometrizole trisiloxane, Cl 60725/violet 2, tocopherol, haematococcus pluvialis/haematococcus pluvialis extract, pentaerythrityl tetra-di-t-butyl hydroxyhydrocinnamate, rosmarinus officinalis leaf extract/rosemary leaf extract, butyrospermum parkii butter/shea butter, astaxanthine, parfum/fragrance. (FIL B39826/2). || 12 mois après ouverture. || 
94,67€ / L || 
14,20 € || 
Huile bronzante en spray à la vitamine E, faible, FPS 6, peaux mates déjà hâlées, || Le flacon de 150ml || Origine : FRANCE || Protection résistante UVA/UVB contenant une filtration UVA/UVB large et un actif anti-radicalaire (vitamine E), sa formule protège la peau contre les coups de soleil. Elle nourrit la peau sans effet gras ni collant avec la légèreté et la praticité d'une application en spray. || Agiter avant l'emploi. Utiliser un facteur de protection adapté à votre type de peau. Appliquer généreusement sur tout le corps juste avant l'exposition. Renouveler fréquemment les applications. Pour les enfants et en cas d'ensoleillement intense, utiliser des produits de plus forte protection. Utiliser des protections vestimentaires (chapeau, lunettes, T-shirt). Ne pas vaporiser sur le visage;Ne pas exposer les enfants de moins de trois ans;Eviter l'exposition entre 12 et 16 heures. || Cyclopentasiloxane, paraffinum liquidum/mineral oil, caprylic/capric triglyceride, ethylhexyl methoxycinnamate, drometrizole trisiloxane, tocopherol, hydroxyisohexyl 3-cyclohexene carboxaldehyde, limonene, linalool, benzyl salicylate, alpha-isomethylionone, butylphenyl methylpropional, citronellol, citral, coumarin, glycine soja / soybean oil, parfum/fragrance, (F.I.L. C17732/2). || A utiliser dans les 12 mois après ouverture. || 
57,60€ / L || 
8,64 € || 
########
Lait protecteur ultra hydratant, peaux très claires déjà hâlées, haute FPS 30, || Le flacon de 20cl || Origine : FRANCE || Protection efficace contre les rayons UVB responsables des coups de soleil, et les rayons UVA provoquant le vieillissement prématuré de la peau Enrichi en vitamine C antioxydante : sa formule renforce les défenses naturelles de la peau et la protègecontre les dommages cutanés long-terme du soleil. Protection anti-dessèchement : sa formule hydratante désaltère durablement la peau et la protège contre le dessèchement dû au soleil. || Peaux claires bronzant facilement. Appliquer le produit juste avant de vous exposer au soleil. Renouveler fréquemment et généreusement l'application pour maintenir la protection (surtout après avoir nagé, transpiré, ou vous être essuyé). Conforme auxrecommandations européennes. Ne pas exposer les bébés et les jeunes enfants directement au soleil. La surexposition au soleil est dangereuse, ne pas rester trop longtemps au soleil même si vous utilisez un produit de protection solaire car il ne vous protège pas à 100%. Eviter l'exposition aux heures d'ensoleillement les plus chaudes. Utiliser des protections vestimentaires (chapeau, lunettes, T-shirt). Eviter le contour des yeux. En cas de contact avec les yeux, rincer immédiatement et abondamment. Eviter le contact avec les textiles. || Aqua/water, C12-15 alkyl benzoate, glycerin, isopropyl palmitate, ethylhexyl salicylate, octocrylene, butyl methoxydibenzoylmethane, titanium dioxide, alcohol denat, talc, stearic acid, potassium cetyl phosphate, synthetic wax, ascorbyl glucoside, tocopherol, sodium citrate, phenoxyethanol, peg-100 stearate, ethylhexyl triazone, triethanolamine, palmitic acid, dimethicone, limonene, benzyl salicylate, linalool, benzyl alcohol, caprylyl glycol, terephthalylidene dicamphor sulfonic acid, acrylates/C10-30 alkyl acrylate crosspolymer, geraniol, disodium edta, citral, citronellol, aluminum hydroxide, coumarin, glyceryl stearate, parfum/fragrance, (FIL B48680/1). Sans paraben. || 12 mois après ouverture. || 
69,45€ / L || 
13,89 € || 
Spray corps protecteur Wet Skin, s'applique sur peau mouillée ou sèche, haute FPS 30. || Le flacon de 200ml || Origine : FRANCE || Formule très résistante à l'eau conçue pour être appliquée sur peau mouillée ou sèche. || La surexposition au soleil est dangereuse. Ne restez pas trop longtemps au soleil même si vous utilisez un produit de protection solaire car il ne vous protège pas à 100%. Appliquez le produit juste avant de vous exposer. Renouvelez fréquemment et généreusement l'application pour maintenir la protection (surtout après avoir nagé, transpiré ou vous être essuyé). Ne pas exposer les bébés et les jeunes enfants directement au soleil. Evitez le contour des yeux. En cas de contact, les rincer immédiatement et abondamment. Evitez le contact avec les textiles. Contient de l'alcool, ne pas appliquer sur le visage ou sur une peau irritée, ne pas utiliser chez l'enfant. Utiliser à l'écart de toute flamme, source d'étincelles, d'ignition ou corps incandescent. Eviter de vaporiser sur une peau irritée ou vers les yeux. En cas de projection, rincer immédiatement et abondamment avec de l'eau. || Alcohol denat, homosalate, octocrylene, ethylhexyl salicylate, butyl methoxydibenzoylmethane, c12-15 alkyl benzoate, drometrizole trisiloxane, ethylenediamine/stearyl dimer dilinoleate copolymer, acrylates/octylacrylamide copolymer, ethylhexyl triazone, tocopherol , hydroxyisohexyl 3-cyclohexene carboxaldehyde, limonene, linalool, benzyl salicylate, benzyl alcohol, alpha-isomethyl ionone, bht, butylphenyl methylpropional, citronellol, citral, coumarin, parfum / fragrance. (f.i.l. c163273/2). || 12 mois après ouverture. || 
73,40€ / L || 
14,68 € || 
########
########
########
########
Spray protecteur ultra hydratant, très haute FPS30, au multiflavones de cactus, || Le spray d e20cl || Origine : FRANCE || Le Spray Protecteur FPS30 agit comme un réservoir d'hydratation pour la peau tout au long de l'exposition. Protégée et hydratée, votre peau est parfaitement défendue contre les rayons nocifs du soleil. || Agiter avant l'emploi. Ne pas vaporiser sur le visage. Ne pas exposer les enfants de moins de 3 ans. Eviter l'exposition aux heures les plus chaudes de la journée. Utiliser un indice de protection adapté à votre type de peau. Appliquer généreusementsur tout le corps avant l'exposition. Renouveler fréquemment les applications. || Aqua, octocrylene, propylene glycol, glycerin, cyclopentasiloxane, ethylhexyl salicylate, alcohol denat, butyl methoxydibenzoylmethane, titanium dioxide, diglycol/CHDM/isophthalates/SIP copolymer, ethylhexyl triazone, C12-15 alkyl benzoate, tocopherol, ethylhexylglycerin, triethanolamine, polyacrylate-3, limonene, pentasodium ethylhenediamine tetramethylene phosphonate, linalool, benzyl salicylate, alpha-isomethyl ionone, terephthalylidene dicamphor sulfonic acid, cereus grandiflorus / cactus flower extract, butylphenyl methylpropional, citronellol, citral, coumarin, glycine soja, parfum (F.I.L. C20443/1). || 
68,75€ / L || 
13,75 € || 
########
########
########
Lait protecteur iris{ FPS 50 Haute, nutrition et bronzage durable || Le flacon de 200ml || Origine : FRANCE || Protection solaire avancée, qualité de peau sublimée. Lait Bronzage Idéal, pour une protection sublimante au soleil : protection avancée : filtres Mexoryl SX/XL et vitamine antioxydante contre les coups de soleil et le vieillissement solaire. Haute Nutrition : huile dargan pour nourrir intensément la peau et la préserver du dessèchement dû au soleil. Bronzage Idéal : complexe SkinElixir qui stimule la production de mélanine pour un bronzage durables et des micro-nacres dorées pour une peau illuminée instantanément. || 
83,90€ / L || 
16,78 € || 
Fluide visage très haute protection, FPS/IP 50+ Très haute. || Le tube de 50ml || Origine : FRANCE || 
306,80€ / L || 
15,34 € || 
########
########
Huile sèche, protection avancée, bronzage mythique, protège commeun lait, peau soyeuse et dorée, FPS 50 Haute. || Le flacon de 150ml || Origine : FRANCE || Huile sèche bronzage Mythique pour une protection sublimante au soleil : protection avancée : filtres Meroxyl SL contre les coups de soleil et le vieillissement solaire. Haute nutrition : texture huile sèche pour nourrir la peau et la préserver du dessèchement dû au soleil. Bronzage sublime : peau satinée, bronzage doré uniforme. || Appliquez le produit juste avant de vous exposer au soleil. Renouvelez fréquemment et généreusement l'application pour maintenir la protection, surtout après avoir nagé transpiré ou vous être essuyé. Evitez l'exposition aux heures d'ensoleillement les plus chaudes. Utilisez les produits de protection solaire adaptés à votre type de peau. La surexposition au soleil est dangereuse. N'exposez pas les bébés et les jeunes enfants directement au soleil. Ne restez pas trop longtemps au soleil même si vous utilisez un produit de protection solaire car il ne vous protège pas à 100%.  Evitez le contour des yeux. En cas de contact avec les yeux, les rincer immédiatement et abondamment. Ne pas vaporiser directement sur le visage. Vaporiser sur les mains avant application. Evitez le contact avec les textiles. || Isopropyl, palmitate , octyldodecanol, paraffinum liquidum, mineral oil, homosalate, alcohol denat., ethylenediamine, stearyl dimer dilinoleate copolymer, octocrylene, ethylhexyl salicylate, butyl methoxydibenzoylmethane, C12-15 alkyl benzoate, drometrizole trisiloxane, ethylhexyl triazone, limonène, benzyl salicylate, benzyl alcohol, pentaerythrityl tetra-di-t-butyl hydroxyhydrocinnamate, linalool, alpha-isomethyl ionone, géraniol, citronellol, coumarin, hexyl cinnamal, parfum/ fragrance (F.I.L: C163937/2). || 12 mois après ouverture. || 
113,20€ / L || 
16,98 € || 
Lait fluide protecteur, fini invisible, peau soyeuse, FPS 30 HAUTE. || Le flacon de 200ml || Origine : FRANCE || Sa texture lait ultra-légère et ultra-fluide s'étale facilement sans laisser de traces, sans coller, pour un fini invisible. Votre peau est efficacement protégée et soyeuse tout en vous laissant la sensation d'une peau nue. || La surexposition au soleil est dangereuse. N'exposez pas les bébés et les jeunes enfants directement au soleil. Ne restez pas trop longtemps au soleil même si vous utilisez un produit de protection solaire car il ne vous protège pas à 100%. Appliquez le produit avant de vous exposer au soleil. Renouveler fréquemment et généreusement l'application pour maintenir la protection, surtout après avoir nagé, transpiré ou vous êtes essuyé. Evitez l'exposition aux heures d'ensoleillement les plus chaudes. Utilisez les produits de protection solaires adaptés à votre type de peau. Evitez le contour des yeux. En cas de contact avec les yeux, les rincer immédiatement et abondamment. Evitez le contact avec les textiles. || Aqua/water, alcohol denat, octocrylene, ethylhexyl salicylate, butyl methoxydibenzoylmethane, dimethicone, homosalate, ethylhexyl triazone, triethanolamine, zea mays starch/corn starch, bis-ethylhexyloxyphenol, methoxyphenyl triazine, phenylbenzimidazole sulfonic acid, c13-14 isoparaffin, tocopherol, sodium acrylates crosspolymer-2, phenoxyethanol, polyacrylamide, poloxamer 338, silica, linalool, drometrizole trisiloxane, caprylyl glycol, perlite, acrylates/c10-30 alkyl acrylate crosspolymer, terephthalylidene dicamphor sulfonic acid, disodium edta, laureth-7, parfum/fragrance (FIL C163969/2). || 12 mois après ouverture. || 
76,70€ / L || 
15,34 € || 
########
Brume protectrice rafraîchissante, résiste à l'eau Protection 30  Haute || Le brumisateur de 200ml || Origine : FRANCE || Facile à appliquer grâce à sa texture transparente et non grasse, sa formule pénètre rapidement sans laisser de trace blanche. Procure à votre peau une agréable sensation de fraîcheur. Diffusion continue et multiposition pour protéger rapidement et de façon homogène toutes les parties du corps en une seule pression. Fonctionne aussi tête en bas. || Agitez le flacon avant emploi. Ne pas vaporiser directement sur le visage. Appliquez généreusement et de façon homogène avant l'exposition car en réduisant la quantité, vous diminuez nettement le niveau de protection. Renouvelez fréquemment, au moinstoutes les 2 heures, et après s'être baigné et essuyé pour maintenir la protection. Pendant et après application, se tenir éloigné de toute flamme et source d'étincelle. Evitez l'exposition entre 11h et 15h et les expositions prolongées. N'exposez pas les bébés et les jeunes enfants directement au soleil. Utilisez une protection vestimentaire (chapeau, lunettes, t-shirt, short) et une protection solaire de facteur élevé sur les zones exposées. Evitez le contact direct avec les vêtements pour nepas les tacher. Récipient sous pression. Ne pas percer ou brûler même après usage. Ne pas vaporiser dans les yeux ou sur une peau irritée, ne pas inhaler. A éloigner de toutes sources de chaleur (flamme ou tout autre matière incandescente). Conserver hors de la portée des enfants. A recycler une fois vide. || A protéger des rayons solaires et à ne pas exposer à une température supérieure à 50°C. || 
75,95€ / L || 
15,19 € || 
########
########
########
Protection équilibrée, moyenne 20. || Le spray de 200ml || Origine : FRANCE || Protect & Bronze protège efficacement tout en favorisant un bronzage visiblement naturel. Sa formule contient un extrait naturel de plante qui stimule la production de mélanine de la peau pour un bronzage doré et uniforme. Résiste à l'eau. || Agiter le flacon avant emploi. Choisissez un facteur de protection adapté à votre peau. Appliquez généreusement et de façon homogène avant l'exposition car en réduisant la quantité vous diminuez nettement le niveau de protection. Renouvelez fréquemment, au moins toutes les 2 heures, et après vous être baigné et essuyé, pour maintenir la protection. Protection équilibre UVA/UVB conforme aux recommandations européennes. Evitez l'exposition entre 11h et 15h et les expositions prolongées. Pour leursanté, n'exposez pas les bébés et les jeunes enfants directement au soleil. Utilisez une protection vestimentaire (chapeau, lunettes, t-shirt) et une protection solaire de facteur élevé sur les zones exposées. Evitez le contact avec les yeux. Evitezle contact direct avec les vêtements pour ne pas les tacher. || Aqua, butylene glycol dicaprylate/dicaprate, glycerin, ethylhexyl salicylate, octocrylene, alcohol denat, butyl methoxydibenzoylmethane, bis-ethylhexyloxyphenol methoxyphenyl triazine, sodium phenylbenzimidazole sulfonate, ceteareth-20, methylpropanediol, C18-36 acid triglyceride, glycyrrhetinic acid, tocopheryl acetate, sodium acrylates/C10-30 alkyl acrylate crosspolymer, vp/hexadecene copolymer, trisodium edta, phenoxyethanol, methylparaben, ethylparaben, linalool, benzyl alcohol, limonene, benzyl benzoate, hydroxyisohexyl 3-cyclohexene carboxaldehyde, hexyl cinnamal, benzyl salicylate, butylphenyl methylpropional, alpha-isomethyl ionone, eugenol, citronellol, coumarin, parfum. || 12 mois après ouverture. || 
75,65€ / L || 
15,13 € || 
Protection invisible, spray transparent, haute 30, non gras || Le spray de 200ml || Origine : FRANCE || Nivea Sun Protection Invisible FPS 30 allie une formule non grasse et transparente à une protection immédiate et efficace contre les coups de soleil et le vieillissement prématuré de la peau.Il pénètre rapidement, sans coller et sans laisser de traceblanche. Résiste à l'eau. || Agitez avant l'emploi. Choisissez un facteur de protection adapté à votre peau. Appliquez généreusement et de façon homogène avant l'exposition. Renouvelez fréquemment, au moins toutes les 2 heures et après vous être baigné et essuyé pour maintenir la protection. Evitez l'exposition entre 11h et 15h et les expositions prolongées. N'exposez pas les bébés et les jeunes enfants directement au soleil. Utilisez une protection vestimentaire (chapeau, lunettes, T-shirt) et une protection solaire de facteur élevé sur les zones exposées. Evitez le contact avec les yeux. Evitez le contact direct avec les vêtements pour ne pas les tacher. Inflammable. || Alcohol denat, C12-15 alkyl benzoate, homosalate, octocrylene, cyclomethicone, glycerin, butyl methoxydibenzoylmethane, ethylhexyl salicylate, acrylates/octylacrylamide copolymer, aqua, limonene, linalool, butylphenyl methylpropional, benzyl acetate,alpha-isomethyl ionone, eugenol, citronellol, coumarin, geraniol, benzyl alcohol, parfum. Contient de l'alcool. || 12 mois après ouverture. || 
75,95€ / L || 
15,19 € || 
########
########
########
Bronzage intense, pur monoï de tahiti, SPF 0. || Le flacon de 150ml || Origine : FRANCE || L'huile hydrate la peau, intensifie le bronzage pour un effet radieux et satiné, enveloppe le corps du parfum délicat des îles lointaines. || Sans indice de protection, cette huile convient aux peaux déjà bronzées ou mates. La surexposition au soleil est dangereuse. N'exposez pas les bébés et les jeunes enfants au soleil. Evitez l'exposition au soleil entre 12h et 16h. Le monoï de Tahiti se fige naturellement en dessous de 25°C. || Cocos nucifera, gardenia tahitensis, parfum, paraffinum liquidum, oleoyl tyrosine, sorbitan isostearate, luffa cylindrica seed oil, oleic acid, nigella sativa seed oil, amyl cinnamal, benzyl alcohol, cinnamyl alcohol, eugenol, benzyl salicylate, geraniol, linalool, benzyl benzoate, hexyl cinnamal. Monoï 98,8%. || 12 mois après ouverture. || 
79,60€ / L || 
11,94 € || 
########
Autobronzant micro-diffusion pour le visage, extrait naturel d'abricot. || Le spray de 75ml || Origine : FRANCE || Micro-diffusé en nuage ultra-léger, sa formule se dépose uniformément sur le visage pour un résultat naturel, sans traces. Pas besoin d'étaler, elle sèche immédiatement, et vous donne un hâle resplendissant. || Dégager les cheveux du visage, fermer les yeux. Vaporiser directement sur votre visage en tenant le flacon à 40 cm. Faire un geste continu de gauche à droite de manière uniforme, vaporiser pendant 3 secondes environ. Essuyer les sourcils à l'aide d'un coton après application. Ne protège pas la peau contre les rayons du soleil. Récipient sous pression. Ne pas percer ou brûler même après usage. Ne pas vaporiser sur une flamme ou un corps incandescent. Conserver à l'écart de toute flamme ou sourced'étincelles ou d'ignition. Ne pas fumer. Conserver hors de la portée des enfants. Eviter de vaporiser sur une peau irritée, d'inhaler intentionnellement. Ne pas vaporiser dans les yeux. Ne pas utiliser pour un usage autre que celui pour lequel le produit est destiné. Ne pas utiliser dans une atmosphère confinée. Eviter le contact avec les tissus. || Aqua/water, dimethyl ether, dihydroxyacetone, glycerin, propylene glycol, tocopherol, hydroxyisohexyl 3-cyclohexene carboxaldehyde, phenoxyethanol, peg-60 hydrogenated castor oil, limonene, linalool, benzyl salicylate, alpha-isomethyl ionone, geraniol, disodium edta, methylparaben, butylphenyl methylpropional, citronellol, citral, prunus armeniaca/apricot kernel oil, coumarin, parfum/fragrance, (FIL C26039/1). || A protéger contre les rayons solaires et à ne pas exposer à une température supérieure à 50°C. || 
109,73€ / L || 
8,23 € || 
########
########
########
Lingettes auto-bronzantes visage, actif autobronzant d'origine végétale + extrait d'abricot, sans trace. || La pochette de 5,6ml || Origine : FRANCE || La formule imprégnant la lingette contient un actif autobronzant d'origine végétale et un extrait naturel d'abricot. La lingette hydrate la peau et lui donne un joli hâle éclatant et naturel. || Appliquer uniformément sur le visage en évitant la racine des cheveux et les sourcils. Se laver les mains après chaque application. S'utilise tous les jours jusqu'à obtention du hâle souhaité puis une ou deux fois par semaine. Ne protège pas la peaudes rayons du soleil. Ne pas appliquer trop près des yeux. En cas de contact avec les yeux, rincer immédiatement et abondamment. Eviter d'appliquer près des vêtements. || Aqua / water, cyclohexasiloxane, cyclopentasiloxane, isononyl isononanoate, glycerin, dihydroxyacetone, beheneth-10, laureth-4, prunus armeniaca / apricot kernel oil, tocopherol, hydroxyisohexyl 3-cyclohexene carboxaldehyde, phenoxyethanol, ethylparaben, limonene, linalool, benzyl salicylate, propylparaben, isobutylparaben, alpha-isomethyl ionone, geraniol, potassium cetyl phosphate, methylparaben, butylparaben, butylphenyl methylpropional, citronellol, citral, coumarin, glycine soja / soybean oil, parfum / fragrance. (FIL C20967/1). || 
1,36€ / Pce || 
1,36 € || 
########
########
########
Gel douche exfoliant, Monoî et sable noir de tahiti || Le tube de 150ml || Origine : FRANCE || 2 en 1 : nettoie et exfolie en un seul geste. || Une à deux fois par semaine, massez sur peau humide en insistant sur les zones rêches (coudes, genoux ). Rincez. Ne pas avaler. Eviter le contact avec les yeux. En cas de contact, rincer abondamment à l'eau claire. || Aqua, sodium laureth sulfate, acrylates copolymer, calophyllum inophyllum shell powder, polyethylene cocamidopropyl betaine, disodium laureth sulfosuccinate sodium chloride, cocos nucifera (coconut) shell powder, peg-40 hydrogenated castor oil, triethanolamine, parfum, silica, cocos nucifera (coconut) oil, gardenia tahitensis flower extract, caprica papaya (papaya) leaf extract, propylene glycol, coco glucoside glyceryl oleate, tocopherol , hydrogenated palm glycerides citrate, citric acid, potassium sorbate, methylisothiazolinone, benzyl salicylate, amyl cinnamal, linalool, geraniol, citronellol. Sans paraben, sans phenoxyethanol. || 12 mois après ouverture. Eviter l'exposition prolongée du produit à la chaleur et à la lumière. || 
51,40€ / L || 
7,71 € || 
########
########
Lait Fondant Autobronzant Sublime Bronze || Le flacon de 150ml || Origine : FRANCE || Beaucoup plus fluide qu'un lait classique, cette texture se disperse idéalement sur la peau pour une répartition ultra-homogène et uniforme. Un nouveau parfum frais et ensoleillé spécialement travaillé pour ce produit autobronzant pour une odeur plusagréable sur la peau. L'actif auto-bronzant Sublime Bronze recrée la couleur de la mélanine. Pour un résultat naturel et proche de votre bronzage ! Une peau hydratée pendant 12h. || Répartir uniformément le lait sur une peau propre en évitant les sourcils et la racine des cheveux. Ne pas appliquer trop près des yeux. Bien se laver les mains après utilisation. Les premières couleurs apparaissent en quelques heures. S'utilise tousles jours jusqu'à l'obtention du hâle désiré puis 2 à 3 fois par semaine. Pour utiliser la totalité du produit, tapez le bas du flacon sur une surface plane pour faire redescendre le produit. Ne contient pas de filtres solaires. Ne protège pas du soleil. Ne pas appliquer trop près des yeux. Peut tâcher les vêtements. || Aqua/water, glycerin, C12-15 alkyl benzoate, dihydroxyacetone, alcohol denat, propylene glycol, cyclohexasiloxane, ethylhexyl methoxycinnamate, cetyl alcohol, peg-100 stearate, glyceryl stearate, phenoxyethanol, sodium polyacryloyldimethyl taurate, mel/honey, dimethicone, tri-C14-15 alkyl citrate, tocopherol, methylparaben, xanthan gum, ethylparaben, disodium edta, polysorbate 80, linalool, benzyl salicylate, butylphenyl methylpropional, sorbitan oleate, hexyl cinnamal, hydroxycitronellal, citronellol, alpha-isomethyl ionone, coumarin, limonene, parfum/fragrance (FIL C28987/1). || 6 mois après ouverture. || 
83,27€ / L || 
12,49 € || 
Mousse Teintée Autobronzante Sublime Bronze || Le flacon de 150ml || Origine : FRANCE || Un hâle sublime instantané, comme par magie ! Une mousse aérienne qui donne instantanément à votre peau le hâle sublime et naturel dont vous rêviez. Parfum léger et gourmand, séchage rapide, hâle longue durée. || Exfolier la peau avant usage. Bien agiter avant emploi. Appliquer de manière uniforme sur le corps. L'effet bronzé instantané s'enlève au savon et à l'eau. La coloration longue durée de la peau apparaît progressivement en quelques heures. Utiliser quotidiennement jusqu'à l'obtention du hâle souhaité, puis 2 à 3 fois par semaine pour conserver votre hâle. Ne pas vaporiser près des yeux. Eviter le contact avec les textiles. Attention : ne contient pas de filtres solaires. Ne protège pas du soleil. || Aqua/water, glycerin, dihydroxyacetone, caramel, peg-40 hydrogenated castor oil, phenoxyethanol, disodium laureth sulfosuccinate, capryl/capramidopropyl betaine, caprylyl glycol, mica, tocopherol, disodium edta, Cl 77891/titanium dioxide, Cl 15985/yellow 6, limonene, hexyl cinnamal, linalool, citronellol, Cl 17200/red 33, citral, coumarin, parfum/fragrance (FIL B49113/1). || 6 mois après ouverture. || 
98,93€ / L || 
14,84 € || 
Nutrition Ensoleillée Sublime Body || Le tube de 200ml || Origine : FRANCE || Bronzée, votre peau n'est jamais aussi belle qu'en vacances. Les Laboratoires de L'Oréal ont mis au point un lait hydratant quotidien qui vous permet d'obtenir progressivement un hâle naturel, comme au retour des vacances. Enrichi en Hydralium , NUTRIBRONZE nourrit intensément la peau pour la protéger du dessèchement et l'hydrater pendant 24 h (mesure instrumentale sur 15 sujets). La formule, subtilement dosée en Soft-Bronzer, actif autobronzant, permet, jour après jour, d'obtenir un hâle naturel, uniforme. || Appliquer une à deux fois par jour.  Se laver les mains après chaque utilisation. Ne pas appliquer sur le visage. Ne protège pas la peau contre les rayons du soleil. || AQUA /WATER, GLYCERIN, PROPYLENE GLYCOL, CYCLOPENTASILOXANE, ISOHEXADECANE, PARAFFINUM LIQUIDUM /MINERAL, OIL, CYCLOHEXASILOXANE, CETEARETH-12, DIHYDROXYACETONE, BUTYROSPERMUM PARKII / SHEA BUTTER, GLYCINE SOJA / SOYBEAN OIL, CAPRYLIC / CAPRIC TRICLYCERIDE, GLYCERYL STEARATE, SODIUM, POLYACRYLOYL-DIMETHYL TAURATE, PHENOXYETHANOL, PEC-100 STEARATE, CETYL ALCOHOL, METHYLPARABEN, DIMETHICONOL, BENZYL SALICYLATE, POLYSORBATE 80, MICA TOCOPHEROL, ETHYLPARABEN, BUTYLPHENYL, METHYLPROPIONAL, PROPYLPARABEN, BUTYLPARABEN, SORBITAN OLEATE, ISOBUTYLPARABEN, Cl 77891 / TITANIUM DIOXIDE, BENZYL BENZOATE, STEARYL ALCOHOL, MYRISTYL ALCOHOL, LINALOOL, CITRONELLOL, EVERNIA FURFURACEA / TREEMOSS EXTRACT, EVERNIA PRUNASTRI / OAKMOSS EXTRACT, PARFUM / FRAGRANCE (FIL C25167/1). || 
44,40€ / L || 
8,88 € || 
########
########
########
Graisse à traire, bronzage intense, parfum des îles || Le pot de 150ml || Origine : FRANCE || 
43,87€ / L || 
6,58 € || 
Après soleil, lait hydratant apaisant au concentré de cactus, || Le flacon de 20cl || Origine : FRANCE || Sa formule qui apaise votre peau est enrichie en extrait de cactus qui agit comme un réservoir d'hydratation pour la peau. Douce et souple, elle retrouve tout son confort.Apaisée, votre peau est nourrie et hydratée pendant 12h. Non gras et non collant, très confortable, le Lait hydratant apaisant est facilement absorbé par la peau et la laisse discrètement parfumée. || Appliquer quotidiennement sur une peau propre après chaque exposition. || Aqua/water, cyclopentasiloxane, propylene glycol, glycerin, butyrospermum parkii butter/shea butter, isohexadecane, alcohol denat., hydrogenated polyisobutene, peg-2 stearate, talc, tocopherol, phenoxyethanol, stearic acid, peg-100 stearate, ethylparaben, triethanolamine, polysorbate 60, chlorphenesin, limonene, xanthan gum, linalool, propylparaben, isopropylparaben, carbomer, farnesol, sorbitol, geraniol, bisabolol, disodium edta, cetyl alcohol, methylparaben, butylparaben, citronellol, citral,aluminum starch octenylsuccinate, opuntia coccinellifera extract/opuntia coccinellifera flower extract, glyceryl stearate, parfum/fragrance. (F.I.L. B19028/4). || 12 mois après ouverture. || 
42,50€ / L || 
8,50 € || 
########
########
########
########
Bandes dépilatoires de cire froide maillot/aisselles. || La boite de 16 bandes + 4 Lingettes soin || Origine : ESPAGNE || Prêtes à l'emploi, les bandes de cire froide maillot aisselles Monoprix permettent une épilation simple, rapide et efficace, même sur poils courts (à partir de 2 mm). De petites tailles, ces bandes sont idéales pour les zones sensibles du maillot etdes aisselles, pour une épilation longue durée jusqu'à 4 semaines. Enrichies en extrait de calendula et en huile de pépins de raisin, ces bandes sont adaptées à tous les types de peaux, même sensibles. Votre peau est douce et soyeuse. || Pour une efficacité optimale, les poils doivent mesurer entre 2 et 5 mm de long. La peau doit être propre et parfaitement sèche, sans irritations ni traces de produits hydratants (crèmes, huiles, etc ). Réchauffez entre les mains une bande double jusqu'à ce que la cire s'assouplisse et décollez lentement les deux bandes. Appliquez une des bandes sur la peau et lissez plusieurs fois dans le sens de la pousse du poil pour faire adhérer la cire. Sans attendre, tendez la peau d'une main et de l'autre, saisissez l'extrémité de la bande et tirez d'un geste rapide vers le centre dans le sens inverse de la pousse du poil en restant parallèle à la peau. Une même bande peut servir plusieurs fois, pour cela, pliez-la en deux (côté cire) pour la réchauffer et suivez les indications de la première application. Ne pas appliquer plusieurs fois sur le même endroit afin d'éviter d'irriter la peau. Pour apaiser la peau, appuyez avec la paume de la main sur la zone épilée. Pendant l'épilation, enlevez les éventuels restes de cire en tapotant avec une bande usagée. Une fois l'épilation terminée, appliquez délicatement une lingette de soin post-épilation pour éliminer les éventuelles traces de cire et pour laisser votre peau douce. N'utilisez jamais d'eau ou d'alcool pour éliminer les restes de cire. Suivre le mode d'emploi. Eviter tout contact avec les yeux et les muqueuses. Ne pas utiliser sur le visage. Utiliser uniquement pour le maillot et les aisselles. Si le produit s'utilise pour la premi || Bandes de cire : triethylene glycol rosinate, glyceryl rosinate, cera microcristallina, parfum, vitis vinifera seed oil, tocopherol, calendula officinalis flower extract, helianthus annus seed oil, Cl 75810. Lingettes soin : paraffinum liquidum, helianthus annuus seed oil, calendula officinalis flower extract, tocopherol, guaiazulene, parfum. || 24 mois après ouverture. En cas de température élevées (>30°C), mettre les bandes au réfrigérateur pendant 30 minutes avant de les utiliser. Conserver les bandes en position horizontale. || 
0,30€ / Pce || 
4,84 € || 
########
Cire déplilatoire, méthode orientale, aux huiles essentielles, d'ylang-ylang et d'orange douce, s'utilise avec bandes. || Le pot de 250ml+12 bandes non-tissées || Origine : ESPAGNE || Efficace même sur poils courts (5 mm), sa formule à base de sucre contient des huiles essentielles d'ylang-ylang et d'orange douce. || Cet étui contient les éléments nécessaires pour 2 épilations des demi-jambes. Conçue pour une utilisation sur les jambes, les bras, les aisselles et le maillot, la cire chaude méthode orientale Monoprix s'applique en fine couche grâce à sa spatule etse retire facilement à l'aide de ses bandes réutilisables. En quelques minutes vous obtenez une peau douce et nette, jusqu'à 4 semaines pour une épilation longue durée. Pratique et simple d'utilisation, elle se chauffe au micro-ondes ou au bain-marie, directement dans son pot, après avoir retiré le couvercle et l'opercule. Un rinçage à l'eau tiède permet d'éliminer les éventuelles traces de cire après épilation. || Sucrose, aqua, citric acid, parfum, cananga odorata flower oil, citrus aurantium dulcis peel oil. || 24 mois après ouverture. || 
22,40€ / L || 
5,60 € || 
########
########
########
########
########
########
########
########
########
Kit epilation complet, bandes assorties, prêtes à l'emploi,      hypoallergéniques. || La boîte de 32 bandes assorties || Origine : FRANCE || Cet étui contient : 10 bandes corps. 10 bandes aisselles & maillot. 4 bandes visage. 8 bandes sourcils + 1 soin après épilation. Format 4 en 1 : kit pratique et nomade, parfait pour une épilation complète. Une formule exclusive, efficace sur les poils courts pour une peau douce jusqu'à 4 semaines. || Frotter la double bande entre les mains pour réchauffer la cire. Séparer doucement les 2 feuillets pour obtenir 2 bandes prêtes à l'emploi. Appliquer la bande sur la zone à épiler en massant fermement dans le sens de la pousse du poil. Tendre la peaud'une main, et de l'autre, retirer la bande d'un geste vif, parallèlement à la peau et dans le sens inverse de la pousse du poil. Une même bande peut être utilisée plusieurs fois jusqu'à ce qu'elle ne colle plus. Appliquer le soin après épilation àl'huile d'amande douce bio pour éliminer les éventuels résidus de cire. Avant toute première utilisation, faire un essai sur une partie limitée de la zone à épiler. Si aucune réaction désagréable n'est constatée après 24 heures commencer l'épilation.Eviter tout contact avec les yeux. Ne pas avaler. Ne pas utiliser pour un autre usage que celui indiqué. A tenir hors de portée des enfants. Appliquer sur une peau propre, sèche et saine. Ne pas utiliser sur une peau irritée, boutonneuse, sur les varices, cicatrices et grains de beauté ou en cas d'antécédents de réactions aux bandes dépilatoires. Ne pas appliquer sur les muqueuses. Au cours de la même séance d'épilation, il est recommandé de ne pas appliquer la cire plus de deux fois sur la même zone. Ne pas appliquer dans les 24 h avant et après une longue exposition au soleil ou après un bain chaud. Attendre 24 h avant d'utiliser un savon ou un produit à base d'alcool (parfum, déodorant ). || Cire : glyceryl rosinate, ricinus communis seed oil, cera alba*, argania spinosa kernel oil*, helianthus annuus seed oil*, aloe barbadensis leaf extract*. *Ingrédients issus de l'agriculture biologique. 100% du total des ingrédients sont d'origine naturelle. Soin : isopropyl myristate, prunus amygdalus dulcis oil*, parfum. *Ingrédients issus de l'agriculture biologique. Contient de l'huile d'amande douce biologique. 100% du total des ingrédients sont d'origine naturelle. || A conserver à l'abri de la chaleur et de l'humidité. || 
12,45€ / Pce || 
12,45 € || 
########
########
########
########
########
########
########
########
########
########
########
########
########
########
########
########
########
########
########
########
########
########
########
########
########
########
########
########
########
########
########
########
########
########
########
########
########
########
########
########
########
########
########
########
########
########
########
########
########
########
########
########
########
########
########
########
########
########
########
########
########
########
########
########
########
########
########
########
########
########
########
########
########
########
########
########
########
########
########
########
########
Rasoir pour elle || Le rasoir 5 lames confort || Origine : FRANCE || Un rasage de près, avec moins de sensations d'irritations. Idéal, même pour les peaux sensibles ! 5 lames Confort plus resserrées, pour réduire la pression. Un ruban lubrifiant protecteur à la formule enrichie, pour une glisse facile. Manche en gel souple, pour un contrôle optimal. || Peg-7m, peg-115m, peg-100, bht, tocopheryl acetate, aloe barbadensis. || 24 mois après ouverture. || 
12,97€ / Pce || 
12,97 € || 
########
########
########
########
########
########
########
########
########
Lames ultra-fines pour peau douce et lisse || La boite de 4 || Origine : FRANCE || 4 lames ultra fines pour une peau douce et lisse en un clin d'oeil. || PEG 115-M, PEG-7M, PEG-100, tocopheryl acetate, aloe barbadensis, panthenol. || 
2,70€ / Pce || 
8,09 € || 
########
Rasoir lames spéciales courbes avec sérum hydratant aux extraits marins || L'unité || Origine : FRANCE || Hydrate comme un autre rasoir, laissant la peau douce et soyeuse. Sérum hydratant aux extraits marins, qui s'active au contact de l'eau. Micro-coussins protecteurs uniques qui lissent la peau pour réduire les irritations. 5 lames qui épousent vos courbes et s'ajustent individuellement pour un rasage au plus près. Manche finition Soft Touch. || Rechargez avec les lames Wilkinson Sword Hydro Silk. || 
11,32€ / Pce || 
11,32 € || 
########
########
########
########
########
########
########
########
########
########
Lait corps nourrissant, hydrate & adoucit, peaux sèches à très sèches, beurre de karité, huile d'argan. || Le flacon de 250ml || Origine : FRANCE || 
13,92€ / L || 
3,48 € || 
Lait corps nourrissant , peaux sèches à très sèches, beurre de Karité, huile d'argan. || Le flacon de 500ml || Origine : FRANCE || Sa formule enrichie en beurre de karité et en huile d'argan, vous assure une hydratation continue pendant 24h et prévient votre peau du dessèchement. Sa texture plaisir, fluide et non grasse, pénètre rapidement sans laisser de film gras pour une sensation de confort immédiat. Votre peau est nourrie, souple, douce et délicatement parfumée. || Appliquez chaque jour sur l'ensemble du corps après la douche ou le bain, en insistant sur les zones les plus exposées ou desséchées. || 12 mois après ouverture. || 
10,32€ / L || 
5,16 € || 
Lait corps nourrissant peaux sèches à très sèches, A la fleur de cerisier & au beurre de karité || Le tube de 200ml || Origine : FRANCE || Grâce au beurre de karité et de babassu, le lait corps nourrissant Monoprix Bio, certifié par Ecocert, hydrate et protège les peaux sèches à très sèches.                                                                     Enrichi en extrait de fleurde cerisier et en aloe vera aux vertus protectrices et adoucissantes, il laisse la peau douce et souple. De texture agréable et non collante, cette formule a été testée sous contrôle dermatologique. || Aqua, caprylic/capric triglyceride, aloe barbadensis gel*, glycerin, brassica campestris seed oil*, polyglyceryl-3 methylglucose distearate hydrogenated palm kernel glycerides, glyceryl stearate citrate, orbignya oleifera seed oil*, butyrospermum parkii butter*, benzyl alcohol, hydrogenated palm glycerides, sodium benzoate, stearyl alcohol, xanthan gum, parfum, sodium cocoamphoacetate, citric acid, tocopherol, pca ethyl cocoyl arginate, helianthus annuus seed oil, tetrasodium glutamate diacetate, sodium hydroxide, prunus cerasus flower extract, citral, limonene, linalool. *ingrédients issus de l'agriculture biologique. || Refermer le tube après usage. A utiliser de préférence dans les 3 mois après ouverture. || 
23,65€ / L || 
4,73 € || 
########
Lait corps réparateur, nourrit & soulage, peaux extra sèches à abimées, beurre de karité, mangue. || Le flacon de 250ml || Origine : FRANCE || Le lait corps réparateur Monoprix a été spécialement conçu pour réparer, nourrir et soulager les peaux extra sèches, abîmées ou desséchées. Sa formule enrichie en beurre de karité et en extrait de mangue, vous assure une hydratation longue durée et prévient votre peau du dessèchement. Sa texture fluide et non grasse pénètre rapidement sans laisser de film gras pour une sensation de confort immédiat. Votre peau est réparée, souple et douce. Testé sous contrôle dermatologique. || Appliquez chaque jour sur l'ensemble du corps après la douche ou le bain et massez délicatement la peau. Evitez le contact avec les yeux. En cas de contact avec les yeux, rincer abondamment à l'eau claire. || 12 mois après ouverture. || 
13,12€ / L || 
3,28 € || 
Beurre de Karité visage, corps et cheveux 100% Bio || Le pot de 100g || Origine : FRANCE || Favorise le renouvellement cellulaire et nourrit intensément l'épiderme. Assouplit, adoucit et protège la peau et les lèvres. Redonne éclat en vitalité aux cheveux et apaise le feu du rasoir. || Réchauffer une noisette de produit dans la paume de la main puis appliquer sur la peau. || Butyrospermum parkii butter*. *ingrédients issu de l'agriculture biologique. 100% du total des ingrédients sont d'origine naturelle. 100% du total des ingrédients sont issus de l'agriculture biologique. || 6 mois après ouverture. || 
82,30€ / Kg || 
8,23 € || 
########
Lait corps Aloe vera bio || le flacon de 500ml || Origine : FRANCE || Le Lait pour le Corps Modelant Cattier hydrate, aide à raffermir et prévient le vieillissement cutané. Riche en acides gras essentiels et en huile d'onagre, recherchée pour ses propriétés restructurantes et anti-âge, il apporte souplesse et beauté àl'épiderme et renforce son élasticité. || Appliquer généreusement sur tout le corps en insistant sur les zones sèches. Masser jusqu'à complète pénétration. || Aqua, helianthus annuus hybrid oil*, glycerin, caprylic/capric triglycéride, sorbitan stéarate, butyrospermum parkii butter*, oenothera biennis oil*, methyl glucose sesquistearate, stearic acid, xanthan gum, aloe barbadensis leaf extract*, parfum, benzyl alcohol, sodium benzoate, lactic acid, tocophérol, citronellol, limonène, linalool. *Ingrédients issus de l'agriculture biologique. 99,3% du total des ingrédients sont d'origine naturelle. 15% du total des ingrédients sont issus de l'agriculturebiologique. || 12 mois après ouverture. || 
24,26€ / L || 
12,13 € || 
########
########
Body Smooth, lait nourrissant intensif à l'huile de noyau d'abricot & vitamine E, 24h nutri-serum, peaux sèches || Le flacon de 250ml || Origine : FRANCE || Tous les produits de soin du corps Dove vont au-delà de l'hydratation*. Ils contiennent un Nutri-Serum 24h** unique avec des nutriments essentiels. L'aspect et le toucher de votre peau sont visiblement améliorés. Dove Lait Nourrissant Intensif, pourune peau visiblement plus douce et éclatante de santé. || Aqua, ethylhexyl cocoate, cyclopentasiloxane, paraffinum liquidum, glycerin, cetyl peg/ppg-10/1 dimeticone, prunus armeniaca, tocopheryl acetate, camellia sinensis, vitis vinifera, linoleic acid, magnésium sulfate, zinc sulfate, cera microcristallina, disodium phosphate, propylene glycol, parfum, phenoxyethanol, methylparaben, propylparaben, potassium sorbate, sodium benzoate, sorbic acid, benzoic acid, bht, pentaerythrityl tetra-di-t-butyl hydroxyhydrocinnamate, dilauryl thiodipropionate, alpha-isomethyl ionone, butylphenyl methylpropional, citronellol, coumarin, hexyl cinnamal, hydroxyisohexyl 3-cyclohexene carboxaldehyde, limonene, linalool. || 
20,16€ / L || 
5,04 € || 
########
########
########
Lait beauté absolue, lait corps nourrissant, infusé aux huiles, peaux sèches, non-gras, non-collant. || Le flacon de 250ml || Origine : FRANCE || Grâce au pouvoir sublimant des huiles, le lait donne à la peau un fini satiné et éclatant. Radieuse et subtilement parfumée, elle apparaît comme transformée. La peau est intensément nourrie. Riches en nutriments essentiels, les huiles précieuses participent à nourrir la peau, renforcer sa fonction-barrière et ainsi prévenir son dessèchement. La texture lait, rapidement absorbée par la peau, est optimale pour un usage quotidien. || Ne pas appliquer sur le visage. || Aqua/water, petrolatum, glycerin, paraffinum liquidum/mineral oil, cetearyl alcohol, dimethicone, butyrospermum parkii butter, shea butter, argana spinosa oil, argana spinosa kernel oil, caprylyl glycol, carbomer, Cl14700, red 4, Cl19140, yellow 5, glyceryl stearate, macadamia ternifolia seed oil, palmitic acid, peg-100 stearate, phenoxyethanol, prunus amygdalus dulcis oil, sweet almond oil, rosa Rubiginosa seed oil, sodium hydroxide, stearic acid, tocopherol, parfum/fragrance (F.I.L. B162892/2). || 12 mois après ouverture. || 
21,40€ / L || 
5,35 € || 
########
Baume Nutrition Royale Sublime Body || Le pot de 200ml || Origine : ALLEMAGNE || Pour préserver sa douceur et son élasticité, la peau a besoin dêtre intensément nourrie. Les peaux extra-sèches ont particulièrement besoin dun soin réparateur. Le meilleur de la nutrition enrichi en 4 huiles nutritives ce baume hydrate la peau 48h, la répare intensément et la protège durablement contre le dessèchement. Résultats : sa texture riche fond sur la peau et pénètre rapidement sans laisser de film gras. la peau est nourrie en profondeur, douce et délicatement parfumée. Tout simplement sublime. Testé sous contrôle dermatologique. || 
45,10€ / L || 
9,02 € || 
########
########
Baume nourrissant, Peaux très sèches || Le pot de 250ml || Origine : FRANCE || Avec sa texture onctueuse, le Baume Nourrissant Le Petit Marseillais fond sur la peau et procure une sensation de douceur et de bien-être, dès l'application. Il laisse la peau apaisée, hydratée et nourrie. || Aqua, paraffinum liquidum, glycerin, dimethicone, caprylic/capric triglyceride, hydrogenated palm kernel glycérides, glyceryl stearate, PEG-100 stearate, butyrospermum parkii, isostearyl isostearate, cetearyl alcohol, octyldodecanol myristate, helianthus annuus seed oil, anthemis nobilis flower oil, ficus carica fruit extract, citrus aurantium amara flower extract, hydrogenated palm glycérides, caprylyl glycol, cera microcristallina, paraffin, lecithin, butylene glycol, carbomer, polyglyceryl-3diisostearate, sodium hydroxide, potassium sorbate, parfum, benzyl salicylate, butylphenyl methylpropional, linalool, Cl14700. || 12 mois après ouverture. || 
23,96€ / L || 
5,99 € || 
########
########
########
Crème hydratante olive & amande douce. || La boîte de 150ml || Origine : FRANCE || Avec sa formule légère, cette crème pénètre rapidement et parfume agréablement votre peau. Le Petit Marseillais a réuni deux ingrédients : le lait d'olive aux vertus hydratantes, et l'huile d'amande douce, utilisée depuis toujours par les mamans pourleur peau et celle de leurs enfants. || Aqua, paraffinum liquidum, glycerin, behenyl alcohol, dimethicone, glyceryl stearate, butyrospermum parkii butter, peg-100 stearate, alaeis guineensis oil, cetyl alcohol, ethylhexylglycerin, sodium levulinate, cinnamic acid, levulinic acid, glycerylcaprylate, lecithin, myristyl alcohol, olea europaea fruit oil, prunus amygdalus dulcis oil, stearyl alcohol, polyglyceryl-3 diisostearate, acrylates/c10-30 alkyl acrylate crosspolymer, xanthan gum, zea mays starch, sodium phytate, tocopherol, sodiumbenzoate, potassium sorbate, parfum. Sans paraben. || 12 mois après ouverture. || 
22,33€ / L || 
3,35 € || 
Huile séche pour peau très sèche || Le flacon de 150ml || Origine : FRANCE || Pour moindre soin des peaux très sèches, Le Petit Marseillais s'est inspiré des secrets de beauté des femmes du Sud et vous propose ses soins du corps Recettes Mediterranéennes. Les secrets des ingrédients du Sud... d'argan à l'Amande Douce et au Beurre de Karité satine et sublime votre peau. ...Pour une peau nourrie, douce et délicieusement parfumée. ... Avec une texture plaisir, qui pénètre rapidement et ne laisse pas le film gras. || Pour des cheveux soyeux, appliquer avant votre shampooing un peu d'huile sublimante sur vos cheveux || Isopropyl myristate, sesamum indicum oil, isoprpyl palmitate, isopropyl laurate, PEG-40 sorbitan peroleate, argania spinosa oil, prunus amygdalus dulcis oil, butyrospermum parkii butter, BHT, propylparaben, parfum, hexyl cinamal, linalool. || Après ouverture à conserver pendant 12 mois || 
44,53€ / L || 
6,68 € || 
########
########
Lait hydratant hypoallergénique à la sève d'Aloe Cera et Calendula || Le flacon de 250ml || Origine : FRANCE || 
20,40€ / L || 
5,10 € || 
Lait hydratant hypoallergénique à la sève d'Aloe Vera et camomille || Le flacon de 250ml || Origine : FRANCE || 
20,40€ / L || 
5,10 € || 
########
Lait hydratant peaux très sèches, karité, amande douce, huile d'argan || Le flacon pompe de 400ml || Origine : FRANCE || Restez nature. Pour prendre soin des peaux très sèches, Le Petit Marseillais s'est inspiré des secrets de beauté des femmes du Sud et vous propose ses soins du corps Recettes Méditerranéennes. Les secrets des ingrédients du Sud... L'Huile d'Argan, aux propriétés nourrissantes et adoucissantes, le Beurre de Karité, aux effets hydratants et nourrissants, et l'Amande Douce aux vertus assouplissantes. ... Pour une peau nourrie souple et délicieusement parfumée... Avec une texture plaisir qui pénètreinstantanément, hydrate et offre une sensation de douceur dès l'application. Le Lait hydratant Le Petit Marseillais vous procure une agréable sensation de confort et de bien-être. || Aqua, glycerin, caprylic/capric triglyceride, paraffinum liquidum, peg-6 stearate, dimethicone, octyldodecyl myristate, cetearyl alcohol, butyrospermum parkii extract, argania spinosa kernel oil, prunus amygdalus dulcis oil, glyceryl stearate, cera microcristallina, paraffin, carbomer, ceteth-20, steareth-20, polysorbate 85, acrylates/acrylamide copolymer, methylparaben, dmdm hydantoin, ethylparaben, parfum. || A utiliser dans les 12 mois après ouverture. || 
15,28€ / L || 
6,11 € || 
Lait réparateur, Peaux abîmées desséchées || Le flacon de 400ml || Origine : FRANCE || Pour prendre soin des peaux desséchées & abîmées, Le Petit Marseillais a associé trois ingrédients du Sud : le Beurre de karité nourrissant, l'Aloès apaisante et la Cire d'abeille protectrice.Avec sa texture généreuse et son parfum réconfortant, le Lait Réparateur Le Petit Marseillais procure un confort extrême, dès l'application. Hydratée et immédiatement apaisée, la peau desséchée est intensément nourrie et réparée en profondeur. || Aqua, glycerin, paraffinum liquidum, caprylic/capric triglycéride, cetearyl alcohol, glyceryl stearate, dimethicone, hydrogenated palm kernel glycerides, peg-75 stearate, cyclopentasiloxane, aloe barbadensis leaf extract, butyrospermum parkii, hydrogenated palm glycerides, cyclohexasiloxane, cera alba, caprylyl glycol, propylene glycol, xanthan gum, carbomer, sodium hydroxide, methylisothiazolinone, parfum, Cl 15985, Cl 19140. || 12 mois après ouverture. || 
16,23€ / L || 
6,49 € || 
########
Crème corps ultra hydratante au beurre de karité du Burkina Faso, commerce équitable || Le tube de 250ml || Origine : FRANCE || Riche en beurre de karité (5%), en glycérine (5%) et en vitamine E, la Crème Corps Le Petit Olivier aide à réduire toutes sensations de tiraillements de la peau. Nourrie et hydratée, votre peau est plus douce et protégée contre les agressions quotidiennes. Spécialement formulée pour pénétrer rapidement, sa texture onctueuse et non grasse rend son utilisation très agréable. || Ne pas avaler. || Aqua (water), butyrospermum parkii (shea) butter, glycerin, cyclopentasiloxane, ceteareth-12, cetyl alcohol, tocopheryl acetate, diphenyl dimethicone, glyceryl stearate, carbomer, parfum (fragrance), potassium sorbate, methylisothiazolinone, triethanolamine, limonene, alpha-isomethyl ionone, coumarin, linalool. Ne contient aucune matière animale. Sans paraben. || 9 mois après ouverture. Conserver à l'abri de la chaleur et de la lumière. || 
32,24€ / L || 
8,06 € || 
########
########
########
Lait corps ultra hydratant au beurre de karité, issu du commerce équitable, sans paraben. || Le flacon de 250ml || Origine : FRANCE || Le lait de corps à la texture fluide et fondante a été spécialement formulé pour pénétrer rapidement. Riche en karité et en glycérine, il hydrate la peau et la protège des agressions extérieures. || Ne pas avaler. || Aqua, caprylic/capric triglyceride, butyrospermum parkii butter, c14-22 alcohols, glycerin, hydroxyethyl acrylate/sodium acryloyldimethyl taurate copolymer, C12-20 alkyl glucoside, cetearyl alcohol, tocopheryl acetate, tocopherol, cyclopentasiloxane,diphenyl dimethicone, squalane, polysorbate 60, parfum, potassium sorbate, methylisothiazolinone, citric acid, limonene, alpha-isomethyl ionone, coumarin, linalool. || 9 mois après ouverture. Conserver à l'abri de la chaleur et de la lumière. || 
25,92€ / L || 
6,48 € || 
########
Eau de soin hydratante frangipanier et nacres, tous types de peaux. || Le spray de 125ml || Origine : FRANCE || 
46,32€ / L || ##
Eau de soin hydratante frangipanier et nacres, tous types de peaux. || Le spray de 125ml || Origine : FRANCE || 
46,32€ / L || ##
Gelée raffermissante papaye || Le pot de 200ml || Origine : FRANCE || La gelée raffermissante Lovea Nature enrichie en extrait de papaye, hydrate* et tonifie votre peau. *Hydratation des couches supérieures de l'épiderme. Composée à 95% d'ingrédients d'origine naturelle, son complexe raffermissant de papaye et caféineapporte une sensation de fermeté immédiate à votre peau. || Appliquer sur une peau propre et saine par un massage circulaire. || Aqua (water), alcohol denat, glycerin, ammonium acryloyldimethyl taurate/vp copolymer, peg-12 dimethicone, caffeine, parfum (fragrance), capric/caprylic trilgyceride, squalane, nylon-1010, chlorphenesin, hexylene glycol, pentylene glycol, sucrose laurate, caprylyl glycol, decylene glycol, solidago virgaurea extract, fructose, glucose, sodium hydroxide, dextrin, sucrose, urea, Cl 15985, carica papaya fruit extract, alanine, aspartic acid, hexyl nicotinate, glutamic acid, benzyl salicylate, citronellol, geraniol, hexyl cinnamal, hydroxycitronellal, limonene, linalool. || 12 mois après ouverture. || 
35,80€ / L || 
7,16 € || 
########
Huile d'argan 100% pur bio || Le vaporisateur de 50 ml || Origine : FRANCE || L'Huile d'Argan Lovea Bio 100% Pure, Naturelle & Bio, nourrit et revitalise les peaux sèches, dévitalisées et sans éclat. || Visage, corps et cheveux. Eviter le contact avec les yeux. || Argania spinosa kernel oil*. *Ingrédients issus de l'Agriculture Biologique. 100% du total des ingrédients sont issus de l'Agriculture Biologique. Sans parfum, sans paraben, sans silicone, sans paraffine. || 12 mois après ouverture. || 
267,60€ / L || 
13,38 € || 
Huile d'argan 100% pur bio || Le vaporisateur de 50 ml || Origine : FRANCE || L'Huile d'Argan Lovea Bio 100% Pure, Naturelle & Bio, nourrit et revitalise les peaux sèches, dévitalisées et sans éclat. || Visage, corps et cheveux. Eviter le contact avec les yeux. || Argania spinosa kernel oil*. *Ingrédients issus de l'Agriculture Biologique. 100% du total des ingrédients sont issus de l'Agriculture Biologique. Sans parfum, sans paraben, sans silicone, sans paraffine. || 12 mois après ouverture. || 
267,60€ / L || 
13,38 € || 
########
Huile de soin protectrice à l'argan bio, peaux sèches à très sèches || Le flacon de 125ml || Origine : FRANCE || 
49,00€ / L || 
7,35 € || 
Lait corps nutritif, peaux sèches, karité & cacao. || Le flacon de 750ml || Origine : FRANCE || Le lait corps nutritif Lovea Nature, enrichi en beurres de Karité et Cacao, nourrit et protège les peaux sèches. Composée à 95% d'ingrédients d'origine naturelle, sa texture riche et généreuse hydrate* intensément votre peau dès l'application. Délicatement parfumée, votre peau retrouve alors toutes sa douceur naturelle. *hydratation des couches supérieures de l'épiderme. || Aqua (water), butyrospermum parkii butter, glycerin, sesamum indicum (sesame) seed oil, caprylic/capric triglyceride, glyceryl stearate, cetearyl alcohol, , dicaprylyl carbonate, dimethicone, phenoxyethanol, olus oil, parfum (fragrance), cyclopentasiloxane, sorbitan caprylate, cyclohexasiloxane, ceteareth-20, theobroma cacao seed butter, carbomer, chlorphenesin, nylon-1010, triethanolamine, ceteareth-12, hydrogenated vegetable oil, bht, candelilla cera, alpha-isomethyl ionone, benzyl salicylate,citronellol, coumarin, geraniol, hexyl cinnamal, limonene, linalool. || 12 mois après ouverture. || 
10,97€ / L || 
8,23 € || 
########
########
Baume corps surgras effet "Pansement" peaux réactives à sécheresse extrême. || Le pot de 300ml || Origine : FRANCE || Grâce à une formule unique dosée à 30% en glycérine, lait d'avoine et vaseline, le baume nourrit intensément et stimule la réparation de la peau très sèche même en cas de rugosités ou rougeurs. || Appliquez généreusement sur tout le corps et renouvelez dans la journée si nécessaire surtout en hiver ou dans un environnement sec. || Aqua, glycerin, glyceryl stearate, petrolatum, dimethicone, stearyl alcohol, cetyl alcohol, caprylic/capric triglyceride cetyl esters, avena sativa kernel extract/oat kernel extract, caprylyl glycol, panthenol, peg-100 stearate, phenoxyethanol, sodium polyacrylate, stearic acid, parfum (FIL B158757/1). || 12 mois après ouverture. || 
25,03€ / L || 
7,51 € || 
Crème de soin antidessèchement, palme végétale + glycérine || Le pot de 200ml || Origine : FRANCE || Le karité est connu pour sa richesse en vitamines et ses propriétés nutritives, réparatrices et protectrices.Pour les peaux desséchées à l'aspect terne, Mixa crée le Baume Nutritif Réparateur au Karité Pur. Action apaisante, réparatrice et nutritive: soulagée de ses tiraillements, intensément nourrie votre peau est comme réparée. Elle est douce et rebondie. Action protectrice : sa formule enrichie en karité renforce le film protecteur de la peau pour préserver plus longtemps sa douceur et sa souplesse naturelle. || Sa formule concentrée en beurre de karité pénètre dans la peau immédiatement vous pouvez appliquer ce baume sur le corps, les mains, le visage et même les pointes de cheveux. Il convient en été comme en hiver. || Aqua/water, butyrospermum parkii butter/shea butter, paraffinum liquidum/mineral oil, glycerin dimethicone petrolatum, peg-40 stearate, glyceryl stearate, cetearyl alcohol, sorbitan tristearate, phenoxyethanol, ammonium polyacryldimethyltauramide/ammonium polyacryloyldimethyl taurate, methylparaben, pentaerythrityl tetra-di-butyl hydroxyhydrocinnamate, butylphenyl methylpropional, benzyl salicylate, linalool, hexyl cinnamal, limonene, hydroxyisohexyl 3-cyclohexene carboxaldehyde, citronellol, hydroxycitronellal, geraniol, benzyl benzoate, benzyl alcohol, eugenol, citral, parfum/fragrance. (F.I.L. B39484/1). || 12 mois après ouverture. || 
24,50€ / L || 
4,90 € || 
########
########
Lait corps antidessèchement, intensif peaux sèches || Le flacon de 250ml || Origine : FRANCE || La formule brevetée du lait corps antidessèchement associe : de l'huile végétale pour apporter apaisement, confort et douceur à la peau, de l'huile de coriandre à l'effet nourrissant. De la glycérine pour maintenir un taux d'hydratation optimal et protéger la peau du dessèchement cutané. Soulagée et nourrie, votre peau retrouve sa douceur et sa souplesse naturelles. || 601222 13-INGREDIENTS`: AQUA/WATER, PETROLATUM, GLYCERIN, PARAFFINUM LIQUIDUM/MINERAL OIKL, CYCLOPENTASILOXANE, ELAEIS GUINEENSIS OIL/PALM OIKL, ALUMINIUM STARCH OCTENYLZSUCINNATE, STEARETH-2, STEARETH-20, ALLANTOIN, METHYLPARABEN, CARBOMER, CORIANDRUM SATIMUM OIL/CORIANDER SEED OIL, PROPYLPARABEN, SODIUM CETEARYL SULFATE, CETYL ALCOHOL, SODIUM HYDROXIDE, BUTYLPHENYL METHYLPROPIONAL, CHLORHHEXIDINE DIGLUCONATE, DISODIUM EDTA, BENZYL SALICYLATE, LINALOOL, HEXYL CINNAMAL, LIMONE, HYDROXYISOPHEXYL3-CYCLOHEXENE, CARBOXALDEHYDE, CITRONELLOL, HYDROXYCITRONNELLAL, GERANIOL, BENZYL BENZOATE ALCHOHOL, EUGENOL, CITRAL, PARFUM/FRAGRANCE. (F.I.L B39487/1) || 
20,96€ / L || 
5,24 € || 
########
########
Lait corps hydratant raffermissant, usage quotidien || Le flacon pompe de 250ml || Origine : FRANCE || Les grossesses, les régimes à répétition mettent votre peau à rude épreuve. Ces agressions fragilisent sa structure, elle perd son élasticité et sa tonicité : elle est comme détendue, relâchée. Mixa connaît bien votre peau et ses déséquilibres (déshydratation, sécheresse cutanée, sensibilité...). Fort de cette expérience et grâce à la collaboration de spécialistes de la peau, Mixa crée le lait Corps Hydratant Raffermissant pour agir chaque jour sur votre silhouette. || AQUA/WATER, GLYCERIN, CYCLOPENTASILOXANE, PETROLATUM, ALUMINUM STARCH OCTENYLSUCCINATE, PARAFFINUM LIQUIDUM / MINERAL OIL, CETEARYL ALCOHOL, COCO-GLUCOSIDE, ALPHA-ISOMETHYL IONONE, AMMONIUM POLYACRYLOYDIMETHYL TAURATE, BENZIL BENZOATE, BENZIL SALICYLATE, BUTYLPARABEN, BUTYLPHENYL METHYLPROPINAL, CHLORPHENESIN, CITRONELLOL, DISODIUM EDTA, GERANIOL, HEXYL CINNAMAL, HYDROXYISOHEXYL 3-CYCLOHENEXENE CARBOXALDEHYDE, IMIDAZOLIDINYL UREA, LIMONENE, LINALOOL, METHYLPARABEN, 2-OLEAMIDO-1, 3-OCTADECANEDIOL, PISIUM SATIVUM / PEA EXTRACT, POTASSIUM SORBATE, XANTHAN GUM, PARFUM / FRAGRANCE. (F.I .L. B11916/1). || 12 mois après ouverture. || 
26,92€ / L || 
6,73 € || 
########
########
Lait corps nutritif protecteur, Peaux sensibles et sèches, Huile d'abricot et thé vert bio || Le flacon pompe de 250ml || Origine : FRANCE || composée à 98% d'ingrédients d'origine naturelle, sans paraben. || 
26,88€ / L || 
6,72 € || 
########
########
Lait corps nutritif satinant peaux mates à foncées, karité pur || Le flacon pompe de 250ml || Origine : FRANCE || Sa formule enrichie en Karité Pur, connu pour ses propriétés nutritives exceptionnelles, nourrit intensément la peau et lui redonne sa douceur et son éclat naturel.Hypoallergénique, formulé pour minimiser les risques d'allergies. || Aqua / water, butyrospermum parkii butter / shea butter, cyclohexasiloxane, glycerin, glyceryl stearate, cetyl alcohol, PEG-40 stearate, citric acid, pentearythrityl tetra-DI-T-butyl hydroxyhydrocinnamate, phenoxyethanol, sodium benzoate, sorbitan tristearate, theobroma cacao butter / cocoa seed butter, parfum / fragrance. (FIL B34865/1). || 12 mois après ouverture. || 
19,40€ / L || ##
########
Lait corps réparateur, peaux extra sèches, soulage et répare les peaux abîmée ou très désséchées. || Le flacon de 400ml || Origine : FRANCE || 
17,75€ / L || 
7,10 € || 
########
########
########
########
########
########
########
########
Crème de soin Hydratante || Le pot de 100ml || Origine : FRANCE || Pour une peau douce et satinée. || Aqua, glycerin, paraffinum, liquidum, myristyl alcohol, butylene glycol, alcohol denat, stearic acid, myristyl myristate, cera microcristallina, glyceryl stearate, hydrogenated, coco-glycerides, simmondsia chinensis oil, tocopheryl acetate, lanolin alcohol (eucerit), polyglyceryl-2 caprate, dimethicone, sodium carbomer, phenoxyethanol, linalool, citronellol, alpha-isomethyl ionone, butylphenyl methylpropional, limonene, benzyl salicylate, benzyl alcohol, parfum. || 12 mois après ouverture. || 
29,90€ / L || 
2,99 € || 
########
########
Gel-crème fermeté, sans massage, Q10 plus, raffermit et réduit visiblement l'aspect cellulite même sans massage. || Le flacon de 200 ml || Origine : FRANCE || Raffermit et réduit visiblement l'aspect cellulite même sans massage.Son utilisation régulière permet de réduire les signes visibles de la cellulite. La texture gel-crème pénètre instantanément et procure à votre peau un effet de fraîcheur immédiat. || Tous types de peaux. Appliquez tous les jours sur les zones concernées : cuisses, fesses et ventre, sans massage. || Aqua, alcohol denat., cyclomethicone, glycerin, glyceryl glucoside, carnitine, ubiquinone, nelumbo nucifera leaf extract, phenoxyethanol, butylene glycol, sodium acrylates/C10-30 alkyl acrylate crosspolymer, sodium carbomer, chondrus crispus, sodiumpolyacrylate, dimethiconol, limonene, linalool, geraniol, citral, parfum, Cl42090. || 12 mois après ouverture. || 
72,05€ / L || 
14,41 € || 
########
########
########
########
########
########
########
########
########
########
########
########
########
########
Soin nourissant pure et natural || Le pot de 300ml || Origine : FRANCE || Sa formule riche en huile d'argan et huile de Bardane issues de l'agriculture biologique nourrit intensément votre peau et la laisse souple et douce toute la journée. || Appliquez ce soin et effectuez de légers pincements entre la pulpe de vos doigts. Finissez par un léger massage circulaire et insistez sur les zones spécifiques pour un résultat optimal. || Aqua, glycerin, alcohol denat, caprylic/capric triglyceride, cetearyl alcohol, octyldodecanol, glyceryl stearate citrate, dicaprylyl ether, hydrogenated vegetable oil, arctium lappa fruit extract, argania spinosa kernel oil, glyceryl glucoside, tocopherol, tapioca starch, glyceryl stearate, xanthan gum, sodium carbomer, methylisothiazolinone, phenoxyethanol, linalool, limonene, citronellol, benzyl alcohol, butylphenyl methylpropional, alpha isomethyl ionone, geraniol, parfum. Sans paraben, sanssilicone, sans colorant, sans huile minérale. || 12 mois après ouverture. || 
21,80€ / L || 
6,54 € || 
Huile sèche soin réparateur, visage et corps, formule beurre de cacao, à la vitamine E || Le tube de 150ml || Origine : ETATS-UNIS AMERIQUE || Il répare la peau sèche et abîmée, il redonne de l'éclat au teint irrégulier et aide à réduire les rides et ridules. La peau devient douce et lisse grâce à cette formule non grasse. Egalement idéale comme huile de bain ou de douche pour un traitementhydratant en profondeur. || Massez doucement les zones affectées, trois fois par jour ou aussi souvent que vous le souhaitez. || Huile de colza, myristate d'isopropyle, éthylhexanoate de cétéaryle huile de graines de sesamum indicum (sésame), diméthicone, beurre de graines de theobroma cacao (cacao), acétate de tocophéryle, parfum, extrait de graines de rosa canina, citronellol, coumarine, limonene, linalool, géraniol. || 24 mois après ouverture. || 
88,93€ / L || 
13,34 € || 
########
########
########
########
########
########
########
Soin gommant pour le corps, peaux sèches, aux huiles essentielles || Le tube de 150ml || Origine : FRANCE || Une à deux fois par semaine, redonnez éclat et tonus à votre peau avec le soin gommant énergisant Le Petit Marseillais.Enveloppé d'un voile parfumé aux notes pétillantes, la peau est douce, fraîche et tonifiée, prête à recevoir les bienfaits des soins hydratants. || Aqua, glycerin, Polyéthylène, calophyllum inophyllum shell powder, aloe barbadensis leaf juice, citrus aurantium bergamia fruit oil, citrus paradisi peel oil, prunus amygdalus dulcis shell powder, alcohol, decyl glucoside, benzotriazolyl dodecyl p-cresol, tris (tetramethylhydroxypiperidinol) citrate, xanthan gum, acrylates/C10-30 alkyl acrylate crosspolymer, citric acid, sodium hydroxide, sodium benzoate, sodium sulfite, parfum, limonene, linalool, Cl19140, Cl61570. || 12 mois après ouverture. || 
39,87€ / L || 
5,98 € || 
########
########
########
########
########
########
########
########
########
########
########
########
########
########
########
########
########
########
########
########
########
########
########
########
########
########
########
########
########
########
########
########
########
########
########
########
########
########
########
########
########
########
########
########
########
########
########
########
########
########
########
########
########
########
########
########
########
########
########
########
########
########
########
########
########
########
########
########
########
########
########
########
########
########
########
########
########
########
########
########
########
########
########
########
########
########
########
########
########
########
########
########
########
########
########
########
########
########
########
########
########
########
########
########
########
########
########
########
########
########
########
########
########
########
########
########
########
########
########
########
########
########
########
########
########
########
########
########
########
########
########
########
########
########
########
########
########
########
########
########
########
########
########
########
########
########
########
########
########
########
########
########
########
########
########
########
########
########
########
########
########
########
########
########
########
########
########
########
########
########
########
########
########
########
########
########
########
########
########
########
########
########
########
########
########
########
########
########
########
########
########
########
########
########
########
########
########
########
########
########
########
########
########
########
########
########
########
########
########
########
########
########
########
########
########
########
########
########
########
########
########
########
########
########
########
########
########
########
########
########
########
########
########
########
########
########
########
########
########
########
########
########
########
########
########
########
########
########
########
########
########
########
########
########
########
########
########
########
########
########
########
########
########
########
########
########
########
########
########
########
########
########
########
########
########
########
########
########
Avant rasage électrique || Le flacon de 100ml || Origine : FRANCE || L'avant-rasage WILLIAMS Lectric Shave, améliore l'efficacité et le confort du rasage électrique, grâce à sa double action : Préparer et protéger la peau. Enrichi en actifs adoucissants et protecteurs, Lectric Shave prépare le poil et lubrifie la peaupour accroître la glisse et le confort au rasage. Rasage de plus près. Ainsi préparé, le rasage électrique est plus net pour une peau vraiment plus lisse et douce, avec une grande sensation de fraîcheur. || Bien agiter avant d'emploi. Verser un peu de produit dans le creux de la main puis étaler sur la barbe. Laisser agir quelques instants. Se raser comme d'habitude. || Alcohol Denat., Aqua, Nylon-12, Isohexadecane, Menthol, Parfum, Sodium Lauroyl Sarcosinate, Caprylyl/Capryl Glucoside, Hydroxypropylcellulose. || 24 mois après ouverture. || 
57,50€ / L || 
5,75 € || 
########
########
########
########
########
########
########
Baume énergisant après-rasage + soin visage, peaux fatiguées || Le flacon de 100ml || Origine : FRANCE || Le baume énergisant vous offre une action complète et adaptée en un seul geste. Une action hydratante pour apaiser le feu du rasoir.Une action énergisante et stimulante : enrichi en Caféine et en Vitamine CG, c'est un véritable 'coup de fouet' pour réveiller et tonifier votre peau. Résultat : votre peau retrouve tout son tonus. Réveillée, elle est visiblement en pleine forme ! || Pénètre rapidement. Non gras, ne laisse pas de film collant. Le baume Energisant agit comme un après-rasage sur la zone de la barbe et s'utilise sur l'ensemble du visage pour l'entretien de la peau. || Aqua/water, alcohol denat, glycerin, bis-peg-18 methyl ether dimethyl silane, cyclohexasiloxane, acrylates/C10-30 alkyl acrylate crosspolymer, ascorbyl glucoside, caffeine, ethyl menthane carboxamide, magnesium gluconate, sodium citrate, sodium hydroxide, sodium polyacrylate, parfum/fragrance (F.I.L B33302/1). || 
72,00€ / L || 
7,20 € || 
Après-rasage fraîcheur cool, peaux sensibles || la bouteille de 100ml || Origine : FRANCE || 
72,00€ / L || 
7,20 € || 
########
########
########
########
########
########
Déodorant homme, Anti-traces blanches || Le flacon de 200ml || Origine : FRANCE || Le déodorant anti-traces blanches Monoprix a été spécialement conçu pour limiter et éviter les traces blanches sur vos vêtements de couleur foncée lors de l'application. Sa formule anti-transpirante vous assure une efficacité longue durée (24 heures)contre les mauvaises odeurs. Tout en respectant votre peau, ce déodorant vous procure une sensation de confort et de bien-être. || Bien agiter avant emploi. Vaporisez à 15 cm des aisselles. En cas de bouchage, rincez le diffuseur sous l'eau tiède. Adapté aux peaux sensibles. Testé sous contrôle dermatologique. Récipient sous pression. Ne pas percer ou brûler, même après usage. Ne pas vaporiser vers une flamme ou un corps incandescent. Conserver à l'écart de toute flamme ou source d'étincelles. Ne pas fumer. Conserver hors de portée des enfants. Ne pas vaporiser sur une peau irritée, vers les yeux ou inhaler intentionnellement. Procéder par de brèves pressions sans pulvérisation prolongée. Conserver dans un endroit bien ventilé. Ne pas utiliser pour un usage autre que celui pour lequel le produit est destiné. || Butane, propane, cyclopentasiloxane, aluminum chlorohydrate, C12-15 alkyl benzoate, parfum, octyldodecanol, disteardimonium hectorite, triethyl citrate. || A protéger contre les rayons solaires et à ne pas exposer à une température supérieure à 50°C. || 
11,05€ / L || 
2,21 € || 
########
########
########
Déodorant 6 en 1 cool & dry anti-perspirant || Le spray de 200ml || Origine : PORTUGAL || 
19,45€ / L || 
3,89 € || 
########
########
########
########
########
déodorant anti-transpirant, Apollo || Le spray de 150ml || Origine : FRANCE || Bien agiter avant emploi. Appuyer fortement sur le diffuseur à la première utilisation. Procéder par de brèves pressions sans pulvérisation prolongée. Extrêmement inflammable. Récipient sous pression. Ne pas percer ou brûler, même après usage. Ne pasvaporiser ver une flamme ou un objet incandescent. Conserver et utiliser à l'écart de toute flamme ou source de chaleur, d'ignition et d'étincelles, appareil électrique en fonctionnement. Ne pas fumer. Conserver hors de la portée des enfants. Ne pasappliquer sur la peau irritée ou endommagée. Ne pas vaporiser à moins de 15 cm des aisselles. Ne pas vaporiser vers le yeux. Eviter d'inhaler intentionnellement. Utiliser exclusivement selon l'usage préconisé. Utiliser seulement dans des zones bienventilées. Ne recycler que des flacons entièrement vides. || A protéger contre les rayons solaires et ne pas exposer à une température supérieure à 50°C. || 
32,60€ / L || 
4,89 € || 
########
déodorant body spray, click || Le spray de 150ml || Origine : FRANCE || 
30,80€ / L || 
4,62 € || 
########
déodorant body spray, vice || Le spray de 150ml || Origine : FRANCE || 
30,13€ / L || 
4,52 € || 
########
Déodorant bodyspray peace || L'atomiseur de 150ml || Origine : FRANCE || 48 h thermo protection. || Bien agiter avant emploi. Appuyer fortement sur le diffuseur à la première utilisation. Récipient sous pression. Ne pas percer ou brûler, même après usage. Ne pas vaporiser vers une flamme ou un objet incandescent. Conserver et utiliser à l'écart detoute flamme ou source de chaleur, d'ignition et d'étincelles, appareil électrique en fonctionnement. Ne pas fumer. Conserver hors de la portée des enfants. Ne pas appliquer sur la peau irritée ou endommagée. Ne pas vaporiser à moins de 15 cm des aisselles. Ne pas vaporiser vers les yeux. Eviter d'inhaler intentionnellement. Utiliser exclusivement selon l'usage préconisé. Procéder par de brèves pressions sans pulvérisation prolongée. Utiliser seulement dans les zones bien ventilées. || Butane, isobutane, propane, cyclopentasiloxane, aluminium chlorohydrate, parfum, disteardimonium hectorite, propylene carbonate, butylphenyl methylpropional, coumarin, limonene, linalool. || A protéger contre les rayons solaires et ne pas exposer à une température supérieure à 50°C. || 
33,33€ / L || 
5,00 € || 
########
Déodorant  musk || L'aérosol de 200ml || Origine : ITALIE || Le déodorant Brut Musk vous apporte une efficacité longue durée et tout le raffinement d'un parfum prestige. || Récipient sous pression. Ne pas percer ou brûler même après usage. Ne pas vaporiser vers une flamme ou un corps incandescent. Utiliser et conserver à l'écart de toute flamme ou source d'ignition et d'étincelles, source de chaleur appareil électriqueen fonctionnement. Ne pas fumer. Conserver hors de la portée des enfants. Ne pas vaporiser à moins de 15 cm. Ne pas vaporiser vers les yeux, sur les parties intimes et ne pas inhaler. Utiliser exclusivement selon l'usage préconisé. Procéder par de brèves pressions sans pulvérisation prolongée. Utiliser seulement dans des zones bien ventilées. Ne recycler que les flacons entièrement vides. || Alcohol denat, butane, isobutane, propane, parfum, isopropyl, myristate, alpha-isomethyl ionone, benzyl alcohol, benzyl benzoate, benzyl salicylate, citral, citronellol, coumarin, evernia furfuracea (treemoss) extract, geraniol, hydroxycitronellal, hydroxyisohexyl 3-cyclohexene carboxaldehyde, limonene, linalool. || A protéger contre les rayons solaires et à ne pas exposer à une température supérieure à 50°C. || 
22,40€ / L || 
4,48 € || 
Original, déodorant, efficacité longue durée || L'aérosol de 200ml || Origine : ITALIE || Le déodorant Brut Original vous apporte une efficacité longue durée et tout le raffinement d'un parfum prestige. || Récipient sous pression;Ne pas percer ou brûler même après usage;Ne pas vaporiser vers une flamme ou un corps incandescent;Utiliser et conserver à l'écart de toute flamme ou source d'ignition et d'étincelles source de chaleur appareil électrique en fonctionnement;Ne pas fumer;Conserver hors de la portée des enfants;Ne pas vaporiser vers les yeux;Eviter d'inhaler intentionnellement;Utiliser seulement dans des zones bien ventilées;Procéder par de bèvres pressions sans pulvérisation prolongée;Ne pas vaporiser à moins de 15cm des aisselles.;Utiliser exclusivement selon l'usage préconisé || Alcohol denat., butane, isobutane, propane, parfum, isopropyl myristate, benzyl alcohol, benzyl benzoate, benzyl salicylate, citral, citronellol, coumarin, eugenol, evernia furfuracea, evernia prunasti, geraniol, hydroxycitronellal, hydroxyisohexyl 3-cyclohexene carboxaldehyde, limonene, linalool. || A protéger contre les rayons solaires et à ne pas exposer à une température supérieure à 50°C. || 
20,55€ / L || 
4,11 € || 
Déodorant homme fraicheur marine, peaux sensibles, sans sels d'aluminium || L'atomiseur de 200ml || Origine : FRANCE || Cadum Déohomme peaux sensibles fraîcheur marine vous protège contre les odeurs de transpiration pendant 48h. || Pour une efficacité optimale bien agiter avant emploi. Vaporiser à 15 cm de la peau. En cas de bouchage, rincer le diffuseur à l'eau chaude. Récipient sous pression. Ne pas percer ou brûler même après usage. Ne pas vaporiser vers une flamme ou un corps incandescent. Utiliser et conserver à l'écart de toute flamme ou source d'ignition et d'étincelles, source de chaleur ou appareil électrique en fonctionnement. Ne pas fumer. Conserver hors de la portée des enfants. Eviter de vaporiser vers les yeux et d'inhaler intentionnellement. Utiliser seulement dans les zones bien ventilées. Ne pas utiliser pour un usage autre que celui pour lequel il est destiné. En cas d'ingestion consulter immédiatement un médecin et lui montrer l'emballage. || Butane, alcohol denat, propane, isobutane, triethyl citrate, parfum/fragrance, propylene glycol, hexyl cinnamal, linalool, limonene, geraniol, alpha isomethyl ionone, citral, citronellol, benzyl alcohol, eugenol. Sans sels d'aluminium, sans paraben. || A protéger contre les rayons solaires et à ne pas exposer à une température supérieure à 50°C. || 
18,80€ / L || 
3,76 € || 
Déodorant homme peaux sensibles, efficacité naturelle de la pierre d'alun || Le spray de 200ml || Origine : FRANCE || La recherche Cadum, spécialiste de la douceur et du soin a développé pour les hommes une formule déodorante respectueuse de leur peau : ultra efficace, anti irritation et anti traces. || Bien agiter avant emploi. Vaporiser à 15 cm de la peau. Récipient sous pression. Ne pas percer ou brûler même après usage. Ne pas vaporiser vers une flamme ou un corps incandescent. Utiliser et conserver à l'écart de toute flamme ou source d'ignitionet d'étincelles, source de chaleur ou appareil électrique en fonctionnement. Ne pas fumer. Conserver hors de la portée des enfants. Eviter de vaporiser vers les yeux et d'inhaler intentionnellement. Utiliser seulement dans les zones bien ventilées.Ne pas utiliser pour un usage autre que celui pour lequel il est destiné. || Butane, propane, cyclopentasiloxane, isobutane, potassium alum, parfum, dimethicone, isopropyl myristate, disteardimonium hectorite, propylene carbonate, dimethiconol. || A protéger contre les rayons solaires et à ne pas exposer à une température supérieure à 50°C. || 
19,00€ / L || 
3,80 € || 
Déodorant, 24H anti-transpirant || Le flacon de 200ml || Origine : ROYAUME UNI || Efficacité anti-transpirante 24h renforcée, anti-irritation et 1/4 de crème hydratante pour plus de confort. Protection optimale. || Bien agiter avant emploi. Appuyer fortement dur le diffuseur à la première utilisation. Ne pas vaporiser à moins de 15cm des aisselles. Récipient sous pression. Ne pas percer ou brûler même après usage. Ne pas vaporiser vers une flamme ou un corps incandescent. Conserver et utiliser à l'écart de toute flamme ou source de chaleur, d'ignition et d'étincelles, appareil électrique en fonctionnement. Ne pas fumer. Conserver hors de la portée des enfants. Ne pas appliquer sur la peau irritée ou endommagée. Ne pas vaporiser vers les yeux. Eviter d'inhaler intentionnellement. Utiliser exclusivement selon l'usage préconisé. Procéder par de brèves pressions sans pulvérisation prolongée. Utiliser seulement dans des zones bien ventilées. Ne recycler que des flacons entièrement vides. || Butane, isobutane, propane, aluminum chlorohydrate, ppg-14 butyl ether, cyclopentasiloxane, parfum, disteardimonium hectorite, helianthus annuus seed oil, C12-15 alkyl benzoate, dimethiconol, octyldodecanol, bht, propylene carbonate, citric acid, alpha-isomethyl ionone, butylphenyl methylpropional, citronellol, coumarin, hexyl cinnamal, hydroxyisohexyl 3-cyclohexene carboxaldehyde, limonene, linalool. 0% alcohol. || A protéger contre les rayons solaires et à ne pas exposer à une température supérieure à 50°C. || 
20,35€ / L || 
4,07 € || 
########
########
########
########
########
Déodorant Thermo Resist || Le spray de 200ml || Origine : FRANCE || 
22,40€ / L || 
4,48 € || 
Déodorant fresh, tri diffusion 72 heures || L'atomiseur de 200ml || Origine : FRANCE || 
23,65€ / L || 
4,73 € || 
########
########
########
Déodorant homme impeccable anti-traces global || L'atomiseur de 200ml || Origine : FRANCE || Le 1er déodorant Narta efficace 48 h pour une action anti-traces globale. Anti-traces blanches sur vêtement noirs. Anti-traces jaunes sur vêtement blancs. Anti-décoloration sur vêtement colorés. || Bien agiter avant chaque utilisation. Vaporiser à 15 cm des aisselles. En cas de bouchage, rincer le diffuseur à l'eau chaude. Extrêmement inflammable. Ne pas vaporiser vers une flamme ou un corps incandescent. Conserver à l'écart de toute flamme ousource d'étincelles. Ne pas fumer. Conserver hors de la portée des enfants. Eviter de vaporiser vers les yeux, ou sur peau irritée et d'inhaler intentionnellement. Ne pas utiliser pour un usage autre que celui pour lequel le produit est destiné. Ne pas utiliser dans une atmosphère confinée. || Isobutane, aqua / water, dimethicone, aluminum chlorohydrate, parfum/fragrance, linalool, dimethiconol, alpha-isomethyl ionone, perlite, phenoxyethanol, limonene, lauryl peg-9 polydimethylsiloxyethyl dimethicone, tetrasodium glutamate diacetate, citral (f.i.l C163914/2). || Récipient sous pression, à protéger contre les rayons solaires et à ne pas exposer à une température supérieure à 50°C, ne pas percer ou brûler même après usage. || 
23,10€ / L || 
4,62 € || 
########
Déodorant homme protection 5, anti-odeurs, anti-humidité, anti-irritations, anti-traces blanches, anti-traces jaunes || L'atomiseur de 200ml || Origine : FRANCE || Protection 5 : une protection intégrale sans compromis : l'alliance parfaite entre efficacité anti-transpirante, et respect de la peau et des vêtements.Protection 5 : anti-odeurs, anti-humidité, anti-picotements, anti-traces blanches, anti-traces jaunes. || Récipient sous pression. Ne pas percer ou brûler, même après usage. Ne pas vaporiser vers une flamme ou un objet incandescent. Conserver et utiliser à l'écart de toute flamme ou source de chaleur, d'ignition et d'étincelles, appareil électrique en fonctionnement. Ne pas fumer. Conserver hors de la portée des enfants. Ne pas appliquer sur la peau irritée ou endommagée. Ne pas vaporiser à moins de 15cm des aisselles. Ne pas vaporiser vers les yeux. Eviter d'inhaler intentionnellement. Utiliser exclusivement selon l'usage préconisé. Procéder par de brèves pressions sans pulvérisation prolongée. Utiliser seulement dans des zones bien ventilées. Ne recycler que des flacons entièrement vides. || Isobutane, aqua, dimethicone, aluminium chlorohydrate, parfum, linalool, dimethiconol, coumarin, phenoxyethanol, limonene, lauryl peg-9 polydimethylsiloxyethyl dimethicone, tetrasodium glutamate diacetate, citronellol, citral, benzyl salicylate, benzyl alcohol (FIL C51846/1). || A protéger contre les rayons solaires et ne pas exposer à une température supérieure à 50°C. || 
21,05€ / L || 
4,21 € || 
Déodorant Resixyl homme, Anti-transpirant, 72h || L'atomiseur de 200ml || Origine : FRANCE || Régule votre flux sudoral pour éviter les désagréments liés à la transpiration : odeurs, sensations d'humidité, et auréoles, agit sur les pics de transpiration sans bloquer ce mécanisme naturel.Une formule efficace jusqu'à 72h. || Bien agiter avant chaque utilisation. Vaporiser à 15cm des aisselles. En cas de bouchage, rincer le diffuseur à l'eau chaude. Convient pour une utilisation quotidienne. Vous pouvez l'utiliser en cure sur les 1ers jours d'utilisation en l'appliquant le soir. Ceci participera à la régulation progressive de votre flux sudoral. Récipient sous pression. Ne pas percer ou brûler même après usage. Ne pas vaporiser vers une flamme ou un corps incandescent. Conserver à l'écart de toute flamme ou source d'étincelles. Ne pas fumer. Conserver hors de la portée des enfants. Eviter de vaporiser vers les yeux, ou sur une peau irritée et d'inhaler intentionnellement. Ne pas utiliser pour un usage autre que celui pour lequel le produit est destiné. Ne pas utiliser dans une atmosphère confinée. || Isobutane, aluminum chlorohydrate, dimethicone, isopropyl palmitate, triethyl citrate, parfum/fragrance, stearalkonium bentonite, geraniol, linalool, dimethiconol, perlite, coumarin, limonene, citronellol, hexyl cinnamal, benzyl salicylate, benzyl alcohol (F.I.L. C44135/1). Sans alcool. Sans paraben. || A protéger contre les rayons solaires et à ne pas exposer à une température supérieure à 50°C. || 
23,65€ / L || 
4,73 € || 
Invisimax, déodorant anti-transpirant ultra-efficacité 24h, anti-traces blanches, fraîcheur intense || L'aérosol de 200ml || Origine : FRANCE || Un déodorant ultra-efficace 24h et anti-traces blanches sur vos vêtements. Ultra efficace 24h, formule anti-transpirante vous protège très efficacement pendant 24h contre : odeurs et humidité.Anti-traces blanches sur les vêtements, sa formule inéditea été spécialement conçue pour agir sans laisser de traces blanches sur vos vêtements. Fraîcheur intense : un parfum frais, discret et longue durée. || Bien agiter avant chaque utilisation. Vaporiser à 15cm des aisselles. En cas de bouchage, rincer le diffuseur à l'eau chaude. Récipient sous pression. Ne pas percer ou brûler, même après usage. Ne pas vaporiser vers une flamme ou un corps incandescent. Conserver à l'écart de toute flamme ou source d'étincelles. Ne pas fumer.  Conserver hors de la portée des enfants. Eviter de vaporiser vers les yeux ou sur une peau irritée et d'inhaler intentionnellement. Ne pas utiliser pour un autre usage quecelui pour lequel le produit est destiné. Ne pas utiliser dans une atmosphère confinée || Isobutane, cyclopentasiloxane, isopropyl palmitate, aluminum chlorohydrate, parfum/fragrance, triethyl citrate, stearalkonium bentonite, geraniol, linalool, limonene, citronellol, hexyl cinnamal, benzyl salicylate (FIL C24559/1). || A protéger contre les rayons solaires et à ne pas exposer à une température supérieure à 50°C. || 
20,55€ / L || 
4,11 € || 
########
########
Déodorant homme, Anti-transpirant || Le roll-on de 50ml || Origine : FRANCE || Testé sous contrôle dermatologique. Ne pas appliquer sur une peau irritée ou abîmée. || Aqua, alcohol denat, aluminum chlorohydrate, ppg-26 buteth-26, parfum, hydroxyethylcellulose, peg-40 hydrogenated castor oil, ethylhexylglycerin. || 12 mois après ouverture. || 
39,20€ / L || 
1,96 € || 
########
Déodorant homme fraicheur marine, peaux sensibles, sans sels d'aluminium || Le roll-on de 50ml || Origine : FRANCE || Efficacité anti odeur 48h. || Aqua/water, alcohol denat, glycerin, triethyl citrate, peg-40 hydrogenated castor oil, parfum/fragrance, hydroxyethylcellulose, linalool, geraniol, eugenol, alpha isomethyl ionone, limonene, citral, citronellol, citric acid, hexyl cinnamal, benzyl alcohol, (FIL C162095/2). || 18 mois après ouverture. || 
75,20€ / L || 
3,76 € || 
########
########
########
Déodorant Fresh Extrême || Le roll-on de 50ml || Origine : FRANCE || Efficacité 48h garantie. || Aqua/water, aluminum chlorohydrate, dimethicone, C14-22 alcohols, steareth-100/PEG-136/HDI copolymer, parfum/fragrance, perlite, C12-20 alkyl glucoside, iodopropynyl butylcarbamate, limonene, linalool, citral. (FIL C39356/1). Sans alcool. || 12 mois après ouverture. || 
90,40€ / L || 
4,52 € || 
Déodorant Invincible 96H || Le roll-on de 50ml || Origine : FRANCE || Déodorant invincible 96h non stop, protection extrême. || Agiter avant emploi. || Aqua/water, aluminum chlorohydrate, dimethicone, c14-22 alcohols, perlite, steareth-100/peg-136hdi copolymer, parfum/fragrance, c12-20 alkyl glucoside, iodopropynyl butylcarbamate, limonene, zinc pca, linalool, alpha-isomethylionone, citral, coumarin, hexyl cinnamal (F.I.L. C46020/1) || Se conserve 12 mois après ouverture || 
90,40€ / L || 
4,52 € || 
########
########
########
########
Anti-transpirant homme, efficacité 48h, fraîcheur classique || Le roll-on de 50ml || Origine : FRANCE || Efficace jusqu'à 48h, il réduit les excès de transpiration responsables des odeurs corporelles. Sans alcool et testé dermatologiquement, il respecte la peau.Un parfum classique, raffiné et masculin, une fraîcheur longue durée. || Aqua/water, aluminium chlorohydrate, PPG-15 stearyl ether, cetearyl alcohol, ceteareth-33, parfum/fragrance, linalool, geraniol, dimethicone, eugenol, methylparaben, alpha-isomethyl ionone, coumarin, limonene, propylparaben, citral, citronellol, hexyl cinnamal, butylphenyl methylpropional (C21031/1). Sans alcohol. || 12 mois après ouverture. || 
86,40€ / L || 
4,32 € || 
Déodorant homme pierre d'alun, 24h || Le roll-on de 50ml || Origine : FRANCE || Aqua/water, PEG-15 stearyl ether, cetearyl alcohol, potassium alum, ceteareth-33, parfum/fragrance, perlite, dimethicone, iodopropynyl butylcarbamate (FIL C40387/1). || A conserver 12 mois après ouverture. || 
88,40€ / L || 
4,42 € || 
Déodorant homme protection 5, anti-odeurs, anti-humidité, anti-irritations, anti-traces blanches, anti-traces jaunes || Le roll-on de 50ml || Origine : FRANCE || Anti-odeurs. Anti-humidité. Anti-irritations. Anti-traces blanches. Anti-traces jaunes. || Aqua/water, aluminum chlorohydrate, cetearyl alcohol, ceteareth-33, parfum/fragrance, linalool, dimethicone, phenoxyethanol, limonene, iodopropynyl butylcarbamate, tetrasodium glutamate diacetate, citronellol, pentylene glycol, benzyl salicylate, benzyl alcohol (F.I.L. B52217/1). Sans paraben. || 12 mois après ouverture. || 
88,40€ / L || 
4,42 € || 
########
########
########
Déodorant anti-transpirant 24h, protection anti-humidité || Le roll-on de 50ml || Origine : FRANCE || Protection anti-humidité. Aux minéraux. Restez sec. || Aqua, aluminum chlorohydrate, PPG-15 stearyl ether, steareth-2, steareth-21, parfum, persea gratissima oil, magnesium aluminum silicate, trisodium EDTA, linalool, benzyl alcohol, limonene. 0% alcohol. || 12 mois après ouverture. || 
79,00€ / L || ##
########
########
########
Déodorant invisible for black & white power 48h || Le roll-on de 50ml || Origine : FRANCE || Invisible sur les vêtements noirs et blancs. Tolérance cutanée prouvée sous contrôle dermatologique. || Aqua, aluminium chlorohydrate, isoceteth-20, paraffinum liquidum, butylene glycol, glyceryl isostearate, laureth-7 citrate, parfum, palmitamidopropyltrimonium chloride, propylene glycol, peg-150 distearate, linalool, limonene, geraniol. Sans alcool.Sans colorant. || 12 mois après ouverture. || 
76,80€ / L || ##
########
########
########
########
########
########
Natur protect, efficacité naturelle, Natural Odour Control, pierre d'Alun, peaux normales || Le roll-on de 50ml || Origine : FRANCE || Sanex Men Natur Protect est formulé à base de Pierre d'Alun, un minéral naturel pour une protection efficace pendant 24h. || Laisser sécher avant de vous habiller. Ne pas utiliser sur une peau irritée ou abîmée. || Aqua, glycerin, PPG-15 stearyl ether, steareth-2, potassium alum, cyclopentasiloxane, steareth-21, parfum, talc, dimethicone, BHT, phenoxyethanol. 0% aluminium chlorohydrate, parabens, alcohol. || 12 mois après ouverture. || 
100,00€ / L || 
5,00 € || 
Déodorant ice blue anti traces blanches sans sels d'alluminium || Le stick de 75 ml || Origine : ITALIE || Parfum frais. Protège contre les odeurs pendant 24 heures. Protège contre les traces blanches. || Ne pas appliquer sur la peau irritée ou endommagée. || 12 mois après ouverture. || 
54,80€ / L || 
4,11 € || 
Déodorant peau sensible, anti traces blanches, sans alcool+aloe vera || Le stick de 75 ml || Origine : ITALIE || Protège la peau. Protège contre les odeurs pendant 24 heures. Protège contre les traces blanches. Spécialement formulée pour la protection de votre peau. Williams Expert, protection 24 h, formule soin à l'aloe vera, 0% d'alcool. || Ne pas appliquer sur la peau irritée ou endommagée. || 12 mois après ouverture. || 
55,33€ / L || 
4,15 € || 
Dry action, déodorant anti-transpirant || Le stick de 50ml || Origine : FRANCE || Ne pas appliquer sur la peau irritée ou endommagée. || Cyclomethicone, aluminum zirconium tetrachlorohydrex gly, ppg-14 butyl ether, stearyl alcohol, hydrogenated castor oil, talc, peg-8 distearate, parfum, BHT, citronellol, coumarin, limonene, linalool. || 
96,60€ / L || 
4,83 € || 
########
Déodorant efficacité 24h, stick large contrôle, ice Fresh, menthe givrée || Le stick de 50ml || Origine : FRANCE || 
84,20€ / L || 
4,21 € || 
Déodorant endurance 72h || Le stick de 50ml || Origine : FRANCE || Contre les traces d'humidité qui laissent des auréoles. || Refermer le stick à l'aide de son capot et de son opercule protecteur, après chaque utilisation. || Aqua/water, aluminum chlorohydrate, isopropyl palmitates, synthetic wax, dimethicone, beheneth-10, cetyl peg/ppg-10/1 dimethicone, parfum/fragrance, peg/ppg-18/18 dimethicone, linalool, eugénol, perlite, coumarin, phenoxyethanol, nylon-12, limonène,citral, pentylene glycol, polyglyceryl-3 diisostearate, acrylates copolymer (fil C163903/2). || 12 mois après ouverture. || 
98,60€ / L || 
4,93 € || 
########
########
Déodorant stick large, contrôle H-24, vert || Le stick de 50ml || Origine : FRANCE || Stick large H-24 protection renforcée, pour une meilleure efficacité contre les odeurs de transpiration. EFFICACITE 24H Sa formule anti-évaporation (brevet USA déposé) a été testée dans des situations extrêmes pour une efficacité renforcée contre lesodeurs même après 24H. Sans alcool, il respecte votre peau. Son applicateur breveté avec son dôme arrondi assure un plus grand confort à l'application : plus doux, il limite les irritations. Sa forme facilite la prise en main. || DlPROPYLENE GLYCOL, TRIPROPYLENE GLYCOL, AQUA / WATER, PROPYLENE GLYCOL, SODIUM STEARATE, PARFUM / FRAGRANCE CI 19140/YELLOW 5, CI 42090/BLUE 1, STEARYL ALCOHOL, LINALOOL, GERANIOL, TRICLOSAN, SODIUM CHLORIDE, COUMARIN, LIMONENE, CITRONELLOL, CITRAL,BENZYL BENZOATE. ( F.I.L. C21039/1). || 
77,40€ / L || 
3,87 € || 
########
Gel ultra frais anti transpirant, Pacific Blue || Le stick de 75ml || Origine : FRANCE || Testé dans des conditions extrêmes de chaleur et d humidité, le gel X- THEME régule la transpiration jusqu'à 48H, pour une efficacité extrême contre les odeurs et les auréoles, même en cas d'activité intense. Sa formule procure une sensation de fraîcheur extrême à l'application et révèle un parfum ultra trais très longue durée. Son applicateur au dôme arrondi permet une application facile et rapide. || Dosage: Première utilisation tourner la molette de gauche à droite jusqu'à apparition du gel. Utilisa tions suivantes: 1 dose = 2 ou 3 clics maximum. Conditions d'emploi: Ne pas appliquer sur la peau irritée ou endommagée. Conserver hors de la portéedes enfants. || AQUA,   ALUMINUM ZIRCONIUM TETRACHLOROHYDREX GLY, CYCLOPENTASILOXANE, ALCOHOL DENAT., TRIPROPYLENE GLYCOL, DIMETHICONE, PROPYLENE GLYCOL, PHENYL TRIMETHICONE, PEG/PPG-18/18 DIMETHICONE, PARFUM, BENZYL SALICYLATE, BUTHYLPHENYL METHYLPROPIONAL, COUMARIN, LIMONENE. || 12 mois après ouverture. || 
72,67€ / L || 
5,45 € || 
########
X-treme, déodorant gel anti-transpirant ice fresh, régulateur 48h || le stick de 75ml || Origine : FRANCE || Sa technologie anti-transpirante régule efficacement la transpiration et vous protège contre les odeurs et les auréoles pendant 48H même en cas d'activité intense.Testé dans des conditions extrêmes de chaleur et d'humidité. Fraîcheur glacée à l'application. une formule en gel ultra frais au parfum givré très longue durée. Efficacité anti-humidité 48H. || A l'ouverture : tourner la molette de gauche à droite jusqu'à apparition du gel. Ensuite: 1 dose = 2 clics. Le dôme arrondi permet une application facile et rapide. Appliquer le gel, laisser sécher puis finir de s'habiller. Ne pas appliquer sur la peau irritée ou endommagée. Conserver hors de la portée des enfants. || Aqua, aluminum zirconium tetrachlorohydrex gly, cyclomethicone, alcohol denat, tripropylene glycol, dimethicone, propylene glycol, phenyl trimethicone, PEG/PPG-18/18 dimethicone, parfum, alpha-isomethyl ionone, benzyl salicylate, citronellol, coumarin, linalool. || 12 mois après ouverture. || 
69,07€ / L || 
5,18 € || 
Déodorant homme impeccable anti-traces global || Le roll-on de 50ml || Origine : FRANCE || Narta lance les 1ers déodorants efficaces 48H pour une action anti traces globales : anti traces jaunes et blanches + anti décoloration. || Ne pas appliquer sur le visage. || Aqua / water, aluminum chlorohydrate, dimethicone, c14-22 alcohols, steareth-100/peg-136/hdi copolymer, parfum / fragrance, c12-20 alkyl glucoside, linalool, alpha-isomethyl ionone, perlite, limonene, iodopropynyl butylcarbamate, tetrasodium glutamate diacetate, citral. Sans alcool. || 12 mois après ouverture. || 
88,40€ / L || 
4,42 € || 
########
Deo body spray 24H fresh power || La bombe de 150ml || Origine : FRANCE || 
26,73€ / L || 
4,01 € || 
########
########
########
Eau de toilette || Le flacon de 100ml || Origine : FRANCE || Bourjois, parfumeur depuis 1863, a créé l'Eau de Toilette Masculin Acier Sport, une fragrance pétillante et subtilement boisée pour les hommes d'aujourd'hui.Sa note de tête aromatique, relevée par le zeste de citron, s'ouvre sur un coeur boisé aux notes teck et cèdre pour s'épanouir sur un fond marin frais et santalé (mousse de mer, santal). || Alcohol, aqua (water), parfum (fragrance), linalool, limonene, alpha-isomethyl ionone, butyl methoxydibenzoylmethane, ethylhexyl methoxycinnamate, ppg-26-buteth-26, ethylhexyl salicylate, peg-40 hydrogenated castor oil, citronellol, geraniol, citral,coumarin, eugenol, Cl19140 (yellow 5), 10BPM001-1. || 
112,80€ / L || 
11,28 € || 
########
########
########
########
########
########
########
########
########
########
########
Eau de toilette pour homme || Le vapo-spray de 50ml || Origine : FRANCE || Alcohol denat., aqua/water/eau, parfum/fragrance, ethylhexyl methoxycinnamate, benzophenone-3, ethylhexyl salicylate, limonene, linalool, butyl methoxydibenzoylmethane, coumarin, citral, cinnamal, bht, eugenol, geraniol, disodium edta, acrylates/octylacrylamide copolymer, hydrolyzed jojoba esters, fd&c yellow n°5 (Cl 19140), fd&c blue n° 1 (Cl 42090), ext. D&C violet n°2 (Cl 60730). || 36 mois après ouverture. || 
329,40€ / L || 
16,47 € || 
########
########
########
Eau de toilette après rasage || Le flacon de 100ml || Origine : ALLEMAGNE || L'eau d'Après Rasage parfumée Scorpio apaise le feu du rasoir et tonifie la peau.Elle lui apporte le parfum raffiné et masculin de la note Scorpio faite de bois précieux aux accords épicés et hespéridés. || Alcohol denat, aqua, parfum, PEG-40 hydrogenated castor oil, linalool, allantoin, benzophenone-1, benzyl salicylate, panthenol, hexyl salicylate, coumarin, butylphenyl, methylpropional, eucalyptol benzyl alcohol, propylene glycol, vanilline, citral,geraniol, eugenol, citronellol, alpha-isomethyl ionone, Cl19140, Cl17200, Cl42090.. || 
67,50€ / L || 
6,75 € || 
########
########
Eau de toilette Gold || La bouteille de 100ml || Origine : FRANCE || Alcohol denat, aqua (water), parfum (fragrance), ethylhexyl methoxycinnamate, butyl methoxydibenzoylmethane, ethylhexyl salicylate, citral, citronellol, coumarin, geraniol, limonene, linalool. || 36 mois après ouverture. || 
163,70€ / L || 
16,37 € || 
########
Eau de toilette for him || La bouteille de 50ml || Origine : ESPAGNE || Inflammable. || Alcohol denat., aqua/water/eau, parfum/fragrance, ethylhexyl methoxycinnamate, limonene, benzophenone-3, ethylhexyl salicylate, coumarin, butylphenyl methylpropional, butyl methoxydibenzoylmethane, hydroxycitronellal, linalool, bht, citronellol, propylene glycol, citral, geraniol, methyl 2 octynoate, disodium edta, acrylates/octylacrylamide copolymer, hydrolyzed jojoba esters, fd&c yellow n° 5 (cl 19140), fd&c green n°3 (cl 42053), ext d&c violet n°2 (cl 60730). || 36 mois après ouverture. || 
335,60€ / L || 
16,78 € || 
########
########
########
########
########
Gel douche, Active start || Le flacon de 250ml || Origine : ESPAGNE || Cette formule unique 3en1 hydrate votre corps, respecte votre visage et nourrit vos cheveux. Le gel douche enrichi en pro vitamine B5 et au parfum stimulant revitalise votre corps. || Aqua, sodium laureth sulfate, cocamidopropyl betaine, sodium chloride, parfum, phenoxyethanol, sodium benzoate, cetyl hydroxyethyl cellulose, coco glucoside, citric acid, butylphenyl methylpropional, panthenol, menthol, polyquaternium-7, disodium edta, hexyl cinnamal, hydrolyzed wheat protein, magnesium gluconate, sodium hydroxide, hydrated silica, sodium phosphate, bht, propylene glycol, sodium bisulfite, sodium salicylate, edta, fd&c red n°4 (Ci 14700), fd&c yellow n°5 (CI 19140), fd&c blue n°1 (CI 42090), ext d&c violet n°2 (CI 60730). || 30 mois après ouverture. || 
10,60€ / L || 
2,65 € || 
########
########
########
########
########
########
Gel douche, Peace || Le flacon de 250ml || Origine : ALLEMAGNE || 
12,88€ / L || 
3,22 € || 
########
########
########
########
########
########
########
########
########
Gel douche ice fresh, Menthe aquatique || Le flacon de 250ml || Origine : FRANCE || 
10,52€ / L || 
2,63 € || 
########
########
########
########
Shampooing Renforçateur Arginine Resist X3 Homme || Le flacon de 250ml || Origine : FRANCE || Enrichi en Arginine+Taurine, le nouveau shampooing offre une triple action : nourrit le bulbe, tonifie la fibre et le cheveu pousse plus résistant. || Appliquer sur cheveux mouillés, masser soigneusement sur l'ensemble du cuir chevelu pour stimuler la micro-circulation puis rincer. En cas de contact avec les yeux, les rincer immédiatement. || Aqua, sodium laureth sulfate, coco betaine, dimethicone, glycol distearate, sodium chloride, cocamide mipa, sodium benzoate, hydroxycitronellal, hydroxypropyltrimonium hydrolyzed wheat protein, sodium hydroxide, ppg-5-ceteth-20, arginine, salicylic acid, limonene, linalool, 2-oleamido-1,3-octadecanediol, carbomer, citronellol, methyl cocoate, citric acid, taurine, hexyl cinnamal, parfum (FIL 54624/1). || 12 mois après ouverture. || 
17,68€ / L || 
4,42 € || 
########
########
########
########
Lotion tonique force 5 Kracht protection cheveux blancs ou gris || La bouteille de 300ml || Origine : FRANCE || INGREDIENTS : AQUA/WATER/EAU, ALCOHOL DENAT., C11-13 ISOPARAFFIN, LIMONENE, CITRUS AURANTIUM DULCIS (ORANGE) PEEL OIL, CITRUS AURANTIUM BERGAMIA (BERGAMOT) PEEL OIL, CITRUS MEDICA LIMONUM (LEMON) PEEL OIL, PANTHENYL ETHYL ETHER, SODIUM CHLORIDE, LINALOOL, CITRAL, PANTHENOL, CAMPHOR, BHT, GUAIAZULENE, BLUE 1 (CI 42090), GERANIOL, GREEN 6 (CI 61565), YELLOW 11 (CI 47000), (F01). || 
20,90€ / L || 
6,27 € || 
########
########
########
########
########
########
Poudre densifiante professionnelle, s'adapte à tous les cheveux châteains || La boîte de 14g || Origine : FRANCE || 
1610,71€ / Kg || 
22,55 € || 
########
########
########
Excell 5 - 4 Châtain Profond Naturel || La boîte || Origine : FRANCE || Le 1er gel-crème recolorant spécialement conçu pour les hommes. Estompe les cheveux gris. Conserve le relief naturel de la chevelure. Ne vire pas au roux avec le temps. S'élimine harmonieusement. Sans ammoniaque, respecte les cheveux, même fragiles. || Avec applicateur brosse exclusif. Facile : s'applique en quelques coups de brosse. Précis : permet une application partielle (tempes) ou sur toute la chevelure. Rapide : agit en 5 minutes. Pour les nuances 2 Brun Profond Naturel et 3 Brun Naturel, laissez pauser 10 minutes pour un résultat optimal. Important : la coloration peut provoquer une réaction allergique qui, dans certains cas rares, peut être grave. Il est obligatoire dans tous les cas, de faire un test d'allergie cutanée impérativement48 heures avant chaque utilisation de ce produit (se conformer à la notice). Ne pas utiliser si : vous avez déjà réagi à un produit de coloration, vous avez le cuir chevelu irrité ou abîmé. Tatouage henné noir : si vous avez fait, même une seule fois, un tatouage au henné noir, vous risquez d'être devenu allergique sans le savoir. Ne pas utiliser ce produit sans avoir effectué le test d'allergie cutanée, 48 heures avant l'utilisation du produit. Pensez à acheter votre produit à l'avance pour faire le test d'allergie cutanée 48 heures avant. Ne pas utiliser chez l'enfant. Tenir hors de la portée des enfants. Le révélateur (b) contient de l'eau oxygénée. Le produit colorant (a) contient : des diaminotoluènes, des diaminobenzènes, de la résorcine. Eviter le contact du produit avec la peau et les yeux, ne pas employer pour la coloration des cils et sourcils. Ne pas suivre cette consigne peut entraîner la cécité. Rincer immédiatement et abondamment les yeux si le produit entre en contact a || Gel-crème recolorant : aqua/water, deceth-3, laureth-12, oleth-30, deceth-5, trideceth-2 carboxamide mea, ethanolamine, glycerin, oleic acid, hexadimethrine chloride, oleyl alcohol, toluene-2,5-diamine, polyquaternium-6, 2,4-diaminophenoxyethanol hci, m-aminophenol, ascorbic acid, thiolactic acid, polyquaternium-24, 2-methylresorcinol, 2-methyl-5-hydroxyethylaminophenol-n.n-bis(2-hydroxyethyl)-p-phenylenediamine sulfate, resorcinol, edta, parfum/fragrance. (C39382/1). Révélateur : aqua/water, hydrogen peroxide, cetearyl alcohol, sodium stannate, trideceth-2 carboxamide mea, pentasodium pentetate, phosphoric acid, ceteareth-25, tetrasodium pyrophosphate, glycerin. (C13169/25). Sans ammoniaque. || 
12,21€ / Pce || 
12,21 € || 
########
Coloration Crème Brun N°20 || La boîte || Origine : FRANCE || Un gel colorant haute performance spécialement conçu pour les hommes. Un résultat naturel garanti en seulement 5 min et une application aussi facile qu'un shampooing. || 5 min suffisent quel que soit le résultat souhaité. Pour obtenir un résultat naturel, choisir la nuance la plus proche de votre couleur naturelle. Si vous avez un fort pourcentage de cheveux blancs, optez pour une nuance un peu plus claire. Les colorants capillaires peuvent provoquer des réactions allergiques sévères. Lire et suivre les instructions. Ce produit n'est pas destiné à être utilisé sur les personnes de moins de seize ans. Les tatouages temporaires noirs à base de henné peuvent augmenter le risque d'allergie. Ne vous colorez pas les cheveux si : vous présentez une éruption cutanée sur le visage ou si votre cuir chevelu est sensible, irrité ou abîmé, vous avez déjà fait une réaction après avoir coloré vos cheveux, vous avez fait par le passé une réaction à un tatouage temporaire noir à base de henné. Pour réduire ces risques faire un test d'alerte allergie 48 heures avant chaque utilisation. Porter des gants appropriés mono usage présents dans l'étui. Eviter le contact avec les yeux. En cas de contact, rincer les yeux immédiatement et abondamment à l'eau claire pendant 10 min. Si vous portez des lentilles, retirez les avant de rincer les yeux abondamment à l'eau. Consulter un spécialiste. Ne pas utiliser pour teindre lescils et les sourcils ou pour un autre usage que la coloration des cheveux. Bien rincer les cheveux après l'application du mélange. Ne pas conserver le mélange pour une application ultérieure. Ne pas laisser à la portée des enfants. Se conformer à la || Crème colorante : aqua/water/eau, deceth-3, oleic acid, ethanolamine, glycerin, resorcinol, p-phenylenediamine, sodium metabisulfite, carbomer, sodium laureth sulfate, parfum (fragrance), polyquaternium-22, m-aminophenol, ascorbic acid, limonène, pentasodium pentetate, n,n-bis(2-hydroxyethyl)-p-phenylenediamine sulfate, 2,4-diaminophenoxyethanol sulfate, phenyl methyl pyrazolone, quaternium-80, propylène glycol, linalool, citronellol, (f01). Révélateur : aqua/water/eau, hydrogen peroxide, cetearyl alcohol, trideceth-2 carboxamide mea, ceteareth-33, glycerin, phosphoric acid, pentasodium pentetate, sodium stannate, tetrasodium pyrophosphate, (f12). Shampooing : aqua/water/eau, sodium laureth sulfate, peg-4 rapeseedamide, cocamidopropyl betaine, peg-60 hydrogenated castor oil, c11-15 pareth-5, parfum (fragrance), linoleamidopropyl pg-dimonium chloride phosphate, trimethylsilylamodimethicone, c11-15 pareth-9, polyquaternium-10, limonène, peg-15 cocopolyamine, benzophénone-4, citrus aurantium dulcis (orange) peel oil, propylène glycol, peg-40 hydrogenated castor oil, glucose, trideceth-9, linalool, yellow 5 (cl19140), methylchloroisothiazolinone, panax ginseng root extract, green 5 (cl61570), methylisothiazolinone, citral, citronellol, citric acid, sodium chloride, (f01). || 
12,35€ / Pce || 
12,35 € || 
Coloration Crème Châtain Foncé N°30 || La boîte de 85ml || Origine : FRANCE || Un gel colorant haute performance spécialement conçu pour les hommes. Un résultat naturel garanti en seulement 5 min et une application aussi facile qu'un shampooing. || 5 min suffisent quel que soit le résultat souhaité. Pour obtenir un résultat naturel, choisir la nuance la plus proche de votre couleur naturelle. Si vous avez un fort pourcentage de cheveux blancs, optez pour une nuance un peu plus claire. Les colorants capillaires peuvent provoquer des réactions allergiques sévères. Lire et suivre les instructions. Ce produit n'est pas destiné à être utilisé sur les personnes de moins de seize ans. Les tatouages temporaires noirs à base de henné peuvent augmenter le risque d'allergie. Ne vous colorez pas les cheveux si : vous présentez une éruption cutanée sur le visage ou si votre cuir chevelu est sensible, irrité ou abîmé, vous avez déjà fait une réaction après avoir coloré vos cheveux, vous avez fait par le passé une réaction à un tatouage temporaire noir à base de henné. Pour réduire ces risques faire un test d'alerte allergie 48 heures avant chaque utilisation. Porter des gants appropriés mono usage présents dans l'étui. Eviter le contact avec les yeux. En cas de contact, rincer les yeux immédiatement et abondamment à l'eau claire pendant 10 min. Si vous portez des lentilles, retirez les avant de rincer les yeux abondamment à l'eau. Consulter un spécialiste. Ne pas utiliser pour teindre lescils et les sourcils ou pour un autre usage que la coloration des cheveux. Bien rincer les cheveux après l'application du mélange. Ne pas conserver le mélange pour une application ultérieure. Ne pas laisser à la portée des enfants. Se conformer à la || Crème colorante : aqua/water/eau, deceth-3, oleic acid, ethanolamine, glycerin, resorcinol, p-phenylenediamine, sodium metabisulfite, carbomer, sodium laureth sulfate, parfum (fragrance), polyquaternium-22, ascorbic acid, m-aminophenol, limonène, pentasodium pentetate, n,n-bis(2-hydroxyethyl)-p-phenylenediamine sulfate, phenyl methyl pyrazolone, 2,4-diaminophenoxyethanol sulfate, quaternium-80, propylène glycol, linalool, citronellol, (F01). Révélateur : aqua/water/eau, hydrogen peroxide, cetearyl alcohol, trideceth-2 carboxamide mea, ceteareth-33, glycerin, phosphoric acid, pentasodium pentetate, sodium stannate, tetrasodium pyrophosphate, (f12). Shampooing : aqua/water/eau, sodium laureth sulfate, peg-4 rapeseedamide, cocamidopropyl betaine, peg-60 hydrogenated castor oil, c11-15 pareth-5, parfum (fragrance), linoleamidopropyl pg-dimonium chloride phosphate, trimethylsilylamodimethicone, c11-15 pareth-9, polyquaternium-10, limonène, peg-15 cocopolyamine, benzophénone-4, citrus aurantium dulcis (orange) peel oil, propylène glycol, peg-40 hydrogenated castor oil, glucose, trideceth-9, linalool, yellow 5 (cl19140), methylchloroisothiazolinone, panax ginseng root extract, green 5 (cl61570), methylisothiazolinone, citral, citronellol, citric acid, sodium chloride, (f01). || 
12,35€ / Pce || 
12,35 € || 
########
########
########
50 Châtain clair naturel, gel-soin colorant, résultat naturel assuré || La boîte || Origine : FRANCE || Men Perfect est un gel-soin colorant spécialement développé pour les hommes, qui masque, de manière naturelle et discrète, les cheveux blancs. La formule s'ajuste à votre couleur d'origine pour un résultat impeccable. Un résultat si naturel que personne ne le remarquera, s'estompe en 24 shampooings. Résultat assuré avec le Speed System. Complexe naturel ginseng-kératine. || Emulsion révélatrice : aqua, hydrogen peroxide, acrylates copolymer, etidronic acid, sodium laureth sulfate, 2.6-dicarboxypyridine, disodium pyrophosphate, dimethicone. Gel-soin colorant : aqua : coconut alcohol, laureth-2, oleic acid, ethanolamine,ceteareth-50, propylene glycol, arginine, sodium laureth sulfate, isopropyl myristate, ascorbic acid, sodium sulfite, sodium silicate, etidronic acid, 4-chlororesorcinol, resorcinol, toluene-2,5-diamine, 6-methoxy-2-methylamino-3-aminopyridine hcl, 1,5-naphthalenediol, 4-amino-2-hydroxytoluene, hydrolyzed keratin, panax ginseng root extract, parfum, linalool, limonene. || Rapide et facile à utiliser grâce à l'innovation Speed System : mélangez, appliquez avec le Speed Applicateur, laissez agir, rincez. C'est fini ! Attention : contient de l'eau oxygénée, des diaminotoluènes et de la résorcine. Peut provoquer une réaction allergique. Eviter le contact du produit avec les yeux. Rincer immédiatement les yeux si le produit entre en contact avec ceux-ci. Ne pas employer pour la coloration des cils et des sourcils. Bien rincer les cheveux après application. Porter desgants appropriés. Garder hors de la portée des enfants. Se conformer à la notice. Les colorants pour cheveux peuvent provoquer des réactions allergiques qui peuvent être graves dans de rares cas. Les tatouages peuvent accroître le risque d'allergie àce produit. Effectuez un test de sensibilité de la peau 48 heures avant l'utilisation de cette coloration, même si vous avez déjà utilisé des produits de coloration avant. Ainsi il est préférable d'acheter le produit 48 heures à l'avance. A ne pas utiliser si : - vous avez déjà eu une réaction à des produits de coloration, - votre cuir chevelu est sensible, irrité ou s'il présente des lésions. Dans ces cas-là, consultez un médecin avant d'utiliser tout produit colorant. Lisez et suivez attentivement les instructions dans le mode d'emploi du produit. Ce produit n'est pas destiné à être utilisé sur des enfants. || 
12,86€ / Pce || 
12,86 € || 
60 châtain naturel, gel-soin colorant, ton sur ton, s'estompe en 24 shampooings, speed system || La boîte || Origine : FRANCE || Couleur naturelle, spécialement conçue pour les hommes. Men Perfect est un gel-soin colorant spécialement développé pour les hommes, qui masque naturellement les premiers cheveux blancs. La formule s'ajuste à votre couleur d'origine pour un résultatimpeccable. Un résultat si naturel que personne ne le remarquera, s'estompe en 24 shampooings. || Lisez et suivez attentivement les instructions dans le mode d'emploi du produit. Rapide et facile à utiliser en 5 minutes seulement grâce à l'innovation Speed System : mélangez, appliquez avec le Speed Applicateur, rincez au bout de 5 minutes, c'estterminé.  Attention : contient de l'eau oxygénée, des diaminotoluènes et de la résorcine. Peut provoquer une réaction allergique. Eviter le contact du produit avec les yeux. Rincer immédiatement les yeux si le produit entre en contact avec ceux-ci. Ne pas employer pour la coloration des cils et des sourcils. Bien rincer les cheveux après application. Porter des gants appropriés. Garder hors de la portée des enfants. Se conformer à la notice. Les colorants pour cheveux peuvent provoquer des réactions allergiques qui peuvent être graves dans de rares cas. Les tatouages peuvent accroître le risque d'allergie à ce produit. Effectuez un test de sensibilité de la peau 48 heures avant l'utilisation de cette coloration, même si vous avez déjà utilisé des produits de coloration avant. Ainsi il est préférable d'acheter le produit 48 heures à l'avance. A ne pas utiliser si : vous avez déjà eu une réaction à des produits de coloration, votre cuir chevelu est sensible, irrité ou s'il présente des lésions. Dans ces cas-là, consultez un médecin avant d'utiliser tout produit colorant. Ce produit n'est pas destiné à être utilisé sur des enfants. || Emulsion révélatrice : aqua, hydrogen peroxide, acrylates copolymer, etidronic acid, sodium laureth sulfate, 2.6-dicarboxypyridine, disodium pyrophosphate, dimethicone. Gel-soin colorant : aqua, ethanolamine, coconut alcohol, laureth-2, oleic acid, propylene glycol, arginine, ceteareth-50, sodium laureth sulfate, isopropyl myristate, ascorbic acid, sodium sulfite, sodium silicate, etidronic acid, hydrolyzed keratin, panax ginseng, limonene, linalool, parfum (+/- toluene-2.5-diamine sulfate, 4-amino-m-cresol, hydroxyethyl-p-phenylenediamine sulfate, 1.3-bis-(2.4-diaminophenoxy) propane hcl, 2.7-naphthalenediol, 1.5-naphthalenediol, resorcinol, 4-chlororesorcinol, 2-methylresorcinol, m-aminophenol, 4-amino-2-hydroxytoluene, 2.4-diaminophenoxyethanol hcl, 5-amino-6-chloro-o-cresol 6-methoxy-2-methylamino-3-amino pyridine hcl, 2-amino-3-hydroxypyridine). Contient de l'eau oxygénée, des diaminotoluènes et de la résorcine. || 
12,97€ / Pce || 
12,97 € || 
########
########
Hydra Energetic Bille Glacée Yeux || Le tube de 10ml || Origine : FRANCE || Réveil difficile, regard embrumé ? Chaque matin, en 1 seul geste, un soin-bille pour un effet 'bonne nuit de sommeil'.Association d'une bille glacée et d'une formule à l'efficacité prouvée sur les cernes et les poches ! Poches dégonflées. Cernes éclaircis. || Aqua/water, butylene glycol, glycerin, mentha piperita extract/peppermint leaf extract, C13-14 isoparaffin, caffeine, escin, sodium hyaluronate, sodium hydroxide, palmitoyl oligopeptide, palmitoyl tetrapeptide-7, aluminum hydroxide, guanosine, ascorbyl glucoside, hydroxyproline, laureth-7, biosaccharide gum-1, xanthan gum, panthenol, n-hydroxysuccinamide, polyacrylamide, chrysin, phenoxyethanol, caprylyl glycol, mica (B36479/1). || 6 mois après ouverture. || 
1088,00€ / L || 
10,88 € || 
########
########
Hydra Energetic X Gel Nettoyant Charbon || Le tube de 150ml || Origine : ALLEMAGNE || La formule agit comme un aimant sur la peau pour capturer & éliminer toutes les impuretés et combattre les problèmes causés par les agressions urbaines : points noirs, peau, pores dilatés etc || Appliquer une noix de gel sur l'ensemble du visage humidifié, faire mousser en se concentrant sur le front, le nez et le menton. Rincer abondamment. Utiliser tous les jours pour une peau parfaitement nettoyée. Eviter le contour des yeux. En cas de contact avec les yeux, rincer immédiatement. || Aqua, glycerin, myristic acid, stearic acid, palmitic acid, potassium hydroxide, lauric acid, butylene glycol, sorbitol, glyceryl stearate se, peg-8, ascorbyl glucoside, charcoal, powder, CI 77499/iron oxides, citric acid, limonene, linalool, menthapiperita extract/peppermint leaf extract, methylisothiazolinone, moringa pterygosperma seed extract, polyglycerin-10, polyglyceryl-10 myristate, polyglyceryl-10 stearate, polyquaternium-4, salicylic acid, tetrasodium edta, parfum (fil C50508/1). || 12 mois après ouverture. || 
54,87€ / L || 
8,23 € || 
########
########
Hydra Sensitive Pot || Le pot de 50ml || Origine : FRANCE || Enrichie en agents protecteurs, la formule aide votre peau à combattre au quotidien les agressions extérieures comme le vent, le froid  Votre peau est apaisée et protégée pendant 24h. || Chaque matin et/ou soir, appliquer sur l'ensemble du visage en évitant le contour des yeux. || Aqua, butyrospermum parkii butter/shea butter, glycerin, dicaprylyl ether, aluminum starch octenylsuccinate, peg-40 stearate, cetyl alcohol, glyceryl stearate, acrylates/c10-30 alkyl acrylate crosspolymer, ammonium, polyacryldimethyltauramide/ammonium polyacryloyldimethyl taurate, camellia sinensis extract/camellia sinensis leaf extract, caprylyl glycol, limonene, linalool, menthol, methylparaben, panax ginseng extract/panax ginseng root extract, pentaerythrityl tetra-di-t-butyl hydroxyhydrocinnamate, phenoxyethanol, propylene glycol, sodium hydroxide, sorbitan tristearate, parfum (FIL B52107/1). || 
183,20€ / L || 
9,16 € || 
########
Pur & Mat Gel Désincrustant || Le tube de 150ml || Origine : FRANCE || Action 1 : désincruste les pores encrassés. Action 2 : renforce la résistance naturelle de la peau. Résultat : moins d'irritations, moins de tiraillements, plus de confort. || Appliquer le gel désincrustant sur le visage humidifié, masser, puis rincer. Utiliser matin ou soir pour une peau saine et fraîche. Eviter le contour des yeux. || Aqua/water, glycerin, tea-lauryl sulfate, polyethylene, PEG-60 hydrogenated castor oil, acrylates/steareth-20 methacrylate copolymer, lithium magnesium sodium silicate, triethanolamine, coco-glucoside, decyl glucoside, sodium lauroyl oat amino acids,sodium diatomeae/diatomaceous earth, mentha piperita extract/peppermint leaf extract, benzophenone-4, disodium EDTA, alcohol, sodium lauryl sulfate, alumina, DMDM hydantoin, sodium methylparaben, methylparaben, phenoxyethanol, Cl42090/blue 1 lake, parfum/fragrance, limonene (B27095/1). || 12 mois après ouverture. || 
51,40€ / L || 
7,71 € || 
########
Pure Power Gel Ultra-Désincrustant || Le tube de 150ml || Origine : FRANCE || Il élimine l'excès de sébum, les impuretés et les cellules mortes pour laisser les pores à nouveau respirer. Après 4 semaines d'utilisation, -100% de pores obstrués. La 1ère gamme des soins anti-imperfections 100% développée pour les hommes || Appliquer une noix de gel sur l'ensemble du visage humidifié et masser légèrement pour faire mousser. Insister sur le front, le nez et le menton. Rincer abondamment. Utiliser tous les jours pour une peau parfaitement nettoyée. Eviter le contour des yeux. En cas de contact avec les yeux, rincer immédiatement. || Aqua/water, glycerin, cetyl alcohol, stearic acid, peg-7 glyceryl cocoate, sodium laureth sulfate, palmitic acid, steareth-21, polyethylene, salicylic acid, coco-betaine, stearyl alcohol, ccaccinium myrtillus fruit extract, zinc gluconate, sodium chloride, sodium hydroxide, myristic acid, myristyl alcohol, ammonium polyacryloyldimethyl taurate, propylene glycol copper pca, capryloyl salicylic acid, trisodium ethylenediamine disuccinate, synthetic wax, menthol, polysorbate 60, CI42090/blue 1 lake, CI47005/acid yellow 3, CI77007/ultramarines, linalool, limonene, butylphenyl methylpropional, parfum/fragrance (F.I.L. B158841/4). || 12 mois après ouverture. || 
46,60€ / L || 
6,99 € || 
Soin hydratant anti fatigue 24h || Le flacon pompe de 50ml || Origine : POLOGNE || 
109,73€ / L || 
8,23 € || 
########
########
########
Vita Lift Force Sérum || Le flacon de 50ml || Origine : FRANCE || Ce fluide tenseur pénètre rapidement dans la peau. Après quelques secondes, la peau est lissée et retendue sans effet gras. Hydrate la peau pendant 24h. Appliqué après le rasage, il calme le feu du rasage. Ne graisse pas, ne colle pas et pénètre rapidement. || Appliquez matin et soir, sur la peau nettoyée du visage et du cou. || Aqua, alcohol denat, hydroxyethylpiperazine ethane sulfonic acid, glycerin, polyurethane-2, dimethicone, mentha piperita extract/peppermint leaf extract, sodium hydroxide, manilkara multinervis leaf extract, adenosine, poloxamer 338, ammonium polyacryldimethyltauramide/ammonium, polyacryloyldimethyl taurate hydroxypropyl guar, capryloyl salicylate acid, trisodium ethylenediamine disuccinate, maltodextrin, ethyl menthane carboxamide, polymethyl methacrylate, sodium dehydroacetate, phenoxyethanol,linalool, limonene, parfum (FIL B53417/1). || 
360,60€ / L || 
18,03 € || 
########
Baume après-rasage hydratant, sans effet gras, apaise & répare || La boîte de 100ml || Origine : FRANCE || Sa formule douce et non grasse contient des agents hydratants, de la vitamine E et de la Provitamine B5 pour : soulager la peau des tiraillements.Procurer une hydratation intense pour toute la journée. Apaiser et réparer la peau. || Appliquez généreusement sur la zone fraîchement rasée. Pour un rasage optimal, utilisez le gel ou la mousse à raser Hydratante de Nivea For Men. Testé dermatologiquement. || Valeur énergétique en Joules :  0 || Valeur énergétique en Kcal : 0 || Glucides : 0 || Lipides : 0 || Protides :0 || Aqua, alcohol denat, glycerin, cyclomethicone, distarch phosphate, panthenol, parfum, tocopheryl acetate, bisabolol, triceteareth-4 phosphate, sodium carbomer, tetrasodium iminodisuccinate, farnesol, linalool, limonene. || 12 mois après ouverture. || 
74,10€ / L || 
7,41 € || 
########
########
Gel gommage exfoliant || Le tube de 75ml || Origine : FRANCE || Sa formule moussante contient des micro-grains de gommage, de la vitamine E et des minéraux pour : nettoyer en profondeur, désincruster les pores et déloger points noirs et impuretés, exfolier la peau et éliminer les cellules mortes, laisser un effetpeau neuve. || A utiliser 3 à 4 fois par semaine, spécialement avant le rasage. || Aqua, polyethylene, cocamidopropyl betaine, sodium myreth sulfate, sodium acrylates copolymer, PEG-200 hydrogenated glyceryl palmate, decyl glucoside, menthol, alcohol denat, PEG-40 hydrogenated castor oil, lactose, magnesium chloride, tocopheryl acetate, polyquaternium-10, benzophenone-4, cellulose, hydroxypropyl methylcellulose, trisodium EDTA, phenoxyethanol, methylparaben, propylparaben, parfum, Cl77007. || A utiliser dans les 12 mois après ouverture. || 
85,87€ / L || 
6,44 € || 
########
########
########
########
########
########
########
########
########
########
########
########
########
########
########
########
Lingettes optiques || La boîte de 30 lingettes || Origine : FRANCE || Les lingettes optiques Monoprix sont parfaites pour nettoyer et dégraisser vos lunettes. Elles conviennent à tous les types de verre y compris organiques. || Essuyer les lunettes en faisant des mouvements circulaires sur les deux faces de verre. Laisser évaporer. Ne pas utiliser sur des lentilles de contact. En cas de doute, faire un essai sur une petite partie non visible de la surface à nettoyer. Inflammable. Conserver hors de la portée des enfants. En cas de contact avec les yeux, laver immédiatement et abondamment avec de l'eau et consulter un spécialiste. En cas d'ingestion, consulter immédiatement un médecin et lui montrer l'emballage ou l'étiquette. || 
0,07€ / Pce || 
2,12 € || 
########
Mouchoirs quadruple épaisseur, ultra confort douceur & résistance || La boîte de 80 mouchoirs || Origine : ITALIE || 
0,02€ / Pce || 
1,55 € || 
########
########
########
Mouchoirs || Le pack de 2 boîtes de 72 mouchoirs || Origine : FRANCE || Les mouchoirs pour toute la famille, tous les jours !                     La gamme Kleenex® Original a été conçue pour vous proposer des mouchoirs très doux et très résistants à la fois.                                    Disponible en boîtes et en étuis (standard et mini). || 
0,02€ / Pce || 
2,29 € || 
########
########
########
########
########
Mouchoirs ultra blanc || La boite de 72 mouchoirs || Origine : FRANCE || Avec leur texture renforcée 4 épaisseurs, les nouveaux mouchoirs en boite Lotus Ultra sont 50% plus résistants que les mouchoirs en boite Lotus ordinaires. Ils ne risquent pas de se transpercer ou de se dédoubler et en plus ils sont très doux. Avec Lotus Ultra, un seul mouchoir peut suffire ! || 
0,03€ / Pce || 
2,10 € || 
Mouchoir ultra doux, 4 épaisseurs, enrichis en fibres de coton || La boîte de 80 mouchoirs || Origine : FRANCE || Ultra douceur, enrichi en fibres de coton. Mouchoir après mouchoir, respecte parfaitement votre peau sensible. || 
0,03€ / Pce || 
2,05 € || 
########
########
########
########
Mouchoirs || Le paquet de 12 étuis || Origine : FRANCE || Protège et apaise votre nez en cas de rhume.                              Les mouchoirs Kleenex® Balsam sont enrichis d'un baume protecteur au Calendula, qui laisse un léger film sur la peau et protège ainsi le nez contre les rougeurs. Parfait pour l'hiver et la période de rhume des foins, il sait aussi apaiser les nez légèrement irrités.                              Disponible en boîtes et en étuis. || Paraffinum liquidum, ceresin, stearyl alcohol, isopropyl palmitate, dimethicone, calendula officinalis, ceteareth-20, tocopherol (vitamine E). || 18 mois après ouverture. || 
0,19€ / Pce || 
2,26 € || 
########
########
Mouchoirs en étui || Les 24 étuis de 9 mouchoirs || Origine : FRANCE || L'ultra douceur en toute confiance. || Ouate de cellulose pure pâte vierge. || 
0,14€ / Pce || 
3,27 € || 
########
########
########
########
########
########
########
########
########
########
########
########
########
Coton à démaquiller maxi ovales 100% coton || Le paquet de 40 cotons || Origine : PAYS-BAS || Les Maxi ovales Duo Monoprix permettent un démaquillage efficace et en douceur grâce à leur double face. || 100% coton. || Conserver dans un endroit propre et sec. || 
0,03€ / Pce || 
1,19 € || 
########
########
########
########
########
########
########
########
########
########
########
Disques à démaquiller duo+ || Le paquet de 108 disques || Origine : FRANCE || Texture nid d'abeille aux fils de coton. Nouvelle douceur.80% d'efficacité en 1 seul geste. || 100% fibres de coton, naturelles et biodégradables. || 
0,02€ / Pce || 
2,44 € || 
Disques à démaquiller ovales original duo || Le paquet de 70 disques || Origine : FRANCE || Doux et efficace. || 100% fibres de coton. || 
0,04€ / Pce || 
2,57 € || 
########
########
########
########
########
########
########
########
########
Papier toilette 100% fibres recyclées || Le paquet de 6 rouleaux || Origine : FRANCE || Monoprix Vert propose des produits à base de matières premières recyclées qui contribuent à la fois au respect de l'homme et de l'environnement tout au long de leur cycle de vie. L'incorporation de fibres recyclées lors de la fabrication des papierstoilette Monoprix Vert donne une seconde vie au papier usagé et limite la consommation de matières premières vierges et d'énergie. || Convient pour fosses septiques et broyeurs. || 100% fibres recyclées. || 
0,32€ / Pce || 
1,94 € || 
########
########
########
########
########
########
Papier toilette aquatube blanc ou bleu selon arrivage || Le paquet de 6 rouleaux || Origine : FRANCE || 
0,58€ / Pce || 
3,45 € || 
########
########
Papier toilette blanc aquatube XXL || Le paquet de 6 || Origine : FRANCE || 
0,69€ / Pce || 
4,13 € || 
Papier toilette decoré || Les 6 rouleaux || Origine : FRANCE || Existe également en rose. Couleur aléatoire, livrée selon disponibilité. || 
0,52€ / Pce || 
3,09 € || 
########
########
########
########
########
########
Alcool modifié 70% vol. pour nettoyer et désinfecter || Le flacon de 200ml || Origine : FRANCE || Désinfection des ciseaux, thermomètre, etc. Verser l'alcool sur une compresse Mercurochrome puis la passer sur la totalité du dispositif médical.  Ne pas avaler. Eviter le contact avec les yeux. Rincer abondamment si contact. Ne pas laisser à la portée des enfants. Usage externe. || Alcool pur 70%, camphre, colorant E102, eau purifiée. || 
13,05€ / L || 
2,61 € || 
########
########
########
########
########
########
Antiseptique, bandes pansements 1m x 6cm || Le blister de 10 bandes || Origine : FRANCE || Contient un ingrédient actif (digluconate de chlorhexidine) qui réduit le risque d'infection. Hermétique à l'eau et à la poussière. Laisse respirer la peau. Pouvoir adhésif élevé. || Ne pas utiliser dans le cas d'allergie au digluconate de chlorhexidine. Ne pas utiliser sur des plaies profondes ou des brûlures. || A conserver dans un endroit frais et sec. || 
0,37€ / Pce || 
3,66 € || 
########
########
########
########
########
########
Pansements genou & coude extensible                              Large pour une meilleure protection || La boîte de 10 || Origine : FRANCE || 
0,32€ / Pce || 
3,24 € || 
########
########
########
########
Waterproof, pansement, extra resistant,fort pouvoir adhésif. || La boîte de 8 bandes || Origine : FRANCE || Hansaplast Extra Résistant Waterproof vous offre une protection durable dans toutes les situations de la vie quotidienne. Résiste à l'eau. Cette bande est composée de 3 parties : Tissu extra résistant : sèche rapidement. Membrane imperméable : laisserespirer la peau et garde la plaie dans un milieu sec. Fort pouvoir adhésif : ne laisse pas de traces. || 
0,49€ / Pce || 
3,90 € || 
########
########
########
########
########
########
########
Pansements Hello Kitty, résiste à l'eau, ne colle pas à la plaie,hypoallergénique || Le paquet de 12 || Origine : FRANCE || Résistant à l'eau. Ne colle pas à la plaie. Hypoallergénique. Inspirés de l'univers attendrissant d'Hello Kitty, ces pansements vous font oublier les petits bobos du quotidien.La technologie Mercurochrome vous permet de bénéficier à la fois de pansements de qualité et de dessins amusants à l'effigie de votre personnage préféré. || Nettoyer soigneusement la partie à protéger et son pourtour. Sortir le pansement de son emballage et ôter les ailettes de protection. Appliquer la compresse centrale sur la partie à protéger. Bien faire adhérer le pansements sur les 4 côtés. Renouveler aussi souvent que nécessaire et au moins une fois par jour. Usage unique. || A base de PE (polyéthylène). || 
0,39€ / Pce || 
4,69 € || 
########
########
Pansements tissu, protection optimale, hypoallerg{nique confortable, r{sistant ultra-extensible. || La boite de 40 pansements tissu || Origine : FRANCE || Ultra-extensible et confortable. Résistant. Hypoallergénique.Grâce à leur texture textile élastique naturellement aérée, les pansements tissu des laboratoires mercurochrome sont ultra-extensibles ce qui leur permet de s'adapter à toutes les zones à protéger et de suivre tous les mouvements. Ainsi les pansements sont confortables à porter. Les pansements tissu sont composés de coton et de polyamide ce qui leur permet une haute résistance tout au long de la journée. || Pour pouvoir s'adapter au mieux à vos besoins, les pansements tissu existent en trois tailles différentes : 12 petits, 18 moyens et 10 grands. Nettoyer soigneusement la partie à protéger et son pourtour. Sortir le pansement de son emballage et ôter les ailettes de protection. Appliquer la compresse centrale sur la partie bien sèche à protéger en évitant de toucher la compresse. Bien faire adhérer le pansement sur les 4 côtés. Renouveler aussi souvent que nécessaire et au moins une fois par jour.Usage unique. || Compresse centrale imprégnée à 0.15% en masse de chlorure de cetyl pyridinium. || 
0,14€ / Pce || 
5,76 € || 
########
########
########
Bande universal, résistant à l'eau, pouvoir adhésif élevé. || La boîte bande de 1mx6cm || Origine : FRANCE || Une protection qui résiste à l'eau pour les petites blessures quotidiennes telles que les égratignures, coupures et éraflures. || Nettoyer et sécher délicatement la peau. Appliquer sans étirer. || A conserver dans un endroit frais et sec. || 
3,76€ / Pce || 
3,76 € || 
########
########
########
########
########
########
########
########
########
########
Pansements ampoules, protection 2 formats, compresse non adhérente, résistant à l'eau, hypoallergénique, x10 || La boîte de 10 protections || Origine : FRANCE || Les pansements Ampoules des Laboratoires Mercurochrome s'utilise en prévention (pour éviter l'apparition de l'ampoule) et en protection (pour atténuer les frottements si l'ampoule existe déjà). Protège des frottements : conçu à partir d'une mousse triple-épaisseur composée de milliers de petites bulles, le pansement Ampoules agit comme un coussin de protection contre les frottements et les coups. Compresse non-adhérente : la compresse est très absorbante et recouverte d'un film protecteur : ellene colle pas à l'ampoule. Résistant à l'eau : le pansement ampoules est résistant à l'eau et imperméable aux impuretés. Il ne se décolle pas, même mouillé. Hypoallergénique : le pansement Ampoules a été conçu et testé pour minimiser les risques d'allergies. || 
0,59€ / Pce || 
5,92 € || 
########
########
########
3 en 1 traitement ongles perfect, ongles jaunis & décolorés, provitamine B5 + urée || Le blister de 10ml || Origine : FRANCE || Il a été cliniquement prouvé que le Traitement Ongles Perfect de Scholl est un moyen sûr et facile à utiliser pour soigner, renforcer et embellir les ongles décolorés par le vernis ou les ongles épaissis. Peut être utilisé comme base pour le vernis àongles et empêche le vernis de tacher les ongles. L'épaississement, le jaunissement ou la décoloration des ongles peuvent être provoqués par une mycose, ce que le produit ne pourra pas traiter. Si ce produit n'améliore pas l'apparence de vos onglesdans un délai de 4 semaines, consultez votre médecin. || Enlever toute trace de vernis à ongles avant de commencer le traitement. Etape 1 : frotter doucement la lime sur les parties épaissies/décolorées de l'ongle, en procédant par mouvements circulaires jusqu'à ce que la majorité de la partie décolorée oujaunie ait disparu. Pour les traitements suivants, ne pas utiliser la lime de façon trop intensive. Etape 2 : appliquer ensuite le gel sur l'ongle en utilisant l'applicateur éponge. Laisser sécher complètement (environ 2min.) avant de passer à l'étape 3. Etape 3 : appliquer le vernis. Laisser sécher, puis appliquer une seconde couche ou un vernis à ongles coloré. Rincer la lime sous l'eau froide pour la nettoyer et la garder en parfait état. Permet jusqu'à 150 applications. Utiliser une fois par semaine pour réduire de façon significative la décoloration. Par la suite pour garder des ongles sains, utiliser le traitement aussi souvent que nécessaire. Éviter d'utiliser la lime de façon trop intensive.  Pour usage externe uniquement. Tenir hors de portée des enfants. Eviter le contact avec les yeux. Ne pas inhaler ou absorber. Inflammable. Ne pas exposer à une source incandescente. Ne pas utiliser sur une peau irritée ou crevassé. || Gel : aqua, alcohol denat, urea, sodium citrate, panthenol, hydroxyethylcellulose, PEG-40 hydrogenated castor oil, citric acid, benzalkonium chloride. Vernis : ethyl acetate, butyl acétate, alcohol denat., acrylates copolymer, cellulose acetate butyrate, adipic acid/neopentyl glycol/trimellitic anhydride copolymer, triphenyl phosphate, trimethyl pentanyl diisobutyrate, benzophenone-1, etocrylene, bis(t-butyl benzoxazolyl), thiophene, Cl60725. || A utiliser dans les 6 mois après ouverture. || 
292,17€ / Kg || 
13,44 € || 
########
########
Crème nourrissante pieds & ongles, pieds secs, provitamine B5 + allantoïne || Le tube de 75ml || Origine : FRANCE || Il a été cliniquement prouvé que la crème nourrissante Pieds et Ongles de Scholl adoucit et hydrate la peau sèche et épaisse des pieds et embellit les ongles des pieds. Prévient l'apparition des callosités, prévient le desséchement et l'apparition decrevasses. || Ce produit convient aux personnes diabétiques et/ou souffrant de troubles circulatoires veineux. Appliquer régulièrement matin et soir sur des pieds propres et secs. Masser doucement jusqu'à absorption complète en insistant sur les talons. Pour usageexterne uniquement. Tenir hors de portée des enfants. Ne pas appliquer sur des plaies ouvertes ou des crevasses infectées. Cesser l'utilisation en cas d'irritation. Eviter le contact avec les yeux. || Aqua, glycerin, paraffinum liquidum, urea, cyclopentasiloxane, polyglyceryl-3 methylglucose distearate, glyceryl stearate, myristyl alcohol, panthenol, dimethicone, paraffin, phenoxyethanol, parfum, methylparaben, allantoin, bisabolol, tocopheryl acetate, ethylparaben, butylparaben, propylparaben. || 12 mois après ouverture. Conserver à une température inférieure à 25°C. || 
79,47€ / L || 
5,96 € || 
########
########
########
########
Déo control, poudre très absorbante pieds & chaussures, triple action, efficacité 24H || Le flacon de 75g || Origine : FRANCE || Poudre déodorante pour pieds et chaussures. || Ne convient pas aux enfants de moins de 3 ans. Saupoudrer généreusement l'intérieur de la chaussure et l'ensemble du pied. Insister sur la plante des pieds et entre les orteils, là où les pieds transpirent le plus. Idéal pour les pieds nus dans les chaussures. Evite les frottements et l'échauffement des pieds. Conserver hors de la portée des enfants. Pour usage externe seulement. Peut causer une irritation en cas de contact avec les yeux. Peut causer une irritation sévère, des effets systémiques, ou encore des dommages du système respiratoire en cas d'inhalation. Peut causer une irritation en cas d'ingestion. || Talc, aluminium chlorohydrate, starch/acrylates/acrylamide copolymer, silica, parfum, butylphenyl methylpropional, citronellol, coumarin, hexyl cinnamal, hydroxyisohexyl 3-cyclohexene carboxaldehyde, limonene, linalool || Stocker au frais et au sec, dans son emballage dorigine, hors gel. || 
91,87€ / L || 
6,89 € || 
########
########
########
########
########
########
########
########
########
########
########
########
########
########
########
########
########
########
########
########
########
########
########
########
########
########
########
########
########
########
########
########
########
########
########
########
########
########
########
########
########
########
########
########
########
########
########
########
########
########
########
########
########
########
########
########
########
########
########
########
########
########
########
########
########
########
########
########
########
########
########
########
########
########
########
########
########
########
########
########
########
########
########
########
########
########
########
########
########
########
########
########
########
########
########
########
########
########
########
########
########
########
########
########
########
########
########
########
########
########
########
########
########
########
########
########
########
########
########
########
########
########
########
########
########
########
########
########
########
########
########
########
########
########
########
########
########
########
########
########
########
########
########
########
########
########
########
########
########
########
########
########
########
########
########
########
########
########
########
########
########
########
########
########
########
########
########
########
########
########
########
########
########
########
########
########
########
########
########
########
########
########
########
########
########
########
########
########
########
########
########
########
########
########
########
########
########
########
########
########
########
########
########
